<?xml version="1.0" encoding="UTF-8"?>
<root><XmlDocVersion/><ChainId/><SubChainId>1</SubChainId><StoreId>4</StoreId><BikoretNo>5</BikoretNo><Items><item><PriceUpdateDate>2016-05-26 07:17:02</PriceUpdateDate><ItemCode>1038</ItemCode><ItemType>3</ItemType><ItemName>אגס לבן</ItemName><ManufacturerName>.N.Y.C</ManufacturerName><ManufactureCountry>ישראל</ManufactureCountry><ManufacturerItemDescription>אגס לבן</ManufacturerItemDescription><SoldByWeight/><Quantity>1.00</Quantity><UnitOfMeasure>ק"ג</UnitOfMeasure><QtyInPackage>לא ידוע</QtyInPackage><UnitOfMeasurePrice>12.9000</UnitOfMeasurePrice><AllowDiscount>1</AllowDiscount><ItemStatus>1</ItemStatus><ItemPrice>12.90</ItemPrice></item><item><PriceUpdateDate>2016-07-19 14:02:22</PriceUpdateDate><ItemCode>1083</ItemCode><ItemType>3</ItemType><ItemName>אפרסקים</ItemName><ManufacturerName>B.B.B</ManufacturerName><ManufactureCountry>ישראל</ManufactureCountry><ManufacturerItemDescription>אפרסקים</ManufacturerItemDescription><SoldByWeight/><Quantity>1.00</Quantity><UnitOfMeasure>ק"ג</UnitOfMeasure><QtyInPackage>לא ידוע</QtyInPackage><UnitOfMeasurePrice>12.9000</UnitOfMeasurePrice><AllowDiscount>1</AllowDiscount><ItemStatus>1</ItemStatus><ItemPrice>12.90</ItemPrice></item><item><PriceUpdateDate>2016-08-08 16:10:46</PriceUpdateDate><ItemCode>1090</ItemCode><ItemType>3</ItemType><ItemName>נקטרינה</ItemName><ManufacturerName>B.B.B</ManufacturerName><ManufactureCountry>ישראל</ManufactureCountry><ManufacturerItemDescription>נקטרינה</ManufacturerItemDescription><SoldByWeight/><Quantity>1.00</Quantity><UnitOfMeasure>ק"ג</UnitOfMeasure><QtyInPackage>לא ידוע</QtyInPackage><UnitOfMeasurePrice>12.9000</UnitOfMeasurePrice><AllowDiscount>1</AllowDiscount><ItemStatus>1</ItemStatus><ItemPrice>12.90</ItemPrice></item><item><PriceUpdateDate>2016-05-03 06:37:51</PriceUpdateDate><ItemCode>1113</ItemCode><ItemType>3</ItemType><ItemName>אשכולית לבנה</ItemName><ManufacturerName>לא ידוע</ManufacturerName><ManufactureCountry>ישראל</ManufactureCountry><ManufacturerItemDescription>אשכולית לבנה</ManufacturerItemDescription><SoldByWeight/><Quantity>1.00</Quantity><UnitOfMeasure>ק"ג</UnitOfMeasure><QtyInPackage>לא ידוע</QtyInPackage><UnitOfMeasurePrice>5.9000</UnitOfMeasurePrice><AllowDiscount>1</AllowDiscount><ItemStatus>1</ItemStatus><ItemPrice>5.90</ItemPrice></item><item><PriceUpdateDate>2016-08-02 09:29:21</PriceUpdateDate><ItemCode>11182170320</ItemCode><ItemType>1</ItemType><ItemName>קינג קול שעועית פינט</ItemName><ManufacturerName>לא ממותג</ManufacturerName><ManufactureCountry>ישראל</ManufactureCountry><ManufacturerItemDescription>קינג קול שעועית פינט</ManufacturerItemDescription><SoldByWeight/><Quantity>454.00</Quantity><UnitOfMeasure>גרם     </UnitOfMeasure><QtyInPackage>לא ידוע</QtyInPackage><UnitOfMeasurePrice>0.0216</UnitOfMeasurePrice><AllowDiscount>1</AllowDiscount><ItemStatus>1</ItemStatus><ItemPrice>9.80</ItemPrice></item><item><PriceUpdateDate>2016-08-02 09:29:21</PriceUpdateDate><ItemCode>11182700954</ItemCode><ItemType>1</ItemType><ItemName>שעועית שחורה 439 גרם</ItemName><ManufacturerName>קינג קול</ManufacturerName><ManufactureCountry>ישראל</ManufactureCountry><ManufacturerItemDescription>שעועית שחורה 439 גרם</ManufacturerItemDescription><SoldByWeight/><Quantity>439.00</Quantity><UnitOfMeasure>גרם     </UnitOfMeasure><QtyInPackage>לא ידוע</QtyInPackage><UnitOfMeasurePrice>0.0223</UnitOfMeasurePrice><AllowDiscount>1</AllowDiscount><ItemStatus>1</ItemStatus><ItemPrice>9.80</ItemPrice></item><item><PriceUpdateDate>2016-07-27 06:42:39</PriceUpdateDate><ItemCode>1120</ItemCode><ItemType>3</ItemType><ItemName>בננות</ItemName><ManufacturerName>B.B.B</ManufacturerName><ManufactureCountry>ישראל</ManufactureCountry><ManufacturerItemDescription>בננות</ManufacturerItemDescription><SoldByWeight/><Quantity>1.00</Quantity><UnitOfMeasure>ק"ג</UnitOfMeasure><QtyInPackage>לא ידוע</QtyInPackage><UnitOfMeasurePrice>11.9000</UnitOfMeasurePrice><AllowDiscount>1</AllowDiscount><ItemStatus>1</ItemStatus><ItemPrice>11.90</ItemPrice></item><item><PriceUpdateDate>2016-08-02 09:29:21</PriceUpdateDate><ItemCode>11210000094</ItemCode><ItemType>1</ItemType><ItemName>רוטב טבסקו אדום 60 מ</ItemName><ManufacturerName>נתן צבי</ManufacturerName><ManufactureCountry>ארצות הברית</ManufactureCountry><ManufacturerItemDescription>מנטוס ענבים      37.5 גר</ManufacturerItemDescription><SoldByWeight/><Quantity>60.00</Quantity><UnitOfMeasure>מ"ל</UnitOfMeasure><QtyInPackage>לא ידוע</QtyInPackage><UnitOfMeasurePrice>0.2417</UnitOfMeasurePrice><AllowDiscount>1</AllowDiscount><ItemStatus>1</ItemStatus><ItemPrice>14.50</ItemPrice></item><item><PriceUpdateDate>2016-08-11 06:39:21</PriceUpdateDate><ItemCode>1168</ItemCode><ItemType>3</ItemType><ItemName>לימון מובחר</ItemName><ManufacturerName>.N.Y.C</ManufacturerName><ManufactureCountry>ישראל</ManufactureCountry><ManufacturerItemDescription>לימון מובחר</ManufacturerItemDescription><SoldByWeight/><Quantity>1.00</Quantity><UnitOfMeasure>ק"ג</UnitOfMeasure><QtyInPackage>לא ידוע</QtyInPackage><UnitOfMeasurePrice>12.9000</UnitOfMeasurePrice><AllowDiscount>1</AllowDiscount><ItemStatus>1</ItemStatus><ItemPrice>12.90</ItemPrice></item><item><PriceUpdateDate>2016-07-22 06:45:45</PriceUpdateDate><ItemCode>1182</ItemCode><ItemType>3</ItemType><ItemName>מלון</ItemName><ManufacturerName>לא ידוע</ManufacturerName><ManufactureCountry>ישראל</ManufactureCountry><ManufacturerItemDescription>מלון</ManufacturerItemDescription><SoldByWeight/><Quantity>1.00</Quantity><UnitOfMeasure>ק"ג</UnitOfMeasure><QtyInPackage>לא ידוע</QtyInPackage><UnitOfMeasurePrice>8.9000</UnitOfMeasurePrice><AllowDiscount>1</AllowDiscount><ItemStatus>1</ItemStatus><ItemPrice>8.90</ItemPrice></item><item><PriceUpdateDate>2016-06-29 07:09:01</PriceUpdateDate><ItemCode>1199</ItemCode><ItemType>3</ItemType><ItemName>מנגו שלי מובחר</ItemName><ManufacturerName>B.B.B</ManufacturerName><ManufactureCountry>ישראל</ManufactureCountry><ManufacturerItemDescription>מנגו שלי מובחר</ManufacturerItemDescription><SoldByWeight/><Quantity>1.00</Quantity><UnitOfMeasure>ק"ג</UnitOfMeasure><QtyInPackage>לא ידוע</QtyInPackage><UnitOfMeasurePrice>13.9000</UnitOfMeasurePrice><AllowDiscount>1</AllowDiscount><ItemStatus>1</ItemStatus><ItemPrice>13.90</ItemPrice></item><item><PriceUpdateDate>2016-08-08 16:10:46</PriceUpdateDate><ItemCode>1243</ItemCode><ItemType>3</ItemType><ItemName>ענבים שחורים</ItemName><ManufacturerName>.N.Y.C</ManufacturerName><ManufactureCountry>ישראל</ManufactureCountry><ManufacturerItemDescription>ענבים שחורים</ManufacturerItemDescription><SoldByWeight/><Quantity>1.00</Quantity><UnitOfMeasure>ק"ג</UnitOfMeasure><QtyInPackage>לא ידוע</QtyInPackage><UnitOfMeasurePrice>15.9000</UnitOfMeasurePrice><AllowDiscount>1</AllowDiscount><ItemStatus>1</ItemStatus><ItemPrice>15.90</ItemPrice></item><item><PriceUpdateDate>2016-07-18 13:37:58</PriceUpdateDate><ItemCode>1250</ItemCode><ItemType>3</ItemType><ItemName>אבטיח</ItemName><ManufacturerName>B.B.B</ManufacturerName><ManufactureCountry>ישראל</ManufactureCountry><ManufacturerItemDescription>אבטיח</ManufacturerItemDescription><SoldByWeight/><Quantity>1.00</Quantity><UnitOfMeasure>ק"ג</UnitOfMeasure><QtyInPackage>לא ידוע</QtyInPackage><UnitOfMeasurePrice>4.5000</UnitOfMeasurePrice><AllowDiscount>1</AllowDiscount><ItemStatus>1</ItemStatus><ItemPrice>4.50</ItemPrice></item><item><PriceUpdateDate>2016-05-31 06:14:54</PriceUpdateDate><ItemCode>13495113506</ItemCode><ItemType>1</ItemType><ItemName>חטיף קליק ביסקויט 75</ItemName><ManufacturerName>קליק ורד הגליל</ManufacturerName><ManufactureCountry>ישראל</ManufactureCountry><ManufacturerItemDescription>קליק ביסקוויט 75 גר</ManufacturerItemDescription><SoldByWeight/><Quantity>75.00</Quantity><UnitOfMeasure>גרם     </UnitOfMeasure><QtyInPackage>לא ידוע</QtyInPackage><UnitOfMeasurePrice>0.0720</UnitOfMeasurePrice><AllowDiscount>1</AllowDiscount><ItemStatus>1</ItemStatus><ItemPrice>5.40</ItemPrice></item><item><PriceUpdateDate>2016-05-31 06:14:54</PriceUpdateDate><ItemCode>13495113513</ItemCode><ItemType>1</ItemType><ItemName>חטיף קליק כדורים 75</ItemName><ManufacturerName>קליק ורד הגליל</ManufacturerName><ManufactureCountry>ישראל</ManufactureCountry><ManufacturerItemDescription>קליק חלב 75 גר</ManufacturerItemDescription><SoldByWeight/><Quantity>75.00</Quantity><UnitOfMeasure>גרם     </UnitOfMeasure><QtyInPackage>לא ידוע</QtyInPackage><UnitOfMeasurePrice>0.0720</UnitOfMeasurePrice><AllowDiscount>1</AllowDiscount><ItemStatus>1</ItemStatus><ItemPrice>5.40</ItemPrice></item><item><PriceUpdateDate>2016-05-31 06:14:54</PriceUpdateDate><ItemCode>13495113520</ItemCode><ItemType>1</ItemType><ItemName>חטיף קליק קורנפלקס 7</ItemName><ManufacturerName>קליק ורד הגליל</ManufacturerName><ManufactureCountry>ישראל</ManufactureCountry><ManufacturerItemDescription>קליק קורנפלקס 75 גר</ManufacturerItemDescription><SoldByWeight/><Quantity>75.00</Quantity><UnitOfMeasure>גרם     </UnitOfMeasure><QtyInPackage>לא ידוע</QtyInPackage><UnitOfMeasurePrice>0.0720</UnitOfMeasurePrice><AllowDiscount>1</AllowDiscount><ItemStatus>1</ItemStatus><ItemPrice>5.40</ItemPrice></item><item><PriceUpdateDate>2016-05-31 06:14:55</PriceUpdateDate><ItemCode>13495113537</ItemCode><ItemType>1</ItemType><ItemName>חטיף קליק חום לבן 75</ItemName><ManufacturerName>קליק ורד הגליל</ManufacturerName><ManufactureCountry>ישראל</ManufactureCountry><ManufacturerItemDescription>קליק חום לבן 75 גרם</ManufacturerItemDescription><SoldByWeight/><Quantity>75.00</Quantity><UnitOfMeasure>גרם     </UnitOfMeasure><QtyInPackage>לא ידוע</QtyInPackage><UnitOfMeasurePrice>0.0720</UnitOfMeasurePrice><AllowDiscount>1</AllowDiscount><ItemStatus>1</ItemStatus><ItemPrice>5.40</ItemPrice></item><item><PriceUpdateDate>2016-05-31 06:14:55</PriceUpdateDate><ItemCode>13495113582</ItemCode><ItemType>1</ItemType><ItemName>חטיף קליק כריות 75 ג</ItemName><ManufacturerName>קליק ורד הגליל</ManufacturerName><ManufactureCountry>ישראל</ManufactureCountry><ManufacturerItemDescription>קליק כריות 75 גר</ManufacturerItemDescription><SoldByWeight/><Quantity>75.00</Quantity><UnitOfMeasure>גרם     </UnitOfMeasure><QtyInPackage>לא ידוע</QtyInPackage><UnitOfMeasurePrice>0.0720</UnitOfMeasurePrice><AllowDiscount>1</AllowDiscount><ItemStatus>1</ItemStatus><ItemPrice>5.40</ItemPrice></item><item><PriceUpdateDate>2015-01-27 10:35:55</PriceUpdateDate><ItemCode>1410</ItemCode><ItemType>3</ItemType><ItemName>תפוח גרנד סמיט</ItemName><ManufacturerName>לא ממותג</ManufacturerName><ManufactureCountry>ישראל</ManufactureCountry><ManufacturerItemDescription>תפוח גרנד סמיט</ManufacturerItemDescription><SoldByWeight/><Quantity>1.00</Quantity><UnitOfMeasure>ק"ג</UnitOfMeasure><QtyInPackage>לא ידוע</QtyInPackage><UnitOfMeasurePrice>9.9000</UnitOfMeasurePrice><AllowDiscount>1</AllowDiscount><ItemStatus>1</ItemStatus><ItemPrice>9.90</ItemPrice></item><item><PriceUpdateDate>2015-01-27 10:35:55</PriceUpdateDate><ItemCode>1427</ItemCode><ItemType>3</ItemType><ItemName>תפוח זהוב גדול</ItemName><ManufacturerName>לא ידוע</ManufacturerName><ManufactureCountry>ישראל</ManufactureCountry><ManufacturerItemDescription>תפוח זהוב גדול</ManufacturerItemDescription><SoldByWeight/><Quantity>1.00</Quantity><UnitOfMeasure>ק"ג</UnitOfMeasure><QtyInPackage>לא ידוע</QtyInPackage><UnitOfMeasurePrice>9.9000</UnitOfMeasurePrice><AllowDiscount>1</AllowDiscount><ItemStatus>1</ItemStatus><ItemPrice>9.90</ItemPrice></item><item><PriceUpdateDate>2016-05-26 07:17:02</PriceUpdateDate><ItemCode>1441</ItemCode><ItemType>3</ItemType><ItemName>תפוח חרמון</ItemName><ManufacturerName>לא ממותג</ManufacturerName><ManufactureCountry>ישראל</ManufactureCountry><ManufacturerItemDescription>תפוח חרמון</ManufacturerItemDescription><SoldByWeight/><Quantity>1.00</Quantity><UnitOfMeasure>ק"ג</UnitOfMeasure><QtyInPackage>לא ידוע</QtyInPackage><UnitOfMeasurePrice>13.9000</UnitOfMeasurePrice><AllowDiscount>1</AllowDiscount><ItemStatus>1</ItemStatus><ItemPrice>13.90</ItemPrice></item><item><PriceUpdateDate>2016-04-12 06:20:10</PriceUpdateDate><ItemCode>1533</ItemCode><ItemType>3</ItemType><ItemName>בצל יבש מובחר</ItemName><ManufacturerName>B.B.B</ManufacturerName><ManufactureCountry>ישראל</ManufactureCountry><ManufacturerItemDescription>בצל יבש מובחר</ManufacturerItemDescription><SoldByWeight/><Quantity>1.00</Quantity><UnitOfMeasure>ק"ג</UnitOfMeasure><QtyInPackage>לא ידוע</QtyInPackage><UnitOfMeasurePrice>4.9000</UnitOfMeasurePrice><AllowDiscount>1</AllowDiscount><ItemStatus>1</ItemStatus><ItemPrice>4.90</ItemPrice></item><item><PriceUpdateDate>2016-05-20 06:39:46</PriceUpdateDate><ItemCode>1540</ItemCode><ItemType>3</ItemType><ItemName>דלורית</ItemName><ManufacturerName>B.B.B</ManufacturerName><ManufactureCountry>ישראל</ManufactureCountry><ManufacturerItemDescription>דלורית</ManufacturerItemDescription><SoldByWeight/><Quantity>1.00</Quantity><UnitOfMeasure>ק"ג</UnitOfMeasure><QtyInPackage>לא ידוע</QtyInPackage><UnitOfMeasurePrice>6.9000</UnitOfMeasurePrice><AllowDiscount>1</AllowDiscount><ItemStatus>1</ItemStatus><ItemPrice>6.90</ItemPrice></item><item><PriceUpdateDate>2016-08-03 09:18:38</PriceUpdateDate><ItemCode>1557</ItemCode><ItemType>3</ItemType><ItemName>בטטה מובחרת</ItemName><ManufacturerName>B.B.B</ManufacturerName><ManufactureCountry>ישראל</ManufactureCountry><ManufacturerItemDescription>בטטה מובחרת</ManufacturerItemDescription><SoldByWeight/><Quantity>1.00</Quantity><UnitOfMeasure>ק"ג</UnitOfMeasure><QtyInPackage>לא ידוע</QtyInPackage><UnitOfMeasurePrice>12.9000</UnitOfMeasurePrice><AllowDiscount>1</AllowDiscount><ItemStatus>1</ItemStatus><ItemPrice>12.90</ItemPrice></item><item><PriceUpdateDate>2016-03-29 07:49:50</PriceUpdateDate><ItemCode>1571</ItemCode><ItemType>3</ItemType><ItemName>גזר ארוז</ItemName><ManufacturerName>B.B.B</ManufacturerName><ManufactureCountry>ישראל</ManufactureCountry><ManufacturerItemDescription>גזר ארוז</ManufacturerItemDescription><SoldByWeight/><Quantity>1.00</Quantity><UnitOfMeasure>ק"ג</UnitOfMeasure><QtyInPackage>לא ידוע</QtyInPackage><UnitOfMeasurePrice>4.9000</UnitOfMeasurePrice><AllowDiscount>1</AllowDiscount><ItemStatus>1</ItemStatus><ItemPrice>4.90</ItemPrice></item><item><PriceUpdateDate>2016-05-20 06:39:46</PriceUpdateDate><ItemCode>1595</ItemCode><ItemType>3</ItemType><ItemName>דלעת</ItemName><ManufacturerName>B.B.B</ManufacturerName><ManufactureCountry>ישראל</ManufactureCountry><ManufacturerItemDescription>דלעת</ManufacturerItemDescription><SoldByWeight/><Quantity>1.00</Quantity><UnitOfMeasure>ק"ג</UnitOfMeasure><QtyInPackage>לא ידוע</QtyInPackage><UnitOfMeasurePrice>9.9000</UnitOfMeasurePrice><AllowDiscount>1</AllowDiscount><ItemStatus>1</ItemStatus><ItemPrice>9.90</ItemPrice></item><item><PriceUpdateDate>2016-05-31 06:14:55</PriceUpdateDate><ItemCode>16000423534</ItemCode><ItemType>1</ItemType><ItemName>נייטשר וואלי קראנצ'י</ItemName><ManufacturerName>Nature Valley</ManufacturerName><ManufactureCountry>ארצות הברית</ManufactureCountry><ManufacturerItemDescription>רוטב ברביקיו    'ס 510 ג</ManufacturerItemDescription><SoldByWeight/><Quantity>175.00</Quantity><UnitOfMeasure>גרם     </UnitOfMeasure><QtyInPackage>לא ידוע</QtyInPackage><UnitOfMeasurePrice>0.0909</UnitOfMeasurePrice><AllowDiscount>1</AllowDiscount><ItemStatus>1</ItemStatus><ItemPrice>15.90</ItemPrice></item><item><PriceUpdateDate>2016-05-31 06:14:55</PriceUpdateDate><ItemCode>16000548404</ItemCode><ItemType>1</ItemType><ItemName>נייטשר וואלי קראנצ'י</ItemName><ManufacturerName>Nature Valley</ManufacturerName><ManufactureCountry>ספרד</ManufactureCountry><ManufacturerItemDescription>חמוציות במיץ רימונים 142</ManufacturerItemDescription><SoldByWeight/><Quantity>210.00</Quantity><UnitOfMeasure>גרם     </UnitOfMeasure><QtyInPackage>לא ידוע</QtyInPackage><UnitOfMeasurePrice>0.0757</UnitOfMeasurePrice><AllowDiscount>1</AllowDiscount><ItemStatus>1</ItemStatus><ItemPrice>15.90</ItemPrice></item><item><PriceUpdateDate>2016-08-09 15:56:44</PriceUpdateDate><ItemCode>1618</ItemCode><ItemType>3</ItemType><ItemName>חציל חממה מובחר</ItemName><ManufacturerName>B.B.B</ManufacturerName><ManufactureCountry>ישראל</ManufactureCountry><ManufacturerItemDescription>חציל חממה מובחר</ManufacturerItemDescription><SoldByWeight/><Quantity>1.00</Quantity><UnitOfMeasure>ק"ג</UnitOfMeasure><QtyInPackage>לא ידוע</QtyInPackage><UnitOfMeasurePrice>7.9000</UnitOfMeasurePrice><AllowDiscount>1</AllowDiscount><ItemStatus>1</ItemStatus><ItemPrice>7.90</ItemPrice></item><item><PriceUpdateDate>2016-08-11 06:38:53</PriceUpdateDate><ItemCode>1625</ItemCode><ItemType>3</ItemType><ItemName>כרובית</ItemName><ManufacturerName>B.B.B</ManufacturerName><ManufactureCountry>ישראל</ManufactureCountry><ManufacturerItemDescription>כרובית</ManufacturerItemDescription><SoldByWeight/><Quantity>1.00</Quantity><UnitOfMeasure>ק"ג</UnitOfMeasure><QtyInPackage>לא ידוע</QtyInPackage><UnitOfMeasurePrice>11.9000</UnitOfMeasurePrice><AllowDiscount>1</AllowDiscount><ItemStatus>1</ItemStatus><ItemPrice>11.90</ItemPrice></item><item><PriceUpdateDate>2016-01-14 06:54:41</PriceUpdateDate><ItemCode>1632</ItemCode><ItemType>3</ItemType><ItemName>כרוב לבן</ItemName><ManufacturerName>.N.Y.C</ManufacturerName><ManufactureCountry>ישראל</ManufactureCountry><ManufacturerItemDescription>כרוב לבן</ManufacturerItemDescription><SoldByWeight/><Quantity>1.00</Quantity><UnitOfMeasure>ק"ג</UnitOfMeasure><QtyInPackage>לא ידוע</QtyInPackage><UnitOfMeasurePrice>5.9000</UnitOfMeasurePrice><AllowDiscount>1</AllowDiscount><ItemStatus>1</ItemStatus><ItemPrice>5.90</ItemPrice></item><item><PriceUpdateDate>2016-07-12 08:21:46</PriceUpdateDate><ItemCode>1670</ItemCode><ItemType>3</ItemType><ItemName>לוף כרישה</ItemName><ManufacturerName>B.B.B</ManufacturerName><ManufactureCountry>ישראל</ManufactureCountry><ManufacturerItemDescription>לוף כרישה</ManufacturerItemDescription><SoldByWeight/><Quantity>1.00</Quantity><UnitOfMeasure>ק"ג</UnitOfMeasure><QtyInPackage>לא ידוע</QtyInPackage><UnitOfMeasurePrice>11.9000</UnitOfMeasurePrice><AllowDiscount>1</AllowDiscount><ItemStatus>1</ItemStatus><ItemPrice>11.90</ItemPrice></item><item><PriceUpdateDate>2016-08-02 09:29:03</PriceUpdateDate><ItemCode>167831</ItemCode><ItemType>3</ItemType><ItemName>רוגלך במאפית</ItemName><ManufacturerName>מאפה צרפתי</ManufacturerName><ManufactureCountry>ישראל</ManufactureCountry><ManufacturerItemDescription>רוגלך במאפית</ManufacturerItemDescription><SoldByWeight/><Quantity>1.00</Quantity><UnitOfMeasure>ק"ג</UnitOfMeasure><QtyInPackage>לא ידוע</QtyInPackage><UnitOfMeasurePrice>37.0000</UnitOfMeasurePrice><AllowDiscount>1</AllowDiscount><ItemStatus>1</ItemStatus><ItemPrice>37.00</ItemPrice></item><item><PriceUpdateDate>2016-05-01 10:27:46</PriceUpdateDate><ItemCode>167840</ItemCode><ItemType>3</ItemType><ItemName>קוראסון ביס</ItemName><ManufacturerName>מאפה צרפתי</ManufacturerName><ManufactureCountry>ישראל</ManufactureCountry><ManufacturerItemDescription>קוראסון ביס</ManufacturerItemDescription><SoldByWeight/><Quantity>1.00</Quantity><UnitOfMeasure>ק"ג</UnitOfMeasure><QtyInPackage>לא ידוע</QtyInPackage><UnitOfMeasurePrice>35.0000</UnitOfMeasurePrice><AllowDiscount>1</AllowDiscount><ItemStatus>1</ItemStatus><ItemPrice>35.00</ItemPrice></item><item><PriceUpdateDate>2016-05-01 10:29:32</PriceUpdateDate><ItemCode>1678404</ItemCode><ItemType>3</ItemType><ItemName>קוראסון ביס</ItemName><ManufacturerName>מאפה צרפתי</ManufacturerName><ManufactureCountry>ישראל</ManufactureCountry><ManufacturerItemDescription>קוראסון ביס</ManufacturerItemDescription><SoldByWeight/><Quantity>1.00</Quantity><UnitOfMeasure>ק"ג</UnitOfMeasure><QtyInPackage>לא ידוע</QtyInPackage><UnitOfMeasurePrice>35.0000</UnitOfMeasurePrice><AllowDiscount>1</AllowDiscount><ItemStatus>1</ItemStatus><ItemPrice>35.00</ItemPrice></item><item><PriceUpdateDate>2016-05-01 10:27:46</PriceUpdateDate><ItemCode>167848</ItemCode><ItemType>3</ItemType><ItemName>קוראסון ביס</ItemName><ManufacturerName>מאפה צרפתי</ManufacturerName><ManufactureCountry>ישראל</ManufactureCountry><ManufacturerItemDescription>קוראסון ביס</ManufacturerItemDescription><SoldByWeight/><Quantity>1.00</Quantity><UnitOfMeasure>ק"ג</UnitOfMeasure><QtyInPackage>לא ידוע</QtyInPackage><UnitOfMeasurePrice>35.0000</UnitOfMeasurePrice><AllowDiscount>1</AllowDiscount><ItemStatus>1</ItemStatus><ItemPrice>35.00</ItemPrice></item><item><PriceUpdateDate>2016-08-02 09:29:03</PriceUpdateDate><ItemCode>167857</ItemCode><ItemType>3</ItemType><ItemName>מב קוראסון ביס שוקול</ItemName><ManufacturerName>מאפה צרפתי</ManufacturerName><ManufactureCountry>ישראל</ManufactureCountry><ManufacturerItemDescription>מב קוראסון ביס שוקול</ManufacturerItemDescription><SoldByWeight/><Quantity>1.00</Quantity><UnitOfMeasure>ק"ג</UnitOfMeasure><QtyInPackage>לא ידוע</QtyInPackage><UnitOfMeasurePrice>24.9000</UnitOfMeasurePrice><AllowDiscount>1</AllowDiscount><ItemStatus>1</ItemStatus><ItemPrice>24.90</ItemPrice></item><item><PriceUpdateDate>2016-05-01 10:27:47</PriceUpdateDate><ItemCode>168012</ItemCode><ItemType>3</ItemType><ItemName>פילס תפו"א</ItemName><ManufacturerName>מאפה צרפתי</ManufacturerName><ManufactureCountry>ישראל</ManufactureCountry><ManufacturerItemDescription>פילס תפו"א</ManufacturerItemDescription><SoldByWeight/><Quantity>1.00</Quantity><UnitOfMeasure>ק"ג</UnitOfMeasure><QtyInPackage>לא ידוע</QtyInPackage><UnitOfMeasurePrice>43.0000</UnitOfMeasurePrice><AllowDiscount>1</AllowDiscount><ItemStatus>1</ItemStatus><ItemPrice>43.00</ItemPrice></item><item><PriceUpdateDate>2016-05-01 10:27:47</PriceUpdateDate><ItemCode>168014</ItemCode><ItemType>3</ItemType><ItemName>פילס תפו"א</ItemName><ManufacturerName>מאפה צרפתי</ManufacturerName><ManufactureCountry>ישראל</ManufactureCountry><ManufacturerItemDescription>פילס תפו"א</ManufacturerItemDescription><SoldByWeight/><Quantity>1.00</Quantity><UnitOfMeasure>ק"ג</UnitOfMeasure><QtyInPackage>לא ידוע</QtyInPackage><UnitOfMeasurePrice>43.0000</UnitOfMeasurePrice><AllowDiscount>1</AllowDiscount><ItemStatus>1</ItemStatus><ItemPrice>43.00</ItemPrice></item><item><PriceUpdateDate>2016-05-01 10:27:50</PriceUpdateDate><ItemCode>168670</ItemCode><ItemType>3</ItemType><ItemName>פילס פטריות</ItemName><ManufacturerName>מאפה צרפתי</ManufacturerName><ManufactureCountry>ישראל</ManufactureCountry><ManufacturerItemDescription>פילס פטריות</ManufacturerItemDescription><SoldByWeight/><Quantity>1.00</Quantity><UnitOfMeasure>ק"ג</UnitOfMeasure><QtyInPackage>לא ידוע</QtyInPackage><UnitOfMeasurePrice>43.0000</UnitOfMeasurePrice><AllowDiscount>1</AllowDiscount><ItemStatus>1</ItemStatus><ItemPrice>43.00</ItemPrice></item><item><PriceUpdateDate>2016-05-01 10:27:50</PriceUpdateDate><ItemCode>168678</ItemCode><ItemType>3</ItemType><ItemName>פילס פטריות</ItemName><ManufacturerName>מאפה צרפתי</ManufacturerName><ManufactureCountry>ישראל</ManufactureCountry><ManufacturerItemDescription>פילס פטריות</ManufacturerItemDescription><SoldByWeight/><Quantity>1.00</Quantity><UnitOfMeasure>ק"ג</UnitOfMeasure><QtyInPackage>לא ידוע</QtyInPackage><UnitOfMeasurePrice>43.0000</UnitOfMeasurePrice><AllowDiscount>1</AllowDiscount><ItemStatus>1</ItemStatus><ItemPrice>43.00</ItemPrice></item><item><PriceUpdateDate>2016-07-08 06:49:57</PriceUpdateDate><ItemCode>1694</ItemCode><ItemType>3</ItemType><ItemName>מלפפון מובחר</ItemName><ManufacturerName>B.B.B</ManufacturerName><ManufactureCountry>ישראל</ManufactureCountry><ManufacturerItemDescription>מלפפון מובחר</ManufacturerItemDescription><SoldByWeight/><Quantity>1.00</Quantity><UnitOfMeasure>ק"ג</UnitOfMeasure><QtyInPackage>לא ידוע</QtyInPackage><UnitOfMeasurePrice>6.9000</UnitOfMeasurePrice><AllowDiscount>1</AllowDiscount><ItemStatus>1</ItemStatus><ItemPrice>6.90</ItemPrice></item><item><PriceUpdateDate>2016-07-18 13:37:58</PriceUpdateDate><ItemCode>1724</ItemCode><ItemType>3</ItemType><ItemName>סלק אדום מובחר</ItemName><ManufacturerName>B.B.B</ManufacturerName><ManufactureCountry>ישראל</ManufactureCountry><ManufacturerItemDescription>סלק אדום מובחר</ManufacturerItemDescription><SoldByWeight/><Quantity>1.00</Quantity><UnitOfMeasure>ק"ג</UnitOfMeasure><QtyInPackage>לא ידוע</QtyInPackage><UnitOfMeasurePrice>7.9000</UnitOfMeasurePrice><AllowDiscount>1</AllowDiscount><ItemStatus>1</ItemStatus><ItemPrice>7.90</ItemPrice></item><item><PriceUpdateDate>2016-08-02 09:29:02</PriceUpdateDate><ItemCode>1755</ItemCode><ItemType>3</ItemType><ItemName>עגבנייה מובחרת</ItemName><ManufacturerName>B.B.B</ManufacturerName><ManufactureCountry>ישראל</ManufactureCountry><ManufacturerItemDescription>עגבנייה מובחרת</ManufacturerItemDescription><SoldByWeight/><Quantity>1.00</Quantity><UnitOfMeasure>ק"ג</UnitOfMeasure><QtyInPackage>לא ידוע</QtyInPackage><UnitOfMeasurePrice>6.9000</UnitOfMeasurePrice><AllowDiscount>1</AllowDiscount><ItemStatus>1</ItemStatus><ItemPrice>6.90</ItemPrice></item><item><PriceUpdateDate>2016-08-08 16:08:09</PriceUpdateDate><ItemCode>1779</ItemCode><ItemType>3</ItemType><ItemName>פלפל בהיר</ItemName><ManufacturerName>B.B.B</ManufacturerName><ManufactureCountry>ישראל</ManufactureCountry><ManufacturerItemDescription>פלפל בהיר</ManufacturerItemDescription><SoldByWeight/><Quantity>1.00</Quantity><UnitOfMeasure>ק"ג</UnitOfMeasure><QtyInPackage>לא ידוע</QtyInPackage><UnitOfMeasurePrice>9.9000</UnitOfMeasurePrice><AllowDiscount>1</AllowDiscount><ItemStatus>1</ItemStatus><ItemPrice>9.90</ItemPrice></item><item><PriceUpdateDate>2016-06-27 17:19:48</PriceUpdateDate><ItemCode>1786</ItemCode><ItemType>3</ItemType><ItemName>פלפל ירוק כהה</ItemName><ManufacturerName>B.B.B</ManufacturerName><ManufactureCountry>ישראל</ManufactureCountry><ManufacturerItemDescription>פלפל ירוק כהה</ManufacturerItemDescription><SoldByWeight/><Quantity>1.00</Quantity><UnitOfMeasure>ק"ג</UnitOfMeasure><QtyInPackage>לא ידוע</QtyInPackage><UnitOfMeasurePrice>8.9000</UnitOfMeasurePrice><AllowDiscount>1</AllowDiscount><ItemStatus>1</ItemStatus><ItemPrice>8.90</ItemPrice></item><item><PriceUpdateDate>2016-06-27 17:19:48</PriceUpdateDate><ItemCode>1793</ItemCode><ItemType>3</ItemType><ItemName>פלפל חריף</ItemName><ManufacturerName>B.B.B</ManufacturerName><ManufactureCountry>ישראל</ManufactureCountry><ManufacturerItemDescription>פלפל חריף</ManufacturerItemDescription><SoldByWeight/><Quantity>1.00</Quantity><UnitOfMeasure>ק"ג</UnitOfMeasure><QtyInPackage>לא ידוע</QtyInPackage><UnitOfMeasurePrice>8.9000</UnitOfMeasurePrice><AllowDiscount>1</AllowDiscount><ItemStatus>1</ItemStatus><ItemPrice>8.90</ItemPrice></item><item><PriceUpdateDate>2016-07-22 06:50:12</PriceUpdateDate><ItemCode>1809</ItemCode><ItemType>3</ItemType><ItemName>פלפל אדום מובחר</ItemName><ManufacturerName>B.B.B</ManufacturerName><ManufactureCountry>ישראל</ManufactureCountry><ManufacturerItemDescription>פלפל אדום מובחר</ManufacturerItemDescription><SoldByWeight/><Quantity>1.00</Quantity><UnitOfMeasure>ק"ג</UnitOfMeasure><QtyInPackage>לא ידוע</QtyInPackage><UnitOfMeasurePrice>9.9000</UnitOfMeasurePrice><AllowDiscount>1</AllowDiscount><ItemStatus>1</ItemStatus><ItemPrice>9.90</ItemPrice></item><item><PriceUpdateDate>2016-05-01 10:30:00</PriceUpdateDate><ItemCode>18195710307</ItemCode><ItemType>1</ItemType><ItemName>חטיף צ'יפס אגסים טבע</ItemName><ManufacturerName>לא ממותג</ManufacturerName><ManufactureCountry>ישראל</ManufactureCountry><ManufacturerItemDescription>חטיף צ'יפס אגסים טבע</ManufacturerItemDescription><SoldByWeight/><Quantity>71.00</Quantity><UnitOfMeasure>גרם     </UnitOfMeasure><QtyInPackage>לא ידוע</QtyInPackage><UnitOfMeasurePrice>0.1535</UnitOfMeasurePrice><AllowDiscount>1</AllowDiscount><ItemStatus>1</ItemStatus><ItemPrice>10.90</ItemPrice></item><item><PriceUpdateDate>2016-08-03 09:18:39</PriceUpdateDate><ItemCode>1830</ItemCode><ItemType>3</ItemType><ItemName>קולורבי</ItemName><ManufacturerName>B.B.B</ManufacturerName><ManufactureCountry>ישראל</ManufactureCountry><ManufacturerItemDescription>קולורבי</ManufacturerItemDescription><SoldByWeight/><Quantity>1.00</Quantity><UnitOfMeasure>ק"ג</UnitOfMeasure><QtyInPackage>לא ידוע</QtyInPackage><UnitOfMeasurePrice>8.9000</UnitOfMeasurePrice><AllowDiscount>1</AllowDiscount><ItemStatus>1</ItemStatus><ItemPrice>8.90</ItemPrice></item><item><PriceUpdateDate>2016-08-11 06:38:53</PriceUpdateDate><ItemCode>1847</ItemCode><ItemType>3</ItemType><ItemName>קישואים לבנים</ItemName><ManufacturerName>B.B.B</ManufacturerName><ManufactureCountry>ישראל</ManufactureCountry><ManufacturerItemDescription>קישואים לבנים</ManufacturerItemDescription><SoldByWeight/><Quantity>1.00</Quantity><UnitOfMeasure>ק"ג</UnitOfMeasure><QtyInPackage>לא ידוע</QtyInPackage><UnitOfMeasurePrice>12.9000</UnitOfMeasurePrice><AllowDiscount>1</AllowDiscount><ItemStatus>1</ItemStatus><ItemPrice>12.90</ItemPrice></item><item><PriceUpdateDate>2016-06-22 06:57:49</PriceUpdateDate><ItemCode>1939</ItemCode><ItemType>3</ItemType><ItemName>תירס אמריקאי</ItemName><ManufacturerName>B.B.B</ManufacturerName><ManufactureCountry>ישראל</ManufactureCountry><ManufacturerItemDescription>תירס אמריקאי</ManufacturerItemDescription><SoldByWeight/><Quantity>1.00</Quantity><UnitOfMeasure>ק"ג</UnitOfMeasure><QtyInPackage>לא ידוע</QtyInPackage><UnitOfMeasurePrice>9.9000</UnitOfMeasurePrice><AllowDiscount>1</AllowDiscount><ItemStatus>1</ItemStatus><ItemPrice>9.90</ItemPrice></item><item><PriceUpdateDate>2016-07-11 17:46:28</PriceUpdateDate><ItemCode>1946</ItemCode><ItemType>3</ItemType><ItemName>תפוח אדמה לבן</ItemName><ManufacturerName>B.B.B</ManufacturerName><ManufactureCountry>ישראל</ManufactureCountry><ManufacturerItemDescription>תפוח אדמה לבן</ManufacturerItemDescription><SoldByWeight/><Quantity>1.00</Quantity><UnitOfMeasure>ק"ג</UnitOfMeasure><QtyInPackage>לא ידוע</QtyInPackage><UnitOfMeasurePrice>5.9000</UnitOfMeasurePrice><AllowDiscount>1</AllowDiscount><ItemStatus>1</ItemStatus><ItemPrice>5.90</ItemPrice></item><item><PriceUpdateDate>2015-01-27 10:35:55</PriceUpdateDate><ItemCode>1991</ItemCode><ItemType>3</ItemType><ItemName>ג'ינג'ר בתפזורת</ItemName><ManufacturerName>B.B.B</ManufacturerName><ManufactureCountry>ישראל</ManufactureCountry><ManufacturerItemDescription>ג'ינג'ר בתפזורת</ManufacturerItemDescription><SoldByWeight/><Quantity>1.00</Quantity><UnitOfMeasure>ק"ג</UnitOfMeasure><QtyInPackage>לא ידוע</QtyInPackage><UnitOfMeasurePrice>40.0000</UnitOfMeasurePrice><AllowDiscount>1</AllowDiscount><ItemStatus>1</ItemStatus><ItemPrice>40.00</ItemPrice></item><item><PriceUpdateDate>2016-05-24 12:15:44</PriceUpdateDate><ItemCode>2059</ItemCode><ItemType>3</ItemType><ItemName>שומר</ItemName><ManufacturerName>B.B.B</ManufacturerName><ManufactureCountry>ישראל</ManufactureCountry><ManufacturerItemDescription>שומר</ManufacturerItemDescription><SoldByWeight/><Quantity>1.00</Quantity><UnitOfMeasure>ק"ג</UnitOfMeasure><QtyInPackage>לא ידוע</QtyInPackage><UnitOfMeasurePrice>8.9000</UnitOfMeasurePrice><AllowDiscount>1</AllowDiscount><ItemStatus>1</ItemStatus><ItemPrice>8.90</ItemPrice></item><item><PriceUpdateDate>2016-06-27 17:19:48</PriceUpdateDate><ItemCode>2073</ItemCode><ItemType>3</ItemType><ItemName>קיווי</ItemName><ManufacturerName>B.B.B</ManufacturerName><ManufactureCountry>ישראל</ManufactureCountry><ManufacturerItemDescription>קיווי</ManufacturerItemDescription><SoldByWeight/><Quantity>1.00</Quantity><UnitOfMeasure>ק"ג</UnitOfMeasure><QtyInPackage>לא ידוע</QtyInPackage><UnitOfMeasurePrice>32.9000</UnitOfMeasurePrice><AllowDiscount>1</AllowDiscount><ItemStatus>1</ItemStatus><ItemPrice>32.90</ItemPrice></item><item><PriceUpdateDate>2016-04-15 11:32:41</PriceUpdateDate><ItemCode>2127</ItemCode><ItemType>3</ItemType><ItemName>תפוח עץ  קירפס פינק</ItemName><ManufacturerName>דוד פרנקו</ManufacturerName><ManufactureCountry>ישראל</ManufactureCountry><ManufacturerItemDescription>תפוח עץ  קירפס פינק</ManufacturerItemDescription><SoldByWeight/><Quantity>1.00</Quantity><UnitOfMeasure>ק"ג</UnitOfMeasure><QtyInPackage>לא ידוע</QtyInPackage><UnitOfMeasurePrice>16.9000</UnitOfMeasurePrice><AllowDiscount>1</AllowDiscount><ItemStatus>1</ItemStatus><ItemPrice>16.90</ItemPrice></item><item><PriceUpdateDate>2015-08-04 09:26:11</PriceUpdateDate><ItemCode>2133986</ItemCode><ItemType>3</ItemType><ItemName>חמאת עיזים במשקל</ItemName><ManufacturerName>מחלבת השומרון</ManufacturerName><ManufactureCountry>לא ידוע</ManufactureCountry><ManufacturerItemDescription>חמאת עיזים במשקל</ManufacturerItemDescription><SoldByWeight/><Quantity>1.00</Quantity><UnitOfMeasure>ק"ג</UnitOfMeasure><QtyInPackage>לא ידוע</QtyInPackage><UnitOfMeasurePrice>69.0000</UnitOfMeasurePrice><AllowDiscount>1</AllowDiscount><ItemStatus>1</ItemStatus><ItemPrice>69.00</ItemPrice></item><item><PriceUpdateDate>2016-02-09 07:23:29</PriceUpdateDate><ItemCode>215</ItemCode><ItemType>3</ItemType><ItemName>בצל אדום</ItemName><ManufacturerName>B.B.B</ManufacturerName><ManufactureCountry>ישראל</ManufactureCountry><ManufacturerItemDescription>בצל אדום</ManufacturerItemDescription><SoldByWeight/><Quantity>1.00</Quantity><UnitOfMeasure>ק"ג</UnitOfMeasure><QtyInPackage>לא ידוע</QtyInPackage><UnitOfMeasurePrice>6.9000</UnitOfMeasurePrice><AllowDiscount>1</AllowDiscount><ItemStatus>1</ItemStatus><ItemPrice>6.90</ItemPrice></item><item><PriceUpdateDate>2016-08-11 06:39:21</PriceUpdateDate><ItemCode>2196</ItemCode><ItemType>3</ItemType><ItemName>תפוח יונתן</ItemName><ManufacturerName>לא ממותג</ManufacturerName><ManufactureCountry>ישראל</ManufactureCountry><ManufacturerItemDescription>תפוח יונתן</ManufacturerItemDescription><SoldByWeight/><Quantity>1.00</Quantity><UnitOfMeasure>ק"ג</UnitOfMeasure><QtyInPackage>לא ידוע</QtyInPackage><UnitOfMeasurePrice>12.9000</UnitOfMeasurePrice><AllowDiscount>1</AllowDiscount><ItemStatus>1</ItemStatus><ItemPrice>12.90</ItemPrice></item><item><PriceUpdateDate>2015-11-05 06:53:31</PriceUpdateDate><ItemCode>2233</ItemCode><ItemType>3</ItemType><ItemName>תפוזים</ItemName><ManufacturerName>לא ידוע</ManufacturerName><ManufactureCountry>ישראל</ManufactureCountry><ManufacturerItemDescription>תפוזים</ManufacturerItemDescription><SoldByWeight/><Quantity>1.00</Quantity><UnitOfMeasure>ק"ג</UnitOfMeasure><QtyInPackage>לא ידוע</QtyInPackage><UnitOfMeasurePrice>6.9000</UnitOfMeasurePrice><AllowDiscount>1</AllowDiscount><ItemStatus>1</ItemStatus><ItemPrice>6.90</ItemPrice></item><item><PriceUpdateDate>2016-08-08 16:10:46</PriceUpdateDate><ItemCode>2264</ItemCode><ItemType>3</ItemType><ItemName>ענבים לבנים</ItemName><ManufacturerName>B.B.B</ManufacturerName><ManufactureCountry>ישראל</ManufactureCountry><ManufacturerItemDescription>ענבים לבנים</ManufacturerItemDescription><SoldByWeight/><Quantity>1.00</Quantity><UnitOfMeasure>ק"ג</UnitOfMeasure><QtyInPackage>לא ידוע</QtyInPackage><UnitOfMeasurePrice>15.9000</UnitOfMeasurePrice><AllowDiscount>1</AllowDiscount><ItemStatus>1</ItemStatus><ItemPrice>15.90</ItemPrice></item><item><PriceUpdateDate>2015-12-01 07:54:21</PriceUpdateDate><ItemCode>2288</ItemCode><ItemType>3</ItemType><ItemName>קלמנטינה</ItemName><ManufacturerName>.N.Y.C</ManufacturerName><ManufactureCountry>ישראל</ManufactureCountry><ManufacturerItemDescription>קלמנטינה</ManufacturerItemDescription><SoldByWeight/><Quantity>1.00</Quantity><UnitOfMeasure>ק"ג</UnitOfMeasure><QtyInPackage>לא ידוע</QtyInPackage><UnitOfMeasurePrice>6.9000</UnitOfMeasurePrice><AllowDiscount>1</AllowDiscount><ItemStatus>1</ItemStatus><ItemPrice>6.90</ItemPrice></item><item><PriceUpdateDate>2016-08-08 16:08:09</PriceUpdateDate><ItemCode>2370031</ItemCode><ItemType>3</ItemType><ItemName>גבינת מוצרלה 21% שומ</ItemName><ManufacturerName>וילי פוד</ManufacturerName><ManufactureCountry>ישראל</ManufactureCountry><ManufacturerItemDescription>גבינת מוצרלה 21% שומ</ManufacturerItemDescription><SoldByWeight/><Quantity>1.00</Quantity><UnitOfMeasure>ק"ג</UnitOfMeasure><QtyInPackage>לא ידוע</QtyInPackage><UnitOfMeasurePrice>81.5000</UnitOfMeasurePrice><AllowDiscount>1</AllowDiscount><ItemStatus>1</ItemStatus><ItemPrice>81.50</ItemPrice></item><item><PriceUpdateDate>2016-07-18 13:38:56</PriceUpdateDate><ItemCode>24</ItemCode><ItemType>3</ItemType><ItemName>סברס</ItemName><ManufacturerName>7 אפ</ManufacturerName><ManufactureCountry>ישראל</ManufactureCountry><ManufacturerItemDescription>סברס</ManufacturerItemDescription><SoldByWeight/><Quantity>1.00</Quantity><UnitOfMeasure>ק"ג</UnitOfMeasure><QtyInPackage>לא ידוע</QtyInPackage><UnitOfMeasurePrice>14.9000</UnitOfMeasurePrice><AllowDiscount>1</AllowDiscount><ItemStatus>1</ItemStatus><ItemPrice>14.90</ItemPrice></item><item><PriceUpdateDate>2016-08-08 16:08:10</PriceUpdateDate><ItemCode>2447491</ItemCode><ItemType>3</ItemType><ItemName>שפיץ צ'אך טרי כשר אד</ItemName><ManufacturerName>אדום אדום</ManufacturerName><ManufactureCountry>ישראל</ManufactureCountry><ManufacturerItemDescription>צאך עגל טרי לקג</ManufacturerItemDescription><SoldByWeight/><Quantity>1.00</Quantity><UnitOfMeasure>ק"ג</UnitOfMeasure><QtyInPackage>לא ידוע</QtyInPackage><UnitOfMeasurePrice>94.9000</UnitOfMeasurePrice><AllowDiscount>1</AllowDiscount><ItemStatus>1</ItemStatus><ItemPrice>94.90</ItemPrice></item><item><PriceUpdateDate>2016-05-03 06:37:51</PriceUpdateDate><ItemCode>2462</ItemCode><ItemType>3</ItemType><ItemName>תפוזים קטנים למיץ בר</ItemName><ManufacturerName>B.B.B</ManufacturerName><ManufactureCountry>ישראל</ManufactureCountry><ManufacturerItemDescription>תפוזים קטנים למיץ בר</ManufacturerItemDescription><SoldByWeight/><Quantity>1.00</Quantity><UnitOfMeasure>ק"ג</UnitOfMeasure><QtyInPackage>לא ידוע</QtyInPackage><UnitOfMeasurePrice>5.9000</UnitOfMeasurePrice><AllowDiscount>1</AllowDiscount><ItemStatus>1</ItemStatus><ItemPrice>5.90</ItemPrice></item><item><PriceUpdateDate>2016-05-03 06:37:51</PriceUpdateDate><ItemCode>2479</ItemCode><ItemType>3</ItemType><ItemName>אשכולית אדומה</ItemName><ManufacturerName>לא ידוע</ManufacturerName><ManufactureCountry>ישראל</ManufactureCountry><ManufacturerItemDescription>אשכולית אדומה</ManufacturerItemDescription><SoldByWeight/><Quantity>1.00</Quantity><UnitOfMeasure>ק"ג</UnitOfMeasure><QtyInPackage>לא ידוע</QtyInPackage><UnitOfMeasurePrice>5.9000</UnitOfMeasurePrice><AllowDiscount>1</AllowDiscount><ItemStatus>1</ItemStatus><ItemPrice>5.90</ItemPrice></item><item><PriceUpdateDate>2016-08-08 16:08:10</PriceUpdateDate><ItemCode>2517491</ItemCode><ItemType>3</ItemType><ItemName>שפיץ צ'אך  חלק  טרי</ItemName><ManufacturerName>אדום אדום</ManufacturerName><ManufactureCountry>ישראל</ManufactureCountry><ManufacturerItemDescription>צאך עגל טרי לקג</ManufacturerItemDescription><SoldByWeight/><Quantity>1.00</Quantity><UnitOfMeasure>ק"ג</UnitOfMeasure><QtyInPackage>לא ידוע</QtyInPackage><UnitOfMeasurePrice>94.9000</UnitOfMeasurePrice><AllowDiscount>1</AllowDiscount><ItemStatus>1</ItemStatus><ItemPrice>94.90</ItemPrice></item><item><PriceUpdateDate>2016-06-21 13:48:24</PriceUpdateDate><ItemCode>260</ItemCode><ItemType>3</ItemType><ItemName>תפוח אדמה אדום</ItemName><ManufacturerName>B.B.B</ManufacturerName><ManufactureCountry>ישראל</ManufactureCountry><ManufacturerItemDescription>תפוח אדמה אדום</ManufacturerItemDescription><SoldByWeight/><Quantity>1.00</Quantity><UnitOfMeasure>ק"ג</UnitOfMeasure><QtyInPackage>לא ידוע</QtyInPackage><UnitOfMeasurePrice>5.9000</UnitOfMeasurePrice><AllowDiscount>1</AllowDiscount><ItemStatus>1</ItemStatus><ItemPrice>5.90</ItemPrice></item><item><PriceUpdateDate>2016-05-01 10:27:54</PriceUpdateDate><ItemCode>280059</ItemCode><ItemType>3</ItemType><ItemName>פילס תפו"א</ItemName><ManufacturerName>מאפה צרפתי</ManufacturerName><ManufactureCountry>ישראל</ManufactureCountry><ManufacturerItemDescription>פילס תפו"א</ManufacturerItemDescription><SoldByWeight/><Quantity>1.00</Quantity><UnitOfMeasure>ק"ג</UnitOfMeasure><QtyInPackage>לא ידוע</QtyInPackage><UnitOfMeasurePrice>43.0000</UnitOfMeasurePrice><AllowDiscount>1</AllowDiscount><ItemStatus>1</ItemStatus><ItemPrice>43.00</ItemPrice></item><item><PriceUpdateDate>2016-08-02 09:29:03</PriceUpdateDate><ItemCode>280226</ItemCode><ItemType>3</ItemType><ItemName>רוגלך במאפית</ItemName><ManufacturerName>מאפה צרפתי</ManufacturerName><ManufactureCountry>ישראל</ManufactureCountry><ManufacturerItemDescription>רוגלך במאפית</ManufacturerItemDescription><SoldByWeight/><Quantity>1.00</Quantity><UnitOfMeasure>ק"ג</UnitOfMeasure><QtyInPackage>לא ידוע</QtyInPackage><UnitOfMeasurePrice>37.0000</UnitOfMeasurePrice><AllowDiscount>1</AllowDiscount><ItemStatus>1</ItemStatus><ItemPrice>37.00</ItemPrice></item><item><PriceUpdateDate>2016-05-01 10:27:55</PriceUpdateDate><ItemCode>280233</ItemCode><ItemType>3</ItemType><ItemName>קוראסון ביס</ItemName><ManufacturerName>מאפה צרפתי</ManufacturerName><ManufactureCountry>ישראל</ManufactureCountry><ManufacturerItemDescription>קוראסון ביס</ManufacturerItemDescription><SoldByWeight/><Quantity>1.00</Quantity><UnitOfMeasure>ק"ג</UnitOfMeasure><QtyInPackage>לא ידוע</QtyInPackage><UnitOfMeasurePrice>35.0000</UnitOfMeasurePrice><AllowDiscount>1</AllowDiscount><ItemStatus>1</ItemStatus><ItemPrice>35.00</ItemPrice></item><item><PriceUpdateDate>2016-08-03 09:18:41</PriceUpdateDate><ItemCode>28200133502</ItemCode><ItemType>1</ItemType><ItemName>ס.מרלבורו רד קצר בוק</ItemName><ManufacturerName>מרלבורו</ManufacturerName><ManufactureCountry>ארצות הברית</ManufactureCountry><ManufacturerItemDescription>סיגריות מרלבורו קצר10 יח</ManufacturerItemDescription><SoldByWeight/><Quantity>0.00</Quantity><UnitOfMeasure>יח'</UnitOfMeasure><QtyInPackage>לא ידוע</QtyInPackage><UnitOfMeasurePrice>0.0000</UnitOfMeasurePrice><AllowDiscount>1</AllowDiscount><ItemStatus>1</ItemStatus><ItemPrice>339.00</ItemPrice></item><item><PriceUpdateDate>2016-06-06 15:12:07</PriceUpdateDate><ItemCode>29424000564</ItemCode><ItemType>1</ItemType><ItemName>וופל לימון ללא סוכר</ItemName><ManufacturerName>מנעמים</ManufacturerName><ManufactureCountry>ישראל</ManufactureCountry><ManufacturerItemDescription>וופל לימוןללא סוכר 180 גר</ManufacturerItemDescription><SoldByWeight/><Quantity>180.00</Quantity><UnitOfMeasure>גרם     </UnitOfMeasure><QtyInPackage>לא ידוע</QtyInPackage><UnitOfMeasurePrice>0.0472</UnitOfMeasurePrice><AllowDiscount>1</AllowDiscount><ItemStatus>1</ItemStatus><ItemPrice>8.50</ItemPrice></item><item><PriceUpdateDate>2016-06-06 15:12:07</PriceUpdateDate><ItemCode>29424002001</ItemCode><ItemType>1</ItemType><ItemName>ופל קוביות שוקו 200</ItemName><ManufacturerName>מנעמים</ManufacturerName><ManufactureCountry>ישראל</ManufactureCountry><ManufacturerItemDescription>ופל קוביות שוקו 200</ManufacturerItemDescription><SoldByWeight/><Quantity>200.00</Quantity><UnitOfMeasure>גרם     </UnitOfMeasure><QtyInPackage>לא ידוע</QtyInPackage><UnitOfMeasurePrice>0.0295</UnitOfMeasurePrice><AllowDiscount>1</AllowDiscount><ItemStatus>1</ItemStatus><ItemPrice>5.90</ItemPrice></item><item><PriceUpdateDate>2016-05-17 12:34:29</PriceUpdateDate><ItemCode>3045140105502</ItemCode><ItemType>1</ItemType><ItemName>שוקולד מילקה חלב 100</ItemName><ManufacturerName>מילקה</ManufacturerName><ManufactureCountry>גרמניה</ManufactureCountry><ManufacturerItemDescription>ג'ל גילוח ניוואה.רגיש200</ManufacturerItemDescription><SoldByWeight/><Quantity>100.00</Quantity><UnitOfMeasure>גרם     </UnitOfMeasure><QtyInPackage>לא ידוע</QtyInPackage><UnitOfMeasurePrice>0.0890</UnitOfMeasurePrice><AllowDiscount>1</AllowDiscount><ItemStatus>1</ItemStatus><ItemPrice>8.90</ItemPrice></item><item><PriceUpdateDate>2016-05-17 12:34:29</PriceUpdateDate><ItemCode>3045140280902</ItemCode><ItemType>1</ItemType><ItemName>שוקולד מילקה צימוק 1</ItemName><ManufacturerName>מילקה</ManufacturerName><ManufactureCountry>גרמניה</ManufactureCountry><ManufacturerItemDescription>דאודורנט ניוואה ון 50מ"ל</ManufacturerItemDescription><SoldByWeight/><Quantity>100.00</Quantity><UnitOfMeasure>גרם     </UnitOfMeasure><QtyInPackage>לא ידוע</QtyInPackage><UnitOfMeasurePrice>0.0890</UnitOfMeasurePrice><AllowDiscount>1</AllowDiscount><ItemStatus>1</ItemStatus><ItemPrice>8.90</ItemPrice></item><item><PriceUpdateDate>2016-07-18 13:38:57</PriceUpdateDate><ItemCode>3046920028363</ItemCode><ItemType>1</ItemType><ItemName>שוקולד לינדט אקסלנס</ItemName><ManufacturerName>לא ממותג</ManufacturerName><ManufactureCountry>צרפת</ManufactureCountry><ManufacturerItemDescription>שוקולד לינדט אקסלנס100 85</ManufacturerItemDescription><SoldByWeight/><Quantity>100.00</Quantity><UnitOfMeasure>גרם     </UnitOfMeasure><QtyInPackage>לא ידוע</QtyInPackage><UnitOfMeasurePrice>0.1790</UnitOfMeasurePrice><AllowDiscount>1</AllowDiscount><ItemStatus>1</ItemStatus><ItemPrice>17.90</ItemPrice></item><item><PriceUpdateDate>2016-06-28 07:02:55</PriceUpdateDate><ItemCode>3059943016569</ItemCode><ItemType>1</ItemType><ItemName>אירוויק ספריי מטהר א</ItemName><ManufacturerName>איירויק</ManufacturerName><ManufactureCountry>אנגליה</ManufactureCountry><ManufacturerItemDescription>אירוויק ספריי מטהר א</ManufacturerItemDescription><SoldByWeight/><Quantity>250.00</Quantity><UnitOfMeasure>מ"ל</UnitOfMeasure><QtyInPackage>לא ידוע</QtyInPackage><UnitOfMeasurePrice>0.0636</UnitOfMeasurePrice><AllowDiscount>1</AllowDiscount><ItemStatus>1</ItemStatus><ItemPrice>15.90</ItemPrice></item><item><PriceUpdateDate>2016-03-01 06:59:58</PriceUpdateDate><ItemCode>3161911366429</ItemCode><ItemType>1</ItemType><ItemName>חמאה רכה מלוחה אלווי</ItemName><ManufacturerName>אלוויר</ManufacturerName><ManufactureCountry>ישראל</ManufactureCountry><ManufacturerItemDescription>חמאה רכה מלוחה250 גר</ManufacturerItemDescription><SoldByWeight/><Quantity>250.00</Quantity><UnitOfMeasure>גרם     </UnitOfMeasure><QtyInPackage>לא ידוע</QtyInPackage><UnitOfMeasurePrice>0.0852</UnitOfMeasurePrice><AllowDiscount>1</AllowDiscount><ItemStatus>1</ItemStatus><ItemPrice>21.30</ItemPrice></item><item><PriceUpdateDate>2016-08-02 09:29:24</PriceUpdateDate><ItemCode>3175460000017</ItemCode><ItemType>1</ItemType><ItemName>גבינת בורסן שום ועשב</ItemName><ManufacturerName>בורסאן</ManufacturerName><ManufactureCountry>ישראל</ManufactureCountry><ManufacturerItemDescription>גבינה בורסאן שום 150 גרם</ManufacturerItemDescription><SoldByWeight/><Quantity>150.00</Quantity><UnitOfMeasure>גרם     </UnitOfMeasure><QtyInPackage>לא ידוע</QtyInPackage><UnitOfMeasurePrice>0.1327</UnitOfMeasurePrice><AllowDiscount>1</AllowDiscount><ItemStatus>1</ItemStatus><ItemPrice>19.90</ItemPrice></item><item><PriceUpdateDate>2016-08-02 09:29:24</PriceUpdateDate><ItemCode>3175460000062</ItemCode><ItemType>1</ItemType><ItemName>גבינת בורסן שמנת עם</ItemName><ManufacturerName>בורסאן</ManufacturerName><ManufactureCountry>ישראל</ManufactureCountry><ManufacturerItemDescription>גבינה בורסאן פלפל 150 גרם</ManufacturerItemDescription><SoldByWeight/><Quantity>150.00</Quantity><UnitOfMeasure>גרם     </UnitOfMeasure><QtyInPackage>לא ידוע</QtyInPackage><UnitOfMeasurePrice>0.1327</UnitOfMeasurePrice><AllowDiscount>1</AllowDiscount><ItemStatus>1</ItemStatus><ItemPrice>19.90</ItemPrice></item><item><PriceUpdateDate>2016-08-02 09:29:24</PriceUpdateDate><ItemCode>3175460030083</ItemCode><ItemType>1</ItemType><ItemName>גבינת בורסן עם בצל ו</ItemName><ManufacturerName>בורסאן</ManufacturerName><ManufactureCountry>ישראל</ManufactureCountry><ManufacturerItemDescription>גבינה בורסאן בצל עירית 15</ManufacturerItemDescription><SoldByWeight/><Quantity>150.00</Quantity><UnitOfMeasure>גרם     </UnitOfMeasure><QtyInPackage>לא ידוע</QtyInPackage><UnitOfMeasurePrice>0.1327</UnitOfMeasurePrice><AllowDiscount>1</AllowDiscount><ItemStatus>1</ItemStatus><ItemPrice>19.90</ItemPrice></item><item><PriceUpdateDate>2015-11-10 07:31:13</PriceUpdateDate><ItemCode>32147230</ItemCode><ItemType>1</ItemType><ItemName>מיץ לימון 200 מ''ל</ItemName><ManufacturerName>סיצילייה</ManufacturerName><ManufactureCountry>ישראל</ManufactureCountry><ManufacturerItemDescription>מיץ לימון משומר 200 מ"ל</ManufacturerItemDescription><SoldByWeight/><Quantity>200.00</Quantity><UnitOfMeasure>מ"ל</UnitOfMeasure><QtyInPackage>לא ידוע</QtyInPackage><UnitOfMeasurePrice>0.0490</UnitOfMeasurePrice><AllowDiscount>1</AllowDiscount><ItemStatus>1</ItemStatus><ItemPrice>9.80</ItemPrice></item><item><PriceUpdateDate>2016-08-07 20:02:45</PriceUpdateDate><ItemCode>3228022910023</ItemCode><ItemType>1</ItemType><ItemName>חמאה צרפתית פרזידנט</ItemName><ManufacturerName>פרזידנט</ManufacturerName><ManufactureCountry>ישראל</ManufactureCountry><ManufacturerItemDescription>חמאה צרפתית פרזידנט</ManufacturerItemDescription><SoldByWeight/><Quantity>200.00</Quantity><UnitOfMeasure>גרם     </UnitOfMeasure><QtyInPackage>לא ידוע</QtyInPackage><UnitOfMeasurePrice>0.0845</UnitOfMeasurePrice><AllowDiscount>1</AllowDiscount><ItemStatus>1</ItemStatus><ItemPrice>16.90</ItemPrice></item><item><PriceUpdateDate>2015-07-08 08:20:31</PriceUpdateDate><ItemCode>325450033217</ItemCode><ItemType>1</ItemType><ItemName>גבינת ברי מרובע 220</ItemName><ManufacturerName>נטו סחר</ManufacturerName><ManufactureCountry>לא ידוע</ManufactureCountry><ManufacturerItemDescription>גבינת ברי מרובע 220</ManufacturerItemDescription><SoldByWeight/><Quantity>220.00</Quantity><UnitOfMeasure>גרם     </UnitOfMeasure><QtyInPackage>לא ידוע</QtyInPackage><UnitOfMeasurePrice>0.1268</UnitOfMeasurePrice><AllowDiscount>1</AllowDiscount><ItemStatus>1</ItemStatus><ItemPrice>27.90</ItemPrice></item><item><PriceUpdateDate>2016-03-01 06:59:58</PriceUpdateDate><ItemCode>3254550033217</ItemCode><ItemType>1</ItemType><ItemName>גבינת ברי מרובע 220</ItemName><ManufacturerName>נטו סחר</ManufacturerName><ManufactureCountry>לא ידוע</ManufactureCountry><ManufacturerItemDescription>גבינת ברי מרובע 220</ManufacturerItemDescription><SoldByWeight/><Quantity>220.00</Quantity><UnitOfMeasure>גרם     </UnitOfMeasure><QtyInPackage>לא ידוע</QtyInPackage><UnitOfMeasurePrice>0.1268</UnitOfMeasurePrice><AllowDiscount>1</AllowDiscount><ItemStatus>1</ItemStatus><ItemPrice>27.90</ItemPrice></item><item><PriceUpdateDate>2016-08-02 09:29:21</PriceUpdateDate><ItemCode>33617000026</ItemCode><ItemType>1</ItemType><ItemName>מב וואזה מקמח מלא 26</ItemName><ManufacturerName>לא ממותג</ManufacturerName><ManufactureCountry>ישראל</ManufactureCountry><ManufacturerItemDescription>מב וואזה מקמח מלא 26</ManufacturerItemDescription><SoldByWeight/><Quantity>260.00</Quantity><UnitOfMeasure>גרם     </UnitOfMeasure><QtyInPackage>לא ידוע</QtyInPackage><UnitOfMeasurePrice>0.0419</UnitOfMeasurePrice><AllowDiscount>1</AllowDiscount><ItemStatus>1</ItemStatus><ItemPrice>10.90</ItemPrice></item><item><PriceUpdateDate>2016-08-02 09:29:24</PriceUpdateDate><ItemCode>3387390525960</ItemCode><ItemType>1</ItemType><ItemName>מב דגני בוקר קראנץ'</ItemName><ManufacturerName>קראנץ</ManufacturerName><ManufactureCountry>ישראל</ManufactureCountry><ManufacturerItemDescription>מב דגני בוקר קראנץ'</ManufacturerItemDescription><SoldByWeight/><Quantity>500.00</Quantity><UnitOfMeasure>גרם     </UnitOfMeasure><QtyInPackage>לא ידוע</QtyInPackage><UnitOfMeasurePrice>0.0378</UnitOfMeasurePrice><AllowDiscount>1</AllowDiscount><ItemStatus>1</ItemStatus><ItemPrice>18.90</ItemPrice></item><item><PriceUpdateDate>2016-06-28 07:02:50</PriceUpdateDate><ItemCode>34000124138</ItemCode><ItemType>1</ItemType><ItemName>ממרח חמאת בוטנים וקק</ItemName><ManufacturerName>הרשיז</ManufacturerName><ManufactureCountry>ארצות הברית</ManufactureCountry><ManufacturerItemDescription>ממרח חמאת בוטנים וקק</ManufacturerItemDescription><SoldByWeight/><Quantity>368.00</Quantity><UnitOfMeasure>גרם     </UnitOfMeasure><QtyInPackage>לא ידוע</QtyInPackage><UnitOfMeasurePrice>0.0595</UnitOfMeasurePrice><AllowDiscount>1</AllowDiscount><ItemStatus>1</ItemStatus><ItemPrice>21.90</ItemPrice></item><item><PriceUpdateDate>2016-08-02 09:29:24</PriceUpdateDate><ItemCode>3523230016230</ItemCode><ItemType>1</ItemType><ItemName>מב קממבר מרסי שף 240</ItemName><ManufacturerName>אנג'ל בסגנון צרפתי</ManufacturerName><ManufactureCountry>לא ידוע</ManufactureCountry><ManufacturerItemDescription>מב קממבר מרסי שף 240</ManufacturerItemDescription><SoldByWeight/><Quantity>240.00</Quantity><UnitOfMeasure>גרם     </UnitOfMeasure><QtyInPackage>לא ידוע</QtyInPackage><UnitOfMeasurePrice>0.0704</UnitOfMeasurePrice><AllowDiscount>1</AllowDiscount><ItemStatus>1</ItemStatus><ItemPrice>16.90</ItemPrice></item><item><PriceUpdateDate>2015-10-09 14:28:42</PriceUpdateDate><ItemCode>3544760002449</ItemCode><ItemType>1</ItemType><ItemName>מלח ים אטלנטי  500 ג</ItemName><ManufacturerName>לא ממותג</ManufacturerName><ManufactureCountry>לא ידוע</ManufactureCountry><ManufacturerItemDescription>מלח ים אטלנטי  500 ג</ManufacturerItemDescription><SoldByWeight/><Quantity>500.00</Quantity><UnitOfMeasure>גרם     </UnitOfMeasure><QtyInPackage>לא ידוע</QtyInPackage><UnitOfMeasurePrice>0.0358</UnitOfMeasurePrice><AllowDiscount>1</AllowDiscount><ItemStatus>1</ItemStatus><ItemPrice>17.90</ItemPrice></item><item><PriceUpdateDate>2016-03-01 06:59:25</PriceUpdateDate><ItemCode>357388</ItemCode><ItemType>3</ItemType><ItemName>פילה דג מרלוזה בשקית</ItemName><ManufacturerName>דלידג</ManufacturerName><ManufactureCountry>ישראל</ManufactureCountry><ManufacturerItemDescription>פילה דג מרלוזה בשקית</ManufacturerItemDescription><SoldByWeight/><Quantity>1.00</Quantity><UnitOfMeasure>ק"ג</UnitOfMeasure><QtyInPackage>לא ידוע</QtyInPackage><UnitOfMeasurePrice>34.9000</UnitOfMeasurePrice><AllowDiscount>1</AllowDiscount><ItemStatus>1</ItemStatus><ItemPrice>34.90</ItemPrice></item><item><PriceUpdateDate>2016-03-15 11:31:31</PriceUpdateDate><ItemCode>3574660239973</ItemCode><ItemType>1</ItemType><ItemName>טמפוני ob פרוקומפורט</ItemName><ManufacturerName>או-בה</ManufacturerName><ManufactureCountry>יוון</ManufactureCountry><ManufacturerItemDescription>אובה קומפורט זרימה נורמל</ManufacturerItemDescription><SoldByWeight/><Quantity>0.00</Quantity><UnitOfMeasure>יח'</UnitOfMeasure><QtyInPackage>לא ידוע</QtyInPackage><UnitOfMeasurePrice>0.0000</UnitOfMeasurePrice><AllowDiscount>1</AllowDiscount><ItemStatus>1</ItemStatus><ItemPrice>32.90</ItemPrice></item><item><PriceUpdateDate>2016-08-02 09:29:25</PriceUpdateDate><ItemCode>3574660322651</ItemCode><ItemType>1</ItemType><ItemName>מב מגן תחתון קרפרי ט</ItemName><ManufacturerName>קרפרי</ManufacturerName><ManufactureCountry>איטליה</ManufactureCountry><ManufacturerItemDescription>דאודורנט ניוואה בש לאישה</ManufacturerItemDescription><SoldByWeight/><Quantity>1.00</Quantity><UnitOfMeasure>יח'</UnitOfMeasure><QtyInPackage>לא ידוע</QtyInPackage><UnitOfMeasurePrice>17.9000</UnitOfMeasurePrice><AllowDiscount>1</AllowDiscount><ItemStatus>1</ItemStatus><ItemPrice>17.90</ItemPrice></item><item><PriceUpdateDate>2016-08-02 09:29:25</PriceUpdateDate><ItemCode>3574660322675</ItemCode><ItemType>1</ItemType><ItemName>מב מגן תחתון קרפרי ט</ItemName><ManufacturerName>קרפרי</ManufacturerName><ManufactureCountry>איטליה</ManufactureCountry><ManufacturerItemDescription>משקה לימון      ון400גרם</ManufacturerItemDescription><SoldByWeight/><Quantity>1.00</Quantity><UnitOfMeasure>יח'</UnitOfMeasure><QtyInPackage>לא ידוע</QtyInPackage><UnitOfMeasurePrice>17.9000</UnitOfMeasurePrice><AllowDiscount>1</AllowDiscount><ItemStatus>1</ItemStatus><ItemPrice>17.90</ItemPrice></item><item><PriceUpdateDate>2016-06-28 07:02:50</PriceUpdateDate><ItemCode>36000183399</ItemCode><ItemType>1</ItemType><ItemName>מב חיתולי האגיס לשחי</ItemName><ManufacturerName>חוגלה קימברלי</ManufacturerName><ManufactureCountry>ישראל</ManufactureCountry><ManufacturerItemDescription>ח.האגיס שחיה 12 M/S יח</ManufacturerItemDescription><SoldByWeight/><Quantity>12.00</Quantity><UnitOfMeasure>בודד</UnitOfMeasure><QtyInPackage>לא ידוע</QtyInPackage><UnitOfMeasurePrice>2.7417</UnitOfMeasurePrice><AllowDiscount>1</AllowDiscount><ItemStatus>1</ItemStatus><ItemPrice>32.90</ItemPrice></item><item><PriceUpdateDate>2016-03-01 06:59:54</PriceUpdateDate><ItemCode>36000258295</ItemCode><ItemType>1</ItemType><ItemName>ממחטות קלינקס לושן 7</ItemName><ManufacturerName>קלינקס</ManufacturerName><ManufactureCountry>ישראל</ManufactureCountry><ManufacturerItemDescription>ממחטות טישיו קלינקס לושן</ManufacturerItemDescription><SoldByWeight/><Quantity>75.00</Quantity><UnitOfMeasure>בודד</UnitOfMeasure><QtyInPackage>לא ידוע</QtyInPackage><UnitOfMeasurePrice>0.1947</UnitOfMeasurePrice><AllowDiscount>1</AllowDiscount><ItemStatus>1</ItemStatus><ItemPrice>14.60</ItemPrice></item><item><PriceUpdateDate>2016-08-12 06:41:07</PriceUpdateDate><ItemCode>3600521720219</ItemCode><ItemType>1</ItemType><ItemName>קרם לחות דרמו לילה פ</ItemName><ManufacturerName>לוריאל</ManufacturerName><ManufactureCountry>ישראל</ManufactureCountry><ManufacturerItemDescription>קרם לחות דרמו לילה פ</ManufacturerItemDescription><SoldByWeight/><Quantity>50.00</Quantity><UnitOfMeasure>מ"ל</UnitOfMeasure><QtyInPackage>לא ידוע</QtyInPackage><UnitOfMeasurePrice>1.3580</UnitOfMeasurePrice><AllowDiscount>1</AllowDiscount><ItemStatus>1</ItemStatus><ItemPrice>67.90</ItemPrice></item><item><PriceUpdateDate>2016-06-28 07:03:02</PriceUpdateDate><ItemCode>3607347386308</ItemCode><ItemType>1</ItemType><ItemName>מב דאו' ספריי אדידס</ItemName><ManufacturerName>אדידס</ManufacturerName><ManufactureCountry>ישראל</ManufactureCountry><ManufacturerItemDescription>מב דאו' ספריי אדידס</ManufacturerItemDescription><SoldByWeight/><Quantity>200.00</Quantity><UnitOfMeasure>מ"ל</UnitOfMeasure><QtyInPackage>לא ידוע</QtyInPackage><UnitOfMeasurePrice>0.0945</UnitOfMeasurePrice><AllowDiscount>1</AllowDiscount><ItemStatus>1</ItemStatus><ItemPrice>18.90</ItemPrice></item><item><PriceUpdateDate>2016-06-28 07:03:02</PriceUpdateDate><ItemCode>3608580730231</ItemCode><ItemType>1</ItemType><ItemName>קונפיטורה בון ממן תו</ItemName><ManufacturerName>אנדרוס צרפת</ManufacturerName><ManufactureCountry>ישראל</ManufactureCountry><ManufacturerItemDescription>קונפיטורה בון ממן תו</ManufacturerItemDescription><SoldByWeight/><Quantity>370.00</Quantity><UnitOfMeasure>גרם     </UnitOfMeasure><QtyInPackage>לא ידוע</QtyInPackage><UnitOfMeasurePrice>0.0457</UnitOfMeasurePrice><AllowDiscount>1</AllowDiscount><ItemStatus>1</ItemStatus><ItemPrice>16.90</ItemPrice></item><item><PriceUpdateDate>2016-06-28 07:03:02</PriceUpdateDate><ItemCode>3608580730255</ItemCode><ItemType>1</ItemType><ItemName>קונפיטורה בון ממן מש</ItemName><ManufacturerName>אנדרוס צרפת</ManufacturerName><ManufactureCountry>ישראל</ManufactureCountry><ManufacturerItemDescription>קונפיטורה בון ממן מש</ManufacturerItemDescription><SoldByWeight/><Quantity>370.00</Quantity><UnitOfMeasure>גרם     </UnitOfMeasure><QtyInPackage>לא ידוע</QtyInPackage><UnitOfMeasurePrice>0.0457</UnitOfMeasurePrice><AllowDiscount>1</AllowDiscount><ItemStatus>1</ItemStatus><ItemPrice>16.90</ItemPrice></item><item><PriceUpdateDate>2016-06-28 07:03:02</PriceUpdateDate><ItemCode>3608580730323</ItemCode><ItemType>1</ItemType><ItemName>קונפיטורה בון ממן פט</ItemName><ManufacturerName>אנדרוס צרפת</ManufacturerName><ManufactureCountry>ישראל</ManufactureCountry><ManufacturerItemDescription>קונפיטורה בון ממן פט</ManufacturerItemDescription><SoldByWeight/><Quantity>370.00</Quantity><UnitOfMeasure>גרם     </UnitOfMeasure><QtyInPackage>לא ידוע</QtyInPackage><UnitOfMeasurePrice>0.0457</UnitOfMeasurePrice><AllowDiscount>1</AllowDiscount><ItemStatus>1</ItemStatus><ItemPrice>16.90</ItemPrice></item><item><PriceUpdateDate>2016-08-02 09:29:22</PriceUpdateDate><ItemCode>37600207188</ItemCode><ItemType>1</ItemType><ItemName>מב חמאת בוטנים סקיפי</ItemName><ManufacturerName>SKIPPY</ManufacturerName><ManufactureCountry>ארצות הברית</ManufactureCountry><ManufacturerItemDescription>רייזן ברן       56 גגרם</ManufacturerItemDescription><SoldByWeight/><Quantity>462.00</Quantity><UnitOfMeasure>גרם     </UnitOfMeasure><QtyInPackage>לא ידוע</QtyInPackage><UnitOfMeasurePrice>0.0409</UnitOfMeasurePrice><AllowDiscount>1</AllowDiscount><ItemStatus>1</ItemStatus><ItemPrice>18.90</ItemPrice></item><item><PriceUpdateDate>2016-08-02 09:29:26</PriceUpdateDate><ItemCode>3800016701246</ItemCode><ItemType>1</ItemType><ItemName>מב רצועות פלפל בחומץ</ItemName><ManufacturerName>לא ממותג</ManufacturerName><ManufactureCountry>ישראל</ManufactureCountry><ManufacturerItemDescription>מב רצועות פלפל בחומץ</ManufacturerItemDescription><SoldByWeight/><Quantity>580.00</Quantity><UnitOfMeasure>גרם     </UnitOfMeasure><QtyInPackage>לא ידוע</QtyInPackage><UnitOfMeasurePrice>0.0136</UnitOfMeasurePrice><AllowDiscount>1</AllowDiscount><ItemStatus>1</ItemStatus><ItemPrice>7.90</ItemPrice></item><item><PriceUpdateDate>2016-08-02 09:29:26</PriceUpdateDate><ItemCode>3800016706029</ItemCode><ItemType>1</ItemType><ItemName>מב דובדבנים סבא ללא</ItemName><ManufacturerName>רוסמן לוגיסטיקה</ManufacturerName><ManufactureCountry>ישראל</ManufactureCountry><ManufacturerItemDescription>מב דובדבנים סבא ללא</ManufacturerItemDescription><SoldByWeight/><Quantity>720.00</Quantity><UnitOfMeasure>גרם     </UnitOfMeasure><QtyInPackage>לא ידוע</QtyInPackage><UnitOfMeasurePrice>0.0110</UnitOfMeasurePrice><AllowDiscount>1</AllowDiscount><ItemStatus>1</ItemStatus><ItemPrice>7.90</ItemPrice></item><item><PriceUpdateDate>2016-05-01 06:41:08</PriceUpdateDate><ItemCode>38000844966</ItemCode><ItemType>1</ItemType><ItemName>חטיף פרינגלס אורגינל</ItemName><ManufacturerName>פרינגלס</ManufacturerName><ManufactureCountry>ארצות הברית</ManufactureCountry><ManufacturerItemDescription>פרינגלס אורגינל 161 גרם</ManufacturerItemDescription><SoldByWeight/><Quantity>161.00</Quantity><UnitOfMeasure>גרם     </UnitOfMeasure><QtyInPackage>לא ידוע</QtyInPackage><UnitOfMeasurePrice>0.0615</UnitOfMeasurePrice><AllowDiscount>1</AllowDiscount><ItemStatus>1</ItemStatus><ItemPrice>9.90</ItemPrice></item><item><PriceUpdateDate>2016-05-01 06:41:08</PriceUpdateDate><ItemCode>38000844973</ItemCode><ItemType>1</ItemType><ItemName>חטיף פרינגלס ברביקיו</ItemName><ManufacturerName>פרינגלס</ManufacturerName><ManufactureCountry>ארצות הברית</ManufactureCountry><ManufacturerItemDescription>פרינגלס ברביקיו 169 גרם</ManufacturerItemDescription><SoldByWeight/><Quantity>169.00</Quantity><UnitOfMeasure>גרם     </UnitOfMeasure><QtyInPackage>לא ידוע</QtyInPackage><UnitOfMeasurePrice>0.0586</UnitOfMeasurePrice><AllowDiscount>1</AllowDiscount><ItemStatus>1</ItemStatus><ItemPrice>9.90</ItemPrice></item><item><PriceUpdateDate>2016-05-01 06:41:08</PriceUpdateDate><ItemCode>38000845000</ItemCode><ItemType>1</ItemType><ItemName>חטיף פרינגלס שמנת וב</ItemName><ManufacturerName>פרינגלס</ManufacturerName><ManufactureCountry>ארצות הברית</ManufactureCountry><ManufacturerItemDescription>קרפרי מגן תחתון ן כותנה</ManufacturerItemDescription><SoldByWeight/><Quantity>169.00</Quantity><UnitOfMeasure>גרם     </UnitOfMeasure><QtyInPackage>לא ידוע</QtyInPackage><UnitOfMeasurePrice>0.0586</UnitOfMeasurePrice><AllowDiscount>1</AllowDiscount><ItemStatus>1</ItemStatus><ItemPrice>9.90</ItemPrice></item><item><PriceUpdateDate>2016-05-01 06:41:09</PriceUpdateDate><ItemCode>38000845024</ItemCode><ItemType>1</ItemType><ItemName>חטיף פרינגלס פיצה 16</ItemName><ManufacturerName>פרינגלס</ManufacturerName><ManufactureCountry>ישראל</ManufactureCountry><ManufacturerItemDescription>חטיף פרינגלס פיצה 16</ManufacturerItemDescription><SoldByWeight/><Quantity>169.00</Quantity><UnitOfMeasure>גרם     </UnitOfMeasure><QtyInPackage>לא ידוע</QtyInPackage><UnitOfMeasurePrice>0.0586</UnitOfMeasurePrice><AllowDiscount>1</AllowDiscount><ItemStatus>1</ItemStatus><ItemPrice>9.90</ItemPrice></item><item><PriceUpdateDate>2015-11-10 07:31:24</PriceUpdateDate><ItemCode>3838700022889</ItemCode><ItemType>1</ItemType><ItemName>צנימים חיטה מלאה 330</ItemName><ManufacturerName>לא ממותג</ManufacturerName><ManufactureCountry>ישראל</ManufactureCountry><ManufacturerItemDescription>צנימים חיטה מלאה 330</ManufacturerItemDescription><SoldByWeight/><Quantity>330.00</Quantity><UnitOfMeasure>גרם     </UnitOfMeasure><QtyInPackage>לא ידוע</QtyInPackage><UnitOfMeasurePrice>0.0361</UnitOfMeasurePrice><AllowDiscount>1</AllowDiscount><ItemStatus>1</ItemStatus><ItemPrice>11.90</ItemPrice></item><item><PriceUpdateDate>2016-05-01 10:30:06</PriceUpdateDate><ItemCode>38527591053</ItemCode><ItemType>1</ItemType><ItemName>דגני בוקר קואקר מרוב</ItemName><ManufacturerName>לא ממותג</ManufacturerName><ManufactureCountry>ארצות הברית</ManufactureCountry><ManufacturerItemDescription>קוואקר מרובעים קינמון</ManufacturerItemDescription><SoldByWeight/><Quantity>412.00</Quantity><UnitOfMeasure>גרם     </UnitOfMeasure><QtyInPackage>לא ידוע</QtyInPackage><UnitOfMeasurePrice>0.0592</UnitOfMeasurePrice><AllowDiscount>1</AllowDiscount><ItemStatus>1</ItemStatus><ItemPrice>24.40</ItemPrice></item><item><PriceUpdateDate>2016-05-01 10:30:06</PriceUpdateDate><ItemCode>38527591060</ItemCode><ItemType>1</ItemType><ItemName>דגני בוקר קואקר מרוב</ItemName><ManufacturerName>לא ממותג</ManufacturerName><ManufactureCountry>ארצות הברית</ManufactureCountry><ManufacturerItemDescription>קוואקר מרובעים סוכר חום</ManufacturerItemDescription><SoldByWeight/><Quantity>412.00</Quantity><UnitOfMeasure>גרם     </UnitOfMeasure><QtyInPackage>לא ידוע</QtyInPackage><UnitOfMeasurePrice>0.0592</UnitOfMeasurePrice><AllowDiscount>1</AllowDiscount><ItemStatus>1</ItemStatus><ItemPrice>24.40</ItemPrice></item><item><PriceUpdateDate>2016-05-01 10:30:06</PriceUpdateDate><ItemCode>38527591145</ItemCode><ItemType>1</ItemType><ItemName>דגני קפטן קראנץ בוטנ</ItemName><ManufacturerName>פררו</ManufacturerName><ManufactureCountry>ישראל</ManufactureCountry><ManufacturerItemDescription>דגני קפטן קראנץ בוטנ</ManufacturerItemDescription><SoldByWeight/><Quantity>355.00</Quantity><UnitOfMeasure>גרם     </UnitOfMeasure><QtyInPackage>לא ידוע</QtyInPackage><UnitOfMeasurePrice>0.0687</UnitOfMeasurePrice><AllowDiscount>1</AllowDiscount><ItemStatus>1</ItemStatus><ItemPrice>24.40</ItemPrice></item><item><PriceUpdateDate>2016-08-02 09:29:22</PriceUpdateDate><ItemCode>40000017325</ItemCode><ItemType>1</ItemType><ItemName>מב M$M בוטנים 150 גר</ItemName><ManufacturerName>M&amp;M</ManufacturerName><ManufactureCountry>ארצות הברית</ManufactureCountry><ManufacturerItemDescription>טמפוני או-בה    ר+מוליך</ManufacturerItemDescription><SoldByWeight/><Quantity>150.00</Quantity><UnitOfMeasure>גרם     </UnitOfMeasure><QtyInPackage>לא ידוע</QtyInPackage><UnitOfMeasurePrice>0.0793</UnitOfMeasurePrice><AllowDiscount>1</AllowDiscount><ItemStatus>1</ItemStatus><ItemPrice>11.90</ItemPrice></item><item><PriceUpdateDate>2015-10-29 07:16:46</PriceUpdateDate><ItemCode>4000417019004</ItemCode><ItemType>1</ItemType><ItemName>שוקולד ריטר אגוזים 1</ItemName><ManufacturerName>ריטר</ManufacturerName><ManufactureCountry>גרמניה</ManufactureCountry><ManufacturerItemDescription>דאודורנט FA     200SP FA</ManufacturerItemDescription><SoldByWeight/><Quantity>100.00</Quantity><UnitOfMeasure>גרם     </UnitOfMeasure><QtyInPackage>לא ידוע</QtyInPackage><UnitOfMeasurePrice>0.0990</UnitOfMeasurePrice><AllowDiscount>1</AllowDiscount><ItemStatus>1</ItemStatus><ItemPrice>9.90</ItemPrice></item><item><PriceUpdateDate>2015-10-29 07:16:46</PriceUpdateDate><ItemCode>4000417260000</ItemCode><ItemType>1</ItemType><ItemName>שוקולד ריטר מריר 71%</ItemName><ManufacturerName>לא ידוע</ManufacturerName><ManufactureCountry>גרמניה</ManufactureCountry><ManufacturerItemDescription>שמפו גליס        גלוס400</ManufacturerItemDescription><SoldByWeight/><Quantity>100.00</Quantity><UnitOfMeasure>גרם     </UnitOfMeasure><QtyInPackage>לא ידוע</QtyInPackage><UnitOfMeasurePrice>0.0990</UnitOfMeasurePrice><AllowDiscount>1</AllowDiscount><ItemStatus>1</ItemStatus><ItemPrice>9.90</ItemPrice></item><item><PriceUpdateDate>2016-05-01 10:30:26</PriceUpdateDate><ItemCode>4000522060311</ItemCode><ItemType>1</ItemType><ItemName>בייגלה צ'יו שמיניות</ItemName><ManufacturerName>צ'יו</ManufacturerName><ManufactureCountry>ישראל</ManufactureCountry><ManufacturerItemDescription>בייגלה צ'יו שמיניות</ManufacturerItemDescription><SoldByWeight/><Quantity>100.00</Quantity><UnitOfMeasure>גרם     </UnitOfMeasure><QtyInPackage>לא ידוע</QtyInPackage><UnitOfMeasurePrice>0.0490</UnitOfMeasurePrice><AllowDiscount>1</AllowDiscount><ItemStatus>1</ItemStatus><ItemPrice>4.90</ItemPrice></item><item><PriceUpdateDate>2016-05-01 10:30:26</PriceUpdateDate><ItemCode>4000522061752</ItemCode><ItemType>1</ItemType><ItemName>בייגלה צ'יו מקלות 10</ItemName><ManufacturerName>צ'יו</ManufacturerName><ManufactureCountry>ישראל</ManufactureCountry><ManufacturerItemDescription>בייגלה צ'יו מקלות 10</ManufacturerItemDescription><SoldByWeight/><Quantity>100.00</Quantity><UnitOfMeasure>גרם     </UnitOfMeasure><QtyInPackage>לא ידוע</QtyInPackage><UnitOfMeasurePrice>0.0490</UnitOfMeasurePrice><AllowDiscount>1</AllowDiscount><ItemStatus>1</ItemStatus><ItemPrice>4.90</ItemPrice></item><item><PriceUpdateDate>2016-06-28 07:03:04</PriceUpdateDate><ItemCode>4001518000298</ItemCode><ItemType>1</ItemType><ItemName>עוגיות שוקוצ'יפס קלא</ItemName><ManufacturerName>גריסון</ManufacturerName><ManufactureCountry>גרמניה</ManufactureCountry><ManufacturerItemDescription>מסכת גליס        גלוס150</ManufacturerItemDescription><SoldByWeight/><Quantity>150.00</Quantity><UnitOfMeasure>גרם     </UnitOfMeasure><QtyInPackage>לא ידוע</QtyInPackage><UnitOfMeasurePrice>0.0727</UnitOfMeasurePrice><AllowDiscount>1</AllowDiscount><ItemStatus>1</ItemStatus><ItemPrice>10.90</ItemPrice></item><item><PriceUpdateDate>2016-06-28 07:03:04</PriceUpdateDate><ItemCode>4001518001219</ItemCode><ItemType>1</ItemType><ItemName>עוגיות שוקוצ'יפס ואג</ItemName><ManufacturerName>גריסון</ManufacturerName><ManufactureCountry>גרמניה</ManufactureCountry><ManufacturerItemDescription>עוגיות שוקולד ציפס עם שבר</ManufacturerItemDescription><SoldByWeight/><Quantity>150.00</Quantity><UnitOfMeasure>גרם     </UnitOfMeasure><QtyInPackage>לא ידוע</QtyInPackage><UnitOfMeasurePrice>0.0727</UnitOfMeasurePrice><AllowDiscount>1</AllowDiscount><ItemStatus>1</ItemStatus><ItemPrice>10.90</ItemPrice></item><item><PriceUpdateDate>2016-06-28 07:03:04</PriceUpdateDate><ItemCode>4001518107638</ItemCode><ItemType>1</ItemType><ItemName>עוגיות שוקוצ'יפס דאב</ItemName><ManufacturerName>גריסון</ManufacturerName><ManufactureCountry>ישראל</ManufactureCountry><ManufacturerItemDescription>עוגיות שוקוצ'יפס דאב</ManufacturerItemDescription><SoldByWeight/><Quantity>150.00</Quantity><UnitOfMeasure>גרם     </UnitOfMeasure><QtyInPackage>לא ידוע</QtyInPackage><UnitOfMeasurePrice>0.0727</UnitOfMeasurePrice><AllowDiscount>1</AllowDiscount><ItemStatus>1</ItemStatus><ItemPrice>10.90</ItemPrice></item><item><PriceUpdateDate>2016-08-02 09:29:26</PriceUpdateDate><ItemCode>4002448019480</ItemCode><ItemType>1</ItemType><ItemName>מב מסיר שומנים סיליט</ItemName><ManufacturerName>סיליט</ManufacturerName><ManufactureCountry>פולין</ManufactureCountry><ManufacturerItemDescription>מב מסיר שומנים סיליט</ManufacturerItemDescription><SoldByWeight/><Quantity>750.00</Quantity><UnitOfMeasure>מ"ל</UnitOfMeasure><QtyInPackage>לא ידוע</QtyInPackage><UnitOfMeasurePrice>0.0145</UnitOfMeasurePrice><AllowDiscount>1</AllowDiscount><ItemStatus>1</ItemStatus><ItemPrice>10.90</ItemPrice></item><item><PriceUpdateDate>2016-05-01 10:30:27</PriceUpdateDate><ItemCode>4002720005736</ItemCode><ItemType>1</ItemType><ItemName>קפה פילטר מליטה פרימ</ItemName><ManufacturerName>מליטה</ManufacturerName><ManufactureCountry>גרמניה</ManufactureCountry><ManufacturerItemDescription>דאודורנט פה     יט 200מ</ManufacturerItemDescription><SoldByWeight/><Quantity>250.00</Quantity><UnitOfMeasure>גרם     </UnitOfMeasure><QtyInPackage>לא ידוע</QtyInPackage><UnitOfMeasurePrice>0.0856</UnitOfMeasurePrice><AllowDiscount>1</AllowDiscount><ItemStatus>1</ItemStatus><ItemPrice>21.40</ItemPrice></item><item><PriceUpdateDate>2016-06-28 07:03:05</PriceUpdateDate><ItemCode>4006387000950</ItemCode><ItemType>1</ItemType><ItemName>מב שלישיית פילטרים מ</ItemName><ManufacturerName>לא ידוע</ManufacturerName><ManufactureCountry>גרמניה</ManufactureCountry><ManufacturerItemDescription>שלישיית פילטר בריטה מקסטר</ManufacturerItemDescription><SoldByWeight/><Quantity>0.00</Quantity><UnitOfMeasure>יח'</UnitOfMeasure><QtyInPackage>לא ידוע</QtyInPackage><UnitOfMeasurePrice>0.0000</UnitOfMeasurePrice><AllowDiscount>1</AllowDiscount><ItemStatus>1</ItemStatus><ItemPrice>84.90</ItemPrice></item><item><PriceUpdateDate>2016-05-01 10:30:27</PriceUpdateDate><ItemCode>4006508200009</ItemCode><ItemType>1</ItemType><ItemName>מליטה נייר פילטר</ItemName><ManufacturerName>לא ממותג</ManufacturerName><ManufactureCountry>ישראל</ManufactureCountry><ManufacturerItemDescription>מליטה נייר פילטר</ManufacturerItemDescription><SoldByWeight/><Quantity>0.00</Quantity><UnitOfMeasure>יח'</UnitOfMeasure><QtyInPackage>לא ידוע</QtyInPackage><UnitOfMeasurePrice>0.0000</UnitOfMeasurePrice><AllowDiscount>1</AllowDiscount><ItemStatus>1</ItemStatus><ItemPrice>12.30</ItemPrice></item><item><PriceUpdateDate>2016-05-01 10:30:29</PriceUpdateDate><ItemCode>4009900013581</ItemCode><ItemType>1</ItemType><ItemName>מארז אורביט בטעם ספי</ItemName><ManufacturerName>אורביט</ManufacturerName><ManufactureCountry>ישראל</ManufactureCountry><ManufacturerItemDescription>מארז אורביט בטעם ספי</ManufacturerItemDescription><SoldByWeight/><Quantity>65.00</Quantity><UnitOfMeasure>גרם     </UnitOfMeasure><QtyInPackage>לא ידוע</QtyInPackage><UnitOfMeasurePrice>0.1554</UnitOfMeasurePrice><AllowDiscount>1</AllowDiscount><ItemStatus>1</ItemStatus><ItemPrice>10.10</ItemPrice></item><item><PriceUpdateDate>2016-05-01 10:30:29</PriceUpdateDate><ItemCode>4009900360937</ItemCode><ItemType>1</ItemType><ItemName>מסטיק איירווייבז מנט</ItemName><ManufacturerName>איירווייבז</ManufacturerName><ManufactureCountry>פולין</ManufactureCountry><ManufacturerItemDescription>סכיני גילוח     טרא2 שיק</ManufacturerItemDescription><SoldByWeight/><Quantity>42.00</Quantity><UnitOfMeasure>גרם     </UnitOfMeasure><QtyInPackage>לא ידוע</QtyInPackage><UnitOfMeasurePrice>0.1452</UnitOfMeasurePrice><AllowDiscount>1</AllowDiscount><ItemStatus>1</ItemStatus><ItemPrice>6.10</ItemPrice></item><item><PriceUpdateDate>2016-05-01 10:30:30</PriceUpdateDate><ItemCode>4009900379564</ItemCode><ItemType>1</ItemType><ItemName>מסטיק הובה בובה טייפ</ItemName><ManufacturerName>הובה בובה</ManufacturerName><ManufactureCountry>ישראל</ManufactureCountry><ManufacturerItemDescription>מסטיק הובה בובה טייפ</ManufacturerItemDescription><SoldByWeight/><Quantity>14.00</Quantity><UnitOfMeasure>גרם     </UnitOfMeasure><QtyInPackage>לא ידוע</QtyInPackage><UnitOfMeasurePrice>0.5286</UnitOfMeasurePrice><AllowDiscount>1</AllowDiscount><ItemStatus>1</ItemStatus><ItemPrice>7.40</ItemPrice></item><item><PriceUpdateDate>2016-05-01 10:30:30</PriceUpdateDate><ItemCode>4009900385824</ItemCode><ItemType>1</ItemType><ItemName>מארז אורביט בטעם פפר</ItemName><ManufacturerName>אורביט</ManufacturerName><ManufactureCountry>ישראל</ManufactureCountry><ManufacturerItemDescription>מארז אורביט בטעם פפר</ManufacturerItemDescription><SoldByWeight/><Quantity>65.00</Quantity><UnitOfMeasure>גרם     </UnitOfMeasure><QtyInPackage>לא ידוע</QtyInPackage><UnitOfMeasurePrice>0.1554</UnitOfMeasurePrice><AllowDiscount>1</AllowDiscount><ItemStatus>1</ItemStatus><ItemPrice>10.10</ItemPrice></item><item><PriceUpdateDate>2016-05-01 10:30:30</PriceUpdateDate><ItemCode>4009900402965</ItemCode><ItemType>1</ItemType><ItemName>מסטיק אורביט פירות ב</ItemName><ManufacturerName>אורביט</ManufacturerName><ManufactureCountry>פולין</ManufactureCountry><ManufacturerItemDescription>סכיני גילוח שיק לאישה5+2</ManufacturerItemDescription><SoldByWeight/><Quantity>64.00</Quantity><UnitOfMeasure>גרם     </UnitOfMeasure><QtyInPackage>לא ידוע</QtyInPackage><UnitOfMeasurePrice>0.1547</UnitOfMeasurePrice><AllowDiscount>1</AllowDiscount><ItemStatus>1</ItemStatus><ItemPrice>9.90</ItemPrice></item><item><PriceUpdateDate>2016-05-01 10:30:30</PriceUpdateDate><ItemCode>4009900403023</ItemCode><ItemType>1</ItemType><ItemName>מסטיק אורביט מנטה בק</ItemName><ManufacturerName>אורביט</ManufacturerName><ManufactureCountry>פולין</ManufactureCountry><ManufacturerItemDescription>סכיני גילוח נשיםום נשים</ManufacturerItemDescription><SoldByWeight/><Quantity>64.00</Quantity><UnitOfMeasure>גרם     </UnitOfMeasure><QtyInPackage>לא ידוע</QtyInPackage><UnitOfMeasurePrice>0.1547</UnitOfMeasurePrice><AllowDiscount>1</AllowDiscount><ItemStatus>1</ItemStatus><ItemPrice>9.90</ItemPrice></item><item><PriceUpdateDate>2016-05-01 10:30:30</PriceUpdateDate><ItemCode>4009900405713</ItemCode><ItemType>1</ItemType><ItemName>מסטיק איירווייבז מנט</ItemName><ManufacturerName>איירווייבז</ManufacturerName><ManufactureCountry>פולין</ManufactureCountry><ManufacturerItemDescription>רוטב סויה יאמאסה 500 מ"ל</ManufacturerItemDescription><SoldByWeight/><Quantity>42.00</Quantity><UnitOfMeasure>גרם     </UnitOfMeasure><QtyInPackage>לא ידוע</QtyInPackage><UnitOfMeasurePrice>0.1452</UnitOfMeasurePrice><AllowDiscount>1</AllowDiscount><ItemStatus>1</ItemStatus><ItemPrice>6.10</ItemPrice></item><item><PriceUpdateDate>2016-05-01 10:30:30</PriceUpdateDate><ItemCode>4009900420303</ItemCode><ItemType>1</ItemType><ItemName>מארז שלישיה אורביט פ</ItemName><ManufacturerName>אורביט</ManufacturerName><ManufactureCountry>פולין</ManufactureCountry><ManufacturerItemDescription>רוטב סויה       נתרן500מ</ManufacturerItemDescription><SoldByWeight/><Quantity>42.00</Quantity><UnitOfMeasure>גרם     </UnitOfMeasure><QtyInPackage>לא ידוע</QtyInPackage><UnitOfMeasurePrice>0.2262</UnitOfMeasurePrice><AllowDiscount>1</AllowDiscount><ItemStatus>1</ItemStatus><ItemPrice>9.50</ItemPrice></item><item><PriceUpdateDate>2016-05-01 10:30:30</PriceUpdateDate><ItemCode>4009900460187</ItemCode><ItemType>1</ItemType><ItemName>סוכריות סקיטלס פירות</ItemName><ManufacturerName>לא ממותג</ManufacturerName><ManufactureCountry>ישראל</ManufactureCountry><ManufacturerItemDescription>סוכריות סקיטלס  ירות38ג</ManufacturerItemDescription><SoldByWeight/><Quantity>38.00</Quantity><UnitOfMeasure>גרם     </UnitOfMeasure><QtyInPackage>לא ידוע</QtyInPackage><UnitOfMeasurePrice>0.0868</UnitOfMeasurePrice><AllowDiscount>1</AllowDiscount><ItemStatus>1</ItemStatus><ItemPrice>3.30</ItemPrice></item><item><PriceUpdateDate>2016-05-01 10:30:30</PriceUpdateDate><ItemCode>4009900463201</ItemCode><ItemType>1</ItemType><ItemName>סוכריות סקיטלס פירות</ItemName><ManufacturerName>לא ממותג</ManufacturerName><ManufactureCountry>ישראל</ManufactureCountry><ManufacturerItemDescription>סוכריות סקיטלס  ירות174ג</ManufacturerItemDescription><SoldByWeight/><Quantity>174.00</Quantity><UnitOfMeasure>גרם     </UnitOfMeasure><QtyInPackage>לא ידוע</QtyInPackage><UnitOfMeasurePrice>0.0546</UnitOfMeasurePrice><AllowDiscount>1</AllowDiscount><ItemStatus>1</ItemStatus><ItemPrice>9.50</ItemPrice></item><item><PriceUpdateDate>2016-05-01 10:30:31</PriceUpdateDate><ItemCode>4009900482417</ItemCode><ItemType>1</ItemType><ItemName>מסטיק אורביט פירות מ</ItemName><ManufacturerName>אורביט</ManufacturerName><ManufactureCountry>פולין</ManufactureCountry><ManufacturerItemDescription>חטיפי סניקרס    ז 50*4גר</ManufacturerItemDescription><SoldByWeight/><Quantity>64.00</Quantity><UnitOfMeasure>גרם     </UnitOfMeasure><QtyInPackage>לא ידוע</QtyInPackage><UnitOfMeasurePrice>0.1547</UnitOfMeasurePrice><AllowDiscount>1</AllowDiscount><ItemStatus>1</ItemStatus><ItemPrice>9.90</ItemPrice></item><item><PriceUpdateDate>2016-06-06 15:12:07</PriceUpdateDate><ItemCode>4009900484008</ItemCode><ItemType>1</ItemType><ItemName>בקבוקון גדול אורביט</ItemName><ManufacturerName>אורביט</ManufacturerName><ManufactureCountry>ישראל</ManufactureCountry><ManufacturerItemDescription>בקבוקון גדול אורביט</ManufacturerItemDescription><SoldByWeight/><Quantity>84.00</Quantity><UnitOfMeasure>גרם     </UnitOfMeasure><QtyInPackage>לא ידוע</QtyInPackage><UnitOfMeasurePrice>0.1655</UnitOfMeasurePrice><AllowDiscount>1</AllowDiscount><ItemStatus>1</ItemStatus><ItemPrice>13.90</ItemPrice></item><item><PriceUpdateDate>2016-05-01 10:30:32</PriceUpdateDate><ItemCode>4009900504126</ItemCode><ItemType>1</ItemType><ItemName>מסטיק אורביט פרופשיו</ItemName><ManufacturerName>אורביט</ManufacturerName><ManufactureCountry>פולין</ManufactureCountry><ManufacturerItemDescription>רוטב סויה       נתרן500מ</ManufacturerItemDescription><SoldByWeight/><Quantity>56.00</Quantity><UnitOfMeasure>גרם     </UnitOfMeasure><QtyInPackage>לא ידוע</QtyInPackage><UnitOfMeasurePrice>0.1946</UnitOfMeasurePrice><AllowDiscount>1</AllowDiscount><ItemStatus>1</ItemStatus><ItemPrice>10.90</ItemPrice></item><item><PriceUpdateDate>2016-05-01 10:30:32</PriceUpdateDate><ItemCode>4009900504218</ItemCode><ItemType>1</ItemType><ItemName>מסטיק אורביט תפוז בק</ItemName><ManufacturerName>אורביט</ManufacturerName><ManufactureCountry>פולין</ManufactureCountry><ManufacturerItemDescription>סכיני גילוח נשיםום נשים</ManufacturerItemDescription><SoldByWeight/><Quantity>64.00</Quantity><UnitOfMeasure>גרם     </UnitOfMeasure><QtyInPackage>לא ידוע</QtyInPackage><UnitOfMeasurePrice>0.1547</UnitOfMeasurePrice><AllowDiscount>1</AllowDiscount><ItemStatus>1</ItemStatus><ItemPrice>9.90</ItemPrice></item><item><PriceUpdateDate>2016-05-01 10:29:47</PriceUpdateDate><ItemCode>40111216</ItemCode><ItemType>1</ItemType><ItemName>חטיף באונטי 57 גרם</ItemName><ManufacturerName>לא ממותג</ManufacturerName><ManufactureCountry>הולנד</ManufactureCountry><ManufacturerItemDescription>חטיף באונטי     רם</ManufacturerItemDescription><SoldByWeight/><Quantity>57.00</Quantity><UnitOfMeasure>גרם     </UnitOfMeasure><QtyInPackage>לא ידוע</QtyInPackage><UnitOfMeasurePrice>0.1035</UnitOfMeasurePrice><AllowDiscount>0</AllowDiscount><ItemStatus>1</ItemStatus><ItemPrice>5.90</ItemPrice></item><item><PriceUpdateDate>2016-05-10 07:10:35</PriceUpdateDate><ItemCode>4011800567613</ItemCode><ItemType>1</ItemType><ItemName>מב חטיף קורני שחור ו</ItemName><ManufacturerName>קורני</ManufacturerName><ManufactureCountry>גרמניה</ManufactureCountry><ManufacturerItemDescription>קיווי נוזל      ם שחור75</ManufacturerItemDescription><SoldByWeight/><Quantity>120.00</Quantity><UnitOfMeasure>גרם     </UnitOfMeasure><QtyInPackage>לא ידוע</QtyInPackage><UnitOfMeasurePrice>0.0992</UnitOfMeasurePrice><AllowDiscount>1</AllowDiscount><ItemStatus>1</ItemStatus><ItemPrice>11.90</ItemPrice></item><item><PriceUpdateDate>2016-05-10 07:10:35</PriceUpdateDate><ItemCode>4011800568610</ItemCode><ItemType>1</ItemType><ItemName>מב חטיף דגנים במילוי</ItemName><ManufacturerName>קורני</ManufacturerName><ManufactureCountry>גרמניה</ManufactureCountry><ManufacturerItemDescription>פלדג' 5 ב1-     יק 250מל</ManufacturerItemDescription><SoldByWeight/><Quantity>120.00</Quantity><UnitOfMeasure>גרם     </UnitOfMeasure><QtyInPackage>לא ידוע</QtyInPackage><UnitOfMeasurePrice>0.0992</UnitOfMeasurePrice><AllowDiscount>1</AllowDiscount><ItemStatus>1</ItemStatus><ItemPrice>11.90</ItemPrice></item><item><PriceUpdateDate>2016-05-10 07:10:35</PriceUpdateDate><ItemCode>4011800628512</ItemCode><ItemType>1</ItemType><ItemName>מב קורני חטיף גרנולה</ItemName><ManufacturerName>קורני</ManufacturerName><ManufactureCountry>גרמניה</ManufactureCountry><ManufacturerItemDescription>פלדג' לרהיטים5ב2501מ</ManufacturerItemDescription><SoldByWeight/><Quantity>150.00</Quantity><UnitOfMeasure>גרם     </UnitOfMeasure><QtyInPackage>לא ידוע</QtyInPackage><UnitOfMeasurePrice>0.0793</UnitOfMeasurePrice><AllowDiscount>0</AllowDiscount><ItemStatus>1</ItemStatus><ItemPrice>11.90</ItemPrice></item><item><PriceUpdateDate>2016-05-10 07:10:35</PriceUpdateDate><ItemCode>4011800629519</ItemCode><ItemType>1</ItemType><ItemName>מב חטיף קורני עם אגו</ItemName><ManufacturerName>קורני</ManufacturerName><ManufactureCountry>ישראל</ManufactureCountry><ManufacturerItemDescription>מב חטיף קורני עם אגו</ManufacturerItemDescription><SoldByWeight/><Quantity>150.00</Quantity><UnitOfMeasure>גרם     </UnitOfMeasure><QtyInPackage>לא ידוע</QtyInPackage><UnitOfMeasurePrice>0.0793</UnitOfMeasurePrice><AllowDiscount>0</AllowDiscount><ItemStatus>1</ItemStatus><ItemPrice>11.90</ItemPrice></item><item><PriceUpdateDate>2016-05-10 07:10:35</PriceUpdateDate><ItemCode>4011800630515</ItemCode><ItemType>1</ItemType><ItemName>מב חטיף קורני עם שוק</ItemName><ManufacturerName>קורני</ManufacturerName><ManufactureCountry>גרמניה</ManufactureCountry><ManufacturerItemDescription>סוללות דורסל     12 יח'</ManufacturerItemDescription><SoldByWeight/><Quantity>150.00</Quantity><UnitOfMeasure>גרם     </UnitOfMeasure><QtyInPackage>לא ידוע</QtyInPackage><UnitOfMeasurePrice>0.0793</UnitOfMeasurePrice><AllowDiscount>0</AllowDiscount><ItemStatus>1</ItemStatus><ItemPrice>11.90</ItemPrice></item><item><PriceUpdateDate>2016-05-10 07:10:35</PriceUpdateDate><ItemCode>4011800632519</ItemCode><ItemType>1</ItemType><ItemName>מב חטיף קורני עם גרנ</ItemName><ManufacturerName>קורני</ManufacturerName><ManufactureCountry>גרמניה</ManufactureCountry><ManufacturerItemDescription>רייד מונע עש    ני</ManufacturerItemDescription><SoldByWeight/><Quantity>150.00</Quantity><UnitOfMeasure>גרם     </UnitOfMeasure><QtyInPackage>לא ידוע</QtyInPackage><UnitOfMeasurePrice>0.0793</UnitOfMeasurePrice><AllowDiscount>0</AllowDiscount><ItemStatus>1</ItemStatus><ItemPrice>11.90</ItemPrice></item><item><PriceUpdateDate>2016-05-10 07:10:35</PriceUpdateDate><ItemCode>4011800633516</ItemCode><ItemType>1</ItemType><ItemName>מב חטיף קורני שוקולד</ItemName><ManufacturerName>קורני</ManufacturerName><ManufactureCountry>גרמניה</ManufactureCountry><ManufacturerItemDescription>דאק ג'ל נוזלי   רוק55מל</ManufacturerItemDescription><SoldByWeight/><Quantity>138.00</Quantity><UnitOfMeasure>גרם     </UnitOfMeasure><QtyInPackage>לא ידוע</QtyInPackage><UnitOfMeasurePrice>0.0862</UnitOfMeasurePrice><AllowDiscount>1</AllowDiscount><ItemStatus>1</ItemStatus><ItemPrice>11.90</ItemPrice></item><item><PriceUpdateDate>2016-05-01 06:10:24</PriceUpdateDate><ItemCode>4014400901191</ItemCode><ItemType>1</ItemType><ItemName>בונבונירה מרסי אוריג</ItemName><ManufacturerName>מרסי</ManufacturerName><ManufactureCountry>גרמניה</ManufactureCountry><ManufacturerItemDescription>טמפוני קוטקס    מיני</ManufacturerItemDescription><SoldByWeight/><Quantity>250.00</Quantity><UnitOfMeasure>גרם     </UnitOfMeasure><QtyInPackage>לא ידוע</QtyInPackage><UnitOfMeasurePrice>0.1196</UnitOfMeasurePrice><AllowDiscount>1</AllowDiscount><ItemStatus>1</ItemStatus><ItemPrice>29.90</ItemPrice></item><item><PriceUpdateDate>2016-05-31 06:15:18</PriceUpdateDate><ItemCode>4014400914276</ItemCode><ItemType>1</ItemType><ItemName>טבלת מרסי שוקולד מרי</ItemName><ManufacturerName>מרסי</ManufacturerName><ManufactureCountry>ישראל</ManufactureCountry><ManufacturerItemDescription>טבלת מרסי שוקולד מרי</ManufacturerItemDescription><SoldByWeight/><Quantity>100.00</Quantity><UnitOfMeasure>גרם     </UnitOfMeasure><QtyInPackage>לא ידוע</QtyInPackage><UnitOfMeasurePrice>0.1590</UnitOfMeasurePrice><AllowDiscount>1</AllowDiscount><ItemStatus>1</ItemStatus><ItemPrice>15.90</ItemPrice></item><item><PriceUpdateDate>2016-05-01 10:30:34</PriceUpdateDate><ItemCode>4014400914696</ItemCode><ItemType>1</ItemType><ItemName>סוכריות וורטר'ס אורי</ItemName><ManufacturerName>וורטרס אורגינל-שטורק</ManufacturerName><ManufactureCountry>גרמניה</ManufactureCountry><ManufacturerItemDescription>גליליות וופל    ז/קקא150</ManufacturerItemDescription><SoldByWeight/><Quantity>80.00</Quantity><UnitOfMeasure>גרם     </UnitOfMeasure><QtyInPackage>לא ידוע</QtyInPackage><UnitOfMeasurePrice>0.1525</UnitOfMeasurePrice><AllowDiscount>1</AllowDiscount><ItemStatus>1</ItemStatus><ItemPrice>12.20</ItemPrice></item><item><PriceUpdateDate>2016-05-31 06:15:18</PriceUpdateDate><ItemCode>4014400916744</ItemCode><ItemType>1</ItemType><ItemName>טבלת מרסי שוק.מריר ע</ItemName><ManufacturerName>מרסי</ManufacturerName><ManufactureCountry>לא ידוע</ManufactureCountry><ManufacturerItemDescription>טבלת מרסי שוק.מריר ע</ManufacturerItemDescription><SoldByWeight/><Quantity>100.00</Quantity><UnitOfMeasure>גרם     </UnitOfMeasure><QtyInPackage>לא ידוע</QtyInPackage><UnitOfMeasurePrice>0.1590</UnitOfMeasurePrice><AllowDiscount>1</AllowDiscount><ItemStatus>1</ItemStatus><ItemPrice>15.90</ItemPrice></item><item><PriceUpdateDate>2016-05-31 06:15:18</PriceUpdateDate><ItemCode>4014400916751</ItemCode><ItemType>1</ItemType><ItemName>טבלת מרסי שוק.חלב קר</ItemName><ManufacturerName>מרסי</ManufacturerName><ManufactureCountry>לא ידוע</ManufactureCountry><ManufacturerItemDescription>טבלת מרסי שוק.חלב קר</ManufacturerItemDescription><SoldByWeight/><Quantity>112.00</Quantity><UnitOfMeasure>גרם     </UnitOfMeasure><QtyInPackage>לא ידוע</QtyInPackage><UnitOfMeasurePrice>0.1420</UnitOfMeasurePrice><AllowDiscount>1</AllowDiscount><ItemStatus>1</ItemStatus><ItemPrice>15.90</ItemPrice></item><item><PriceUpdateDate>2016-05-31 06:15:18</PriceUpdateDate><ItemCode>4015400556916</ItemCode><ItemType>1</ItemType><ItemName>מגן תחתון אולוויז מג</ItemName><ManufacturerName>אולוויז</ManufacturerName><ManufactureCountry>גרמניה</ManufactureCountry><ManufacturerItemDescription>פריסקיז פאוץ'    85גר</ManufacturerItemDescription><SoldByWeight/><Quantity>80.00</Quantity><UnitOfMeasure>בודד</UnitOfMeasure><QtyInPackage>לא ידוע</QtyInPackage><UnitOfMeasurePrice>0.2737</UnitOfMeasurePrice><AllowDiscount>1</AllowDiscount><ItemStatus>1</ItemStatus><ItemPrice>21.90</ItemPrice></item><item><PriceUpdateDate>2016-05-31 06:15:19</PriceUpdateDate><ItemCode>4015400564034</ItemCode><ItemType>1</ItemType><ItemName>מגן תחתון אולוויז מג</ItemName><ManufacturerName>אולוויז</ManufacturerName><ManufactureCountry>ישראל</ManufactureCountry><ManufacturerItemDescription>מגן תחתון אולוויז מג</ManufacturerItemDescription><SoldByWeight/><Quantity>58.00</Quantity><UnitOfMeasure>בודד</UnitOfMeasure><QtyInPackage>לא ידוע</QtyInPackage><UnitOfMeasurePrice>0.3776</UnitOfMeasurePrice><AllowDiscount>1</AllowDiscount><ItemStatus>1</ItemStatus><ItemPrice>21.90</ItemPrice></item><item><PriceUpdateDate>2016-02-02 07:12:24</PriceUpdateDate><ItemCode>4015400700272</ItemCode><ItemType>1</ItemType><ItemName>תחבושות אולוויז דואו</ItemName><ManufacturerName>פרוקטר&amp;גמבל</ManufacturerName><ManufactureCountry>גרמניה</ManufactureCountry><ManufacturerItemDescription>אולוויז דואו לילה 20 יח</ManufacturerItemDescription><SoldByWeight/><Quantity>20.00</Quantity><UnitOfMeasure>בודד</UnitOfMeasure><QtyInPackage>לא ידוע</QtyInPackage><UnitOfMeasurePrice>1.0950</UnitOfMeasurePrice><AllowDiscount>1</AllowDiscount><ItemStatus>1</ItemStatus><ItemPrice>21.90</ItemPrice></item><item><PriceUpdateDate>2016-05-31 06:15:19</PriceUpdateDate><ItemCode>4015400824701</ItemCode><ItemType>1</ItemType><ItemName>טמפוני טמפקס פלאש סו</ItemName><ManufacturerName>פרוקטר אנד גמבל</ManufacturerName><ManufactureCountry>הונגריה</ManufactureCountry><ManufacturerItemDescription>טמפקס פלאש      ר 30 יח'</ManufacturerItemDescription><SoldByWeight/><Quantity>30.00</Quantity><UnitOfMeasure>בודד</UnitOfMeasure><QtyInPackage>לא ידוע</QtyInPackage><UnitOfMeasurePrice>1.0967</UnitOfMeasurePrice><AllowDiscount>1</AllowDiscount><ItemStatus>1</ItemStatus><ItemPrice>32.90</ItemPrice></item><item><PriceUpdateDate>2016-05-31 06:15:19</PriceUpdateDate><ItemCode>4015400824725</ItemCode><ItemType>1</ItemType><ItemName>טמפוני טמפקס פלאש סו</ItemName><ManufacturerName>פרוקטר אנד גמבל</ManufacturerName><ManufactureCountry>הונגריה</ManufactureCountry><ManufacturerItemDescription>טמפקס פלאש סופר 30 יח'</ManufacturerItemDescription><SoldByWeight/><Quantity>0.00</Quantity><UnitOfMeasure>יח'</UnitOfMeasure><QtyInPackage>לא ידוע</QtyInPackage><UnitOfMeasurePrice>0.0000</UnitOfMeasurePrice><AllowDiscount>1</AllowDiscount><ItemStatus>1</ItemStatus><ItemPrice>32.90</ItemPrice></item><item><PriceUpdateDate>2016-05-31 06:15:19</PriceUpdateDate><ItemCode>4015600515492</ItemCode><ItemType>1</ItemType><ItemName>נוזל כלים פיירי לימו</ItemName><ManufacturerName>פיירי</ManufacturerName><ManufactureCountry>צכיה</ManufactureCountry><ManufacturerItemDescription>נוזל כלים פיירי לימו</ManufacturerItemDescription><SoldByWeight/><Quantity>720.00</Quantity><UnitOfMeasure>מ"ל</UnitOfMeasure><QtyInPackage>לא ידוע</QtyInPackage><UnitOfMeasurePrice>0.0124</UnitOfMeasurePrice><AllowDiscount>1</AllowDiscount><ItemStatus>1</ItemStatus><ItemPrice>8.90</ItemPrice></item><item><PriceUpdateDate>2015-06-30 07:22:40</PriceUpdateDate><ItemCode>4015600515614</ItemCode><ItemType>1</ItemType><ItemName>נוזל כלים פיירי לימו</ItemName><ManufacturerName>פיירי</ManufacturerName><ManufactureCountry>צכיה</ManufactureCountry><ManufacturerItemDescription>נוזל כלים פיירי לימו</ManufacturerItemDescription><SoldByWeight/><Quantity>720.00</Quantity><UnitOfMeasure>מ"ל</UnitOfMeasure><QtyInPackage>לא ידוע</QtyInPackage><UnitOfMeasurePrice>0.0138</UnitOfMeasurePrice><AllowDiscount>1</AllowDiscount><ItemStatus>1</ItemStatus><ItemPrice>9.90</ItemPrice></item><item><PriceUpdateDate>2016-05-31 06:15:19</PriceUpdateDate><ItemCode>4015600762940</ItemCode><ItemType>1</ItemType><ItemName>שמפו הד שולדרס תפוח</ItemName><ManufacturerName>הד&amp;שולדרס</ManufacturerName><ManufactureCountry>ישראל</ManufactureCountry><ManufacturerItemDescription>שמפו הד שולדרס תפוח</ManufacturerItemDescription><SoldByWeight/><Quantity>500.00</Quantity><UnitOfMeasure>מ"ל</UnitOfMeasure><QtyInPackage>לא ידוע</QtyInPackage><UnitOfMeasurePrice>0.0458</UnitOfMeasurePrice><AllowDiscount>1</AllowDiscount><ItemStatus>1</ItemStatus><ItemPrice>22.90</ItemPrice></item><item><PriceUpdateDate>2016-05-01 10:30:35</PriceUpdateDate><ItemCode>4028208000284</ItemCode><ItemType>1</ItemType><ItemName>נייר פילטרמס' 4 80 י</ItemName><ManufacturerName>לא ממותג</ManufacturerName><ManufactureCountry>גרמניה</ManufactureCountry><ManufacturerItemDescription>מברשת קולגייט   רדנטל</ManufacturerItemDescription><SoldByWeight/><Quantity>0.00</Quantity><UnitOfMeasure>יח'</UnitOfMeasure><QtyInPackage>לא ידוע</QtyInPackage><UnitOfMeasurePrice>0.0000</UnitOfMeasurePrice><AllowDiscount>1</AllowDiscount><ItemStatus>1</ItemStatus><ItemPrice>15.40</ItemPrice></item><item><PriceUpdateDate>2016-08-03 09:18:42</PriceUpdateDate><ItemCode>4033100024252</ItemCode><ItemType>1</ItemType><ItemName>ס.וינסטון אקווה בודד</ItemName><ManufacturerName>וינסטון</ManufacturerName><ManufactureCountry>ישראל</ManufactureCountry><ManufacturerItemDescription>סיגריות ווינסטוןוה חפיסה</ManufacturerItemDescription><SoldByWeight/><Quantity>0.00</Quantity><UnitOfMeasure>יח'</UnitOfMeasure><QtyInPackage>לא ידוע</QtyInPackage><UnitOfMeasurePrice>0.0000</UnitOfMeasurePrice><AllowDiscount>1</AllowDiscount><ItemStatus>1</ItemStatus><ItemPrice>30.50</ItemPrice></item><item><PriceUpdateDate>2016-08-02 09:29:27</PriceUpdateDate><ItemCode>4053700292455</ItemCode><ItemType>1</ItemType><ItemName>מב ויט רצועות שעווה</ItemName><ManufacturerName>ויט</ManufacturerName><ManufactureCountry>ישראל</ManufactureCountry><ManufacturerItemDescription>מב ויט רצועות שעווה</ManufacturerItemDescription><SoldByWeight/><Quantity>1.00</Quantity><UnitOfMeasure>יח'</UnitOfMeasure><QtyInPackage>לא ידוע</QtyInPackage><UnitOfMeasurePrice>25.9000</UnitOfMeasurePrice><AllowDiscount>1</AllowDiscount><ItemStatus>1</ItemStatus><ItemPrice>25.90</ItemPrice></item><item><PriceUpdateDate>2016-05-20 06:39:46</PriceUpdateDate><ItemCode>4084500078758</ItemCode><ItemType>1</ItemType><ItemName>אריאל פודס רגיל 28 י</ItemName><ManufacturerName>אריאל</ManufacturerName><ManufactureCountry>ישראל</ManufactureCountry><ManufacturerItemDescription>אריאל פודס רגיל 28 י</ManufacturerItemDescription><SoldByWeight/><Quantity>1.00</Quantity><UnitOfMeasure>יח'</UnitOfMeasure><QtyInPackage>לא ידוע</QtyInPackage><UnitOfMeasurePrice>36.9000</UnitOfMeasurePrice><AllowDiscount>1</AllowDiscount><ItemStatus>1</ItemStatus><ItemPrice>36.90</ItemPrice></item><item><PriceUpdateDate>2015-12-03 07:08:37</PriceUpdateDate><ItemCode>4084500088917</ItemCode><ItemType>1</ItemType><ItemName>נוזל כלים פיירי לימו</ItemName><ManufacturerName>פיירי</ManufacturerName><ManufactureCountry>אנגליה</ManufactureCountry><ManufacturerItemDescription>פיירי נוזל כלים לימון 650</ManufacturerItemDescription><SoldByWeight/><Quantity>650.00</Quantity><UnitOfMeasure>מ"ל</UnitOfMeasure><QtyInPackage>לא ידוע</QtyInPackage><UnitOfMeasurePrice>0.0183</UnitOfMeasurePrice><AllowDiscount>1</AllowDiscount><ItemStatus>1</ItemStatus><ItemPrice>11.90</ItemPrice></item><item><PriceUpdateDate>2016-08-02 09:29:27</PriceUpdateDate><ItemCode>4084500513570</ItemCode><ItemType>1</ItemType><ItemName>ג'ל כביסה אריאל 2.47</ItemName><ManufacturerName>אריאל</ManufacturerName><ManufactureCountry>ישראל</ManufactureCountry><ManufacturerItemDescription>ג'ל כביסה אריאל 2.47</ManufacturerItemDescription><SoldByWeight/><Quantity>2470.00</Quantity><UnitOfMeasure>מ"ל</UnitOfMeasure><QtyInPackage>לא ידוע</QtyInPackage><UnitOfMeasurePrice>0.0133</UnitOfMeasurePrice><AllowDiscount>1</AllowDiscount><ItemStatus>1</ItemStatus><ItemPrice>32.90</ItemPrice></item><item><PriceUpdateDate>2016-08-02 09:29:27</PriceUpdateDate><ItemCode>4084500513723</ItemCode><ItemType>1</ItemType><ItemName>ג'ל כביסה אריאל 2.47</ItemName><ManufacturerName>אריאל</ManufacturerName><ManufactureCountry>ישראל</ManufactureCountry><ManufacturerItemDescription>ג'ל כביסה אריאל 2.47</ManufacturerItemDescription><SoldByWeight/><Quantity>2470.00</Quantity><UnitOfMeasure>מ"ל</UnitOfMeasure><QtyInPackage>לא ידוע</QtyInPackage><UnitOfMeasurePrice>0.0133</UnitOfMeasurePrice><AllowDiscount>1</AllowDiscount><ItemStatus>1</ItemStatus><ItemPrice>32.90</ItemPrice></item><item><PriceUpdateDate>2016-08-02 09:29:27</PriceUpdateDate><ItemCode>4084500513792</ItemCode><ItemType>1</ItemType><ItemName>ג'ל כביסה אריאל 2.47</ItemName><ManufacturerName>אריאל</ManufacturerName><ManufactureCountry>ישראל</ManufactureCountry><ManufacturerItemDescription>ג'ל כביסה אריאל 2.47</ManufacturerItemDescription><SoldByWeight/><Quantity>2470.00</Quantity><UnitOfMeasure>מ"ל</UnitOfMeasure><QtyInPackage>לא ידוע</QtyInPackage><UnitOfMeasurePrice>0.0133</UnitOfMeasurePrice><AllowDiscount>1</AllowDiscount><ItemStatus>1</ItemStatus><ItemPrice>32.90</ItemPrice></item><item><PriceUpdateDate>2015-12-03 07:05:35</PriceUpdateDate><ItemCode>4084500853690</ItemCode><ItemType>1</ItemType><ItemName>נוזל כלים פיירי תפוז</ItemName><ManufacturerName>פיירי</ManufacturerName><ManufactureCountry>אנגליה</ManufactureCountry><ManufacturerItemDescription>פיירי נוזל כלים לימון 650</ManufacturerItemDescription><SoldByWeight/><Quantity>650.00</Quantity><UnitOfMeasure>מ"ל</UnitOfMeasure><QtyInPackage>לא ידוע</QtyInPackage><UnitOfMeasurePrice>0.0183</UnitOfMeasurePrice><AllowDiscount>1</AllowDiscount><ItemStatus>1</ItemStatus><ItemPrice>11.90</ItemPrice></item><item><PriceUpdateDate>2015-11-10 07:31:17</PriceUpdateDate><ItemCode>41143027905</ItemCode><ItemType>1</ItemType><ItemName>סן-מיידצימוקים כהים</ItemName><ManufacturerName>סנמייד</ManufacturerName><ManufactureCountry>ישראל</ManufactureCountry><ManufacturerItemDescription>סן-מיידצימוקים כהים</ManufacturerItemDescription><SoldByWeight/><Quantity>500.00</Quantity><UnitOfMeasure>גרם     </UnitOfMeasure><QtyInPackage>לא ידוע</QtyInPackage><UnitOfMeasurePrice>0.0536</UnitOfMeasurePrice><AllowDiscount>1</AllowDiscount><ItemStatus>1</ItemStatus><ItemPrice>26.80</ItemPrice></item><item><PriceUpdateDate>2016-08-02 09:29:22</PriceUpdateDate><ItemCode>41390000027</ItemCode><ItemType>1</ItemType><ItemName>רוטב סויה קיקומן 296</ItemName><ManufacturerName>קיקומן</ManufacturerName><ManufactureCountry>ארצות הברית</ManufactureCountry><ManufacturerItemDescription>מסכת אלביב       קלוג300</ManufacturerItemDescription><SoldByWeight/><Quantity>296.00</Quantity><UnitOfMeasure>מ"ל</UnitOfMeasure><QtyInPackage>לא ידוע</QtyInPackage><UnitOfMeasurePrice>0.0503</UnitOfMeasurePrice><AllowDiscount>1</AllowDiscount><ItemStatus>1</ItemStatus><ItemPrice>14.90</ItemPrice></item><item><PriceUpdateDate>2016-05-01 10:30:08</PriceUpdateDate><ItemCode>41500805023</ItemCode><ItemType>1</ItemType><ItemName>רוטב פלפל חריף רד הו</ItemName><ManufacturerName>טיירי</ManufacturerName><ManufactureCountry>ישראל</ManufactureCountry><ManufacturerItemDescription>רוטב פלפל חריף רד הו</ManufacturerItemDescription><SoldByWeight/><Quantity>355.00</Quantity><UnitOfMeasure>מ"ל</UnitOfMeasure><QtyInPackage>לא ידוע</QtyInPackage><UnitOfMeasurePrice>0.0631</UnitOfMeasurePrice><AllowDiscount>1</AllowDiscount><ItemStatus>1</ItemStatus><ItemPrice>22.40</ItemPrice></item><item><PriceUpdateDate>2016-05-01 10:29:48</PriceUpdateDate><ItemCode>42102021</ItemCode><ItemType>1</ItemType><ItemName>אורביט פרופשינל בליס</ItemName><ManufacturerName>אורביט</ManufacturerName><ManufactureCountry>פולין</ManufactureCountry><ManufacturerItemDescription>מסטיק מנטוס 3D  יגמה33ג</ManufacturerItemDescription><SoldByWeight/><Quantity>14.00</Quantity><UnitOfMeasure>גרם     </UnitOfMeasure><QtyInPackage>לא ידוע</QtyInPackage><UnitOfMeasurePrice>0.2786</UnitOfMeasurePrice><AllowDiscount>1</AllowDiscount><ItemStatus>1</ItemStatus><ItemPrice>3.90</ItemPrice></item><item><PriceUpdateDate>2016-08-07 20:02:45</PriceUpdateDate><ItemCode>42123866</ItemCode><ItemType>1</ItemType><ItemName>מסטיק הובה בובה קלאס</ItemName><ManufacturerName>לא ידוע</ManufacturerName><ManufactureCountry>ישראל</ManufactureCountry><ManufacturerItemDescription>מסטיק הובה בובה קלאס</ManufacturerItemDescription><SoldByWeight/><Quantity>0.00</Quantity><UnitOfMeasure>יח'</UnitOfMeasure><QtyInPackage>לא ידוע</QtyInPackage><UnitOfMeasurePrice>0.0000</UnitOfMeasurePrice><AllowDiscount>1</AllowDiscount><ItemStatus>1</ItemStatus><ItemPrice>3.90</ItemPrice></item><item><PriceUpdateDate>2016-03-01 06:59:33</PriceUpdateDate><ItemCode>421520</ItemCode><ItemType>3</ItemType><ItemName>פילה דג מרלוזה בשקית</ItemName><ManufacturerName>דלידג</ManufacturerName><ManufactureCountry>ישראל</ManufactureCountry><ManufacturerItemDescription>פילה דג מרלוזה בשקית</ManufacturerItemDescription><SoldByWeight/><Quantity>1.00</Quantity><UnitOfMeasure>ק"ג</UnitOfMeasure><QtyInPackage>לא ידוע</QtyInPackage><UnitOfMeasurePrice>34.9000</UnitOfMeasurePrice><AllowDiscount>1</AllowDiscount><ItemStatus>1</ItemStatus><ItemPrice>34.90</ItemPrice></item><item><PriceUpdateDate>2016-05-01 10:29:48</PriceUpdateDate><ItemCode>42154655</ItemCode><ItemType>1</ItemType><ItemName>אורביט פרופשיונל פפר</ItemName><ManufacturerName>אורביט</ManufacturerName><ManufactureCountry>צרפת</ManufactureCountry><ManufacturerItemDescription>אורביט באריזת מעטפה פפרמי</ManufacturerItemDescription><SoldByWeight/><Quantity>27.00</Quantity><UnitOfMeasure>גרם     </UnitOfMeasure><QtyInPackage>לא ידוע</QtyInPackage><UnitOfMeasurePrice>0.2481</UnitOfMeasurePrice><AllowDiscount>1</AllowDiscount><ItemStatus>1</ItemStatus><ItemPrice>6.70</ItemPrice></item><item><PriceUpdateDate>2016-05-01 10:29:48</PriceUpdateDate><ItemCode>42154662</ItemCode><ItemType>1</ItemType><ItemName>מסטיק אורביט מעטפה ס</ItemName><ManufacturerName>אורביט</ManufacturerName><ManufactureCountry>צרפת</ManufactureCountry><ManufacturerItemDescription>אורביט באריזת מעטפה ספירמ</ManufacturerItemDescription><SoldByWeight/><Quantity>27.00</Quantity><UnitOfMeasure>גרם     </UnitOfMeasure><QtyInPackage>לא ידוע</QtyInPackage><UnitOfMeasurePrice>0.2481</UnitOfMeasurePrice><AllowDiscount>1</AllowDiscount><ItemStatus>1</ItemStatus><ItemPrice>6.70</ItemPrice></item><item><PriceUpdateDate>2016-05-01 10:29:48</PriceUpdateDate><ItemCode>42174479</ItemCode><ItemType>1</ItemType><ItemName>מסטיק אורביט מעטפה ת</ItemName><ManufacturerName>אורביט</ManufacturerName><ManufactureCountry>צרפת</ManufactureCountry><ManufacturerItemDescription>אורביט באריזת מעטפה פפרמי</ManufacturerItemDescription><SoldByWeight/><Quantity>27.00</Quantity><UnitOfMeasure>גרם     </UnitOfMeasure><QtyInPackage>לא ידוע</QtyInPackage><UnitOfMeasurePrice>0.2407</UnitOfMeasurePrice><AllowDiscount>1</AllowDiscount><ItemStatus>1</ItemStatus><ItemPrice>6.50</ItemPrice></item><item><PriceUpdateDate>2016-05-01 10:29:49</PriceUpdateDate><ItemCode>42212119</ItemCode><ItemType>1</ItemType><ItemName>אורביט פרופשיונל פפר</ItemName><ManufacturerName>אורביט</ManufacturerName><ManufactureCountry>צרפת</ManufactureCountry><ManufacturerItemDescription>אורביט באריזת מעטפה פפרמי</ManufacturerItemDescription><SoldByWeight/><Quantity>27.00</Quantity><UnitOfMeasure>גרם     </UnitOfMeasure><QtyInPackage>לא ידוע</QtyInPackage><UnitOfMeasurePrice>0.2407</UnitOfMeasurePrice><AllowDiscount>1</AllowDiscount><ItemStatus>1</ItemStatus><ItemPrice>6.50</ItemPrice></item><item><PriceUpdateDate>2016-05-01 10:29:49</PriceUpdateDate><ItemCode>42247388</ItemCode><ItemType>1</ItemType><ItemName>אורביט בליסטר פירות</ItemName><ManufacturerName>אורביט</ManufacturerName><ManufactureCountry>פולין</ManufactureCountry><ManufacturerItemDescription>מסטיק מנטוס     ת מנטה28</ManufacturerItemDescription><SoldByWeight/><Quantity>14.00</Quantity><UnitOfMeasure>גרם     </UnitOfMeasure><QtyInPackage>לא ידוע</QtyInPackage><UnitOfMeasurePrice>0.2786</UnitOfMeasurePrice><AllowDiscount>1</AllowDiscount><ItemStatus>1</ItemStatus><ItemPrice>3.90</ItemPrice></item><item><PriceUpdateDate>2016-05-01 10:29:49</PriceUpdateDate><ItemCode>42247722</ItemCode><ItemType>1</ItemType><ItemName>מסטיק FIVE  בטעם אבט</ItemName><ManufacturerName>FIVE</ManufacturerName><ManufactureCountry>צרפת</ManufactureCountry><ManufacturerItemDescription>מסטיק פייב אסנשיאל אבטיח</ManufacturerItemDescription><SoldByWeight/><Quantity>19.00</Quantity><UnitOfMeasure>גרם     </UnitOfMeasure><QtyInPackage>לא ידוע</QtyInPackage><UnitOfMeasurePrice>0.2632</UnitOfMeasurePrice><AllowDiscount>1</AllowDiscount><ItemStatus>1</ItemStatus><ItemPrice>5.00</ItemPrice></item><item><PriceUpdateDate>2016-05-01 10:29:49</PriceUpdateDate><ItemCode>42247739</ItemCode><ItemType>1</ItemType><ItemName>מסטיק FIVE  בטעם ספי</ItemName><ManufacturerName>FIVE</ManufacturerName><ManufactureCountry>צרפת</ManufactureCountry><ManufacturerItemDescription>מסטיק פייב אסנשיאל מנטה</ManufacturerItemDescription><SoldByWeight/><Quantity>19.00</Quantity><UnitOfMeasure>גרם     </UnitOfMeasure><QtyInPackage>לא ידוע</QtyInPackage><UnitOfMeasurePrice>0.2632</UnitOfMeasurePrice><AllowDiscount>1</AllowDiscount><ItemStatus>1</ItemStatus><ItemPrice>5.00</ItemPrice></item><item><PriceUpdateDate>2016-05-01 10:29:49</PriceUpdateDate><ItemCode>42247746</ItemCode><ItemType>1</ItemType><ItemName>מסטיק FIVE  בטעם אגס</ItemName><ManufacturerName>FIVE</ManufacturerName><ManufactureCountry>צרפת</ManufactureCountry><ManufacturerItemDescription>מסטיק פייב אסנשיאל מנטה</ManufacturerItemDescription><SoldByWeight/><Quantity>19.00</Quantity><UnitOfMeasure>גרם     </UnitOfMeasure><QtyInPackage>לא ידוע</QtyInPackage><UnitOfMeasurePrice>0.2632</UnitOfMeasurePrice><AllowDiscount>1</AllowDiscount><ItemStatus>1</ItemStatus><ItemPrice>5.00</ItemPrice></item><item><PriceUpdateDate>2016-05-01 10:29:49</PriceUpdateDate><ItemCode>42247821</ItemCode><ItemType>1</ItemType><ItemName>מסטיק FIVE  בטעם מנט</ItemName><ManufacturerName>FIVE</ManufacturerName><ManufactureCountry>צרפת</ManufactureCountry><ManufacturerItemDescription>מסטיק פייב אסנשיאל מנטה</ManufacturerItemDescription><SoldByWeight/><Quantity>19.00</Quantity><UnitOfMeasure>גרם     </UnitOfMeasure><QtyInPackage>לא ידוע</QtyInPackage><UnitOfMeasurePrice>0.2632</UnitOfMeasurePrice><AllowDiscount>1</AllowDiscount><ItemStatus>1</ItemStatus><ItemPrice>5.00</ItemPrice></item><item><PriceUpdateDate>2016-05-01 10:29:49</PriceUpdateDate><ItemCode>42268246</ItemCode><ItemType>1</ItemType><ItemName>מסטיק FIVE  בטעם פיר</ItemName><ManufacturerName>FIVE</ManufacturerName><ManufactureCountry>צרפת</ManufactureCountry><ManufacturerItemDescription>מסטיק פייב אסנשיאל מנטה</ManufacturerItemDescription><SoldByWeight/><Quantity>19.00</Quantity><UnitOfMeasure>גרם     </UnitOfMeasure><QtyInPackage>לא ידוע</QtyInPackage><UnitOfMeasurePrice>0.2632</UnitOfMeasurePrice><AllowDiscount>1</AllowDiscount><ItemStatus>1</ItemStatus><ItemPrice>5.00</ItemPrice></item><item><PriceUpdateDate>2016-05-01 10:29:50</PriceUpdateDate><ItemCode>42268253</ItemCode><ItemType>1</ItemType><ItemName>אורביט בליסטר אוכמני</ItemName><ManufacturerName>אורביט</ManufacturerName><ManufactureCountry>פולין</ManufactureCountry><ManufacturerItemDescription>מסטיק מנטוס     ת אדומ28</ManufacturerItemDescription><SoldByWeight/><Quantity>14.00</Quantity><UnitOfMeasure>גרם     </UnitOfMeasure><QtyInPackage>לא ידוע</QtyInPackage><UnitOfMeasurePrice>0.2786</UnitOfMeasurePrice><AllowDiscount>1</AllowDiscount><ItemStatus>1</ItemStatus><ItemPrice>3.90</ItemPrice></item><item><PriceUpdateDate>2016-03-30 10:11:27</PriceUpdateDate><ItemCode>42268413</ItemCode><ItemType>1</ItemType><ItemName>מסטיק FIVE  בטעם פיר</ItemName><ManufacturerName>FIVE</ManufacturerName><ManufactureCountry>צרפת</ManufactureCountry><ManufacturerItemDescription>מסטיק פייב אסנשיאל מנטה</ManufacturerItemDescription><SoldByWeight/><Quantity>19.00</Quantity><UnitOfMeasure>גרם     </UnitOfMeasure><QtyInPackage>לא ידוע</QtyInPackage><UnitOfMeasurePrice>0.2632</UnitOfMeasurePrice><AllowDiscount>1</AllowDiscount><ItemStatus>1</ItemStatus><ItemPrice>5.00</ItemPrice></item><item><PriceUpdateDate>2016-04-12 06:20:10</PriceUpdateDate><ItemCode>424439</ItemCode><ItemType>3</ItemType><ItemName>כבד עוף קפוא</ItemName><ManufacturerName>עוף טנא</ManufacturerName><ManufactureCountry>ישראל</ManufactureCountry><ManufacturerItemDescription>כבד עוף קפוא</ManufacturerItemDescription><SoldByWeight/><Quantity>1.00</Quantity><UnitOfMeasure>ק"ג</UnitOfMeasure><QtyInPackage>לא ידוע</QtyInPackage><UnitOfMeasurePrice>12.9000</UnitOfMeasurePrice><AllowDiscount>1</AllowDiscount><ItemStatus>1</ItemStatus><ItemPrice>12.90</ItemPrice></item><item><PriceUpdateDate>2016-04-12 06:20:10</PriceUpdateDate><ItemCode>424460</ItemCode><ItemType>3</ItemType><ItemName>כנפיים עוף  קפוא</ItemName><ManufacturerName>לא ידוע</ManufacturerName><ManufactureCountry>ישראל</ManufactureCountry><ManufacturerItemDescription>כנפיים עוף לקג מגש קפוא</ManufacturerItemDescription><SoldByWeight/><Quantity>1.00</Quantity><UnitOfMeasure>ק"ג</UnitOfMeasure><QtyInPackage>לא ידוע</QtyInPackage><UnitOfMeasurePrice>7.9000</UnitOfMeasurePrice><AllowDiscount>1</AllowDiscount><ItemStatus>1</ItemStatus><ItemPrice>7.90</ItemPrice></item><item><PriceUpdateDate>2016-05-01 06:09:54</PriceUpdateDate><ItemCode>425184</ItemCode><ItemType>3</ItemType><ItemName>חזה עוף "עטרה" קפוא</ItemName><ManufacturerName>עטרה</ManufacturerName><ManufactureCountry>ישראל</ManufactureCountry><ManufacturerItemDescription>חזה עוף "עטרה" קפוא</ManufacturerItemDescription><SoldByWeight/><Quantity>1.00</Quantity><UnitOfMeasure>ק"ג</UnitOfMeasure><QtyInPackage>לא ידוע</QtyInPackage><UnitOfMeasurePrice>39.9000</UnitOfMeasurePrice><AllowDiscount>1</AllowDiscount><ItemStatus>1</ItemStatus><ItemPrice>39.90</ItemPrice></item><item><PriceUpdateDate>2016-05-01 06:09:54</PriceUpdateDate><ItemCode>425252</ItemCode><ItemType>3</ItemType><ItemName>כרעיים עוף קפוא "עטר</ItemName><ManufacturerName>עטרה</ManufacturerName><ManufactureCountry>ישראל</ManufactureCountry><ManufacturerItemDescription>כרעיים עוף קפוא "עטר</ManufacturerItemDescription><SoldByWeight/><Quantity>1.00</Quantity><UnitOfMeasure>ק"ג</UnitOfMeasure><QtyInPackage>לא ידוע</QtyInPackage><UnitOfMeasurePrice>37.4000</UnitOfMeasurePrice><AllowDiscount>1</AllowDiscount><ItemStatus>1</ItemStatus><ItemPrice>37.40</ItemPrice></item><item><PriceUpdateDate>2016-05-01 06:09:54</PriceUpdateDate><ItemCode>425306</ItemCode><ItemType>3</ItemType><ItemName>ירכיים עוף קפוא "עטר</ItemName><ManufacturerName>עטרה</ManufacturerName><ManufactureCountry>ישראל</ManufactureCountry><ManufacturerItemDescription>ירכיים עוף קפוא "עטר</ManufacturerItemDescription><SoldByWeight/><Quantity>1.00</Quantity><UnitOfMeasure>ק"ג</UnitOfMeasure><QtyInPackage>לא ידוע</QtyInPackage><UnitOfMeasurePrice>37.4000</UnitOfMeasurePrice><AllowDiscount>1</AllowDiscount><ItemStatus>1</ItemStatus><ItemPrice>37.40</ItemPrice></item><item><PriceUpdateDate>2016-06-14 14:54:25</PriceUpdateDate><ItemCode>426259</ItemCode><ItemType>3</ItemType><ItemName>פילה סלמון תנובה</ItemName><ManufacturerName>דגי תנובה</ManufacturerName><ManufactureCountry>ישראל</ManufactureCountry><ManufacturerItemDescription>פילה סלמון בואקום</ManufacturerItemDescription><SoldByWeight/><Quantity>1.00</Quantity><UnitOfMeasure>ק"ג</UnitOfMeasure><QtyInPackage>לא ידוע</QtyInPackage><UnitOfMeasurePrice>74.9000</UnitOfMeasurePrice><AllowDiscount>1</AllowDiscount><ItemStatus>1</ItemStatus><ItemPrice>74.90</ItemPrice></item><item><PriceUpdateDate>2016-03-15 11:31:27</PriceUpdateDate><ItemCode>445304</ItemCode><ItemType>3</ItemType><ItemName>שריר הזרוע בקר קפוא</ItemName><ManufacturerName>.N.Y.C</ManufacturerName><ManufactureCountry>ישראל</ManufactureCountry><ManufacturerItemDescription>שריר הזרוע בקר קפוא</ManufacturerItemDescription><SoldByWeight/><Quantity>1.00</Quantity><UnitOfMeasure>ק"ג</UnitOfMeasure><QtyInPackage>לא ידוע</QtyInPackage><UnitOfMeasurePrice>37.9000</UnitOfMeasurePrice><AllowDiscount>1</AllowDiscount><ItemStatus>1</ItemStatus><ItemPrice>37.90</ItemPrice></item><item><PriceUpdateDate>2016-08-03 09:18:39</PriceUpdateDate><ItemCode>46024817</ItemCode><ItemType>1</ItemType><ItemName>ס.נקסט אף אף בודד</ItemName><ManufacturerName>נקסט-סיגריות</ManufacturerName><ManufactureCountry>ארצות הברית</ManufactureCountry><ManufacturerItemDescription>סיגריות נקסט  FF בודד</ManufacturerItemDescription><SoldByWeight/><Quantity>0.00</Quantity><UnitOfMeasure>יח'</UnitOfMeasure><QtyInPackage>לא ידוע</QtyInPackage><UnitOfMeasurePrice>0.0000</UnitOfMeasurePrice><AllowDiscount>1</AllowDiscount><ItemStatus>1</ItemStatus><ItemPrice>27.90</ItemPrice></item><item><PriceUpdateDate>2016-08-03 09:18:40</PriceUpdateDate><ItemCode>46024824</ItemCode><ItemType>1</ItemType><ItemName>ס.נקסט בודד</ItemName><ManufacturerName>נקסט-סיגריות</ManufacturerName><ManufactureCountry>ארצות הברית</ManufactureCountry><ManufacturerItemDescription>סיגריות נקסט בודד</ManufacturerItemDescription><SoldByWeight/><Quantity>0.00</Quantity><UnitOfMeasure>יח'</UnitOfMeasure><QtyInPackage>לא ידוע</QtyInPackage><UnitOfMeasurePrice>0.0000</UnitOfMeasurePrice><AllowDiscount>1</AllowDiscount><ItemStatus>1</ItemStatus><ItemPrice>27.90</ItemPrice></item><item><PriceUpdateDate>2016-08-03 09:18:40</PriceUpdateDate><ItemCode>46026491</ItemCode><ItemType>1</ItemType><ItemName>ס.פרלמנט סופר בודד</ItemName><ManufacturerName>פארלמנט</ManufacturerName><ManufactureCountry>ארצות הברית</ManufactureCountry><ManufacturerItemDescription>סיגריות פרלמנט סופר סלימס</ManufacturerItemDescription><SoldByWeight/><Quantity>0.00</Quantity><UnitOfMeasure>יח'</UnitOfMeasure><QtyInPackage>לא ידוע</QtyInPackage><UnitOfMeasurePrice>0.0000</UnitOfMeasurePrice><AllowDiscount>1</AllowDiscount><ItemStatus>1</ItemStatus><ItemPrice>36.90</ItemPrice></item><item><PriceUpdateDate>2016-05-01 06:41:14</PriceUpdateDate><ItemCode>46214372250</ItemCode><ItemType>1</ItemType><ItemName>עוגיות מרבה שטרודל ת</ItemName><ManufacturerName>מרבה</ManufacturerName><ManufactureCountry>ישראל</ManufactureCountry><ManufacturerItemDescription>עוגיות מרבה שטרודל ת</ManufacturerItemDescription><SoldByWeight/><Quantity>225.00</Quantity><UnitOfMeasure>גרם     </UnitOfMeasure><QtyInPackage>לא ידוע</QtyInPackage><UnitOfMeasurePrice>0.0396</UnitOfMeasurePrice><AllowDiscount>0</AllowDiscount><ItemStatus>1</ItemStatus><ItemPrice>8.90</ItemPrice></item><item><PriceUpdateDate>2016-05-01 06:41:15</PriceUpdateDate><ItemCode>46214731552</ItemCode><ItemType>1</ItemType><ItemName>עוגיות מרבה שוקוצ'יפ</ItemName><ManufacturerName>מרבה</ManufacturerName><ManufactureCountry>הולנד</ManufactureCountry><ManufacturerItemDescription>עוגיות ש.צ'יפס  יפס225גר</ManufacturerItemDescription><SoldByWeight/><Quantity>225.00</Quantity><UnitOfMeasure>גרם     </UnitOfMeasure><QtyInPackage>לא ידוע</QtyInPackage><UnitOfMeasurePrice>0.0396</UnitOfMeasurePrice><AllowDiscount>0</AllowDiscount><ItemStatus>1</ItemStatus><ItemPrice>8.90</ItemPrice></item><item><PriceUpdateDate>2016-06-28 07:03:08</PriceUpdateDate><ItemCode>4750017001854</ItemCode><ItemType>1</ItemType><ItemName>מב פילה דג  סלמון בש</ItemName><ManufacturerName>לא ממותג</ManufacturerName><ManufactureCountry>לא ידוע</ManufactureCountry><ManufacturerItemDescription>מב פילה דג  סלמון בש</ManufacturerItemDescription><SoldByWeight/><Quantity>200.00</Quantity><UnitOfMeasure>גרם     </UnitOfMeasure><QtyInPackage>לא ידוע</QtyInPackage><UnitOfMeasurePrice>0.0495</UnitOfMeasurePrice><AllowDiscount>1</AllowDiscount><ItemStatus>1</ItemStatus><ItemPrice>9.90</ItemPrice></item><item><PriceUpdateDate>2016-06-28 07:03:08</PriceUpdateDate><ItemCode>4750017001861</ItemCode><ItemType>1</ItemType><ItemName>מב פילה דג  סלמון בר</ItemName><ManufacturerName>לא ממותג</ManufacturerName><ManufactureCountry>לא ידוע</ManufactureCountry><ManufacturerItemDescription>מב פילה דג  סלמון בר</ManufacturerItemDescription><SoldByWeight/><Quantity>200.00</Quantity><UnitOfMeasure>גרם     </UnitOfMeasure><QtyInPackage>לא ידוע</QtyInPackage><UnitOfMeasurePrice>0.0495</UnitOfMeasurePrice><AllowDiscount>1</AllowDiscount><ItemStatus>1</ItemStatus><ItemPrice>9.90</ItemPrice></item><item><PriceUpdateDate>2016-05-01 10:30:37</PriceUpdateDate><ItemCode>4903001904208</ItemCode><ItemType>1</ItemType><ItemName>רוטב סויה ימאסה 1 לי</ItemName><ManufacturerName>לא ידוע</ManufacturerName><ManufactureCountry>ישראל</ManufactureCountry><ManufacturerItemDescription>רוטב סויה ימאסה 1 לי</ManufacturerItemDescription><SoldByWeight/><Quantity>1000.00</Quantity><UnitOfMeasure>מ"ל</UnitOfMeasure><QtyInPackage>לא ידוע</QtyInPackage><UnitOfMeasurePrice>0.0349</UnitOfMeasurePrice><AllowDiscount>1</AllowDiscount><ItemStatus>1</ItemStatus><ItemPrice>34.90</ItemPrice></item><item><PriceUpdateDate>2016-06-16 06:57:56</PriceUpdateDate><ItemCode>4961</ItemCode><ItemType>3</ItemType><ItemName>פלפל צהוב</ItemName><ManufacturerName>B.B.B</ManufacturerName><ManufactureCountry>ישראל</ManufactureCountry><ManufacturerItemDescription>פלפל צהוב</ManufacturerItemDescription><SoldByWeight/><Quantity>1.00</Quantity><UnitOfMeasure>ק"ג</UnitOfMeasure><QtyInPackage>לא ידוע</QtyInPackage><UnitOfMeasurePrice>11.9000</UnitOfMeasurePrice><AllowDiscount>1</AllowDiscount><ItemStatus>1</ItemStatus><ItemPrice>11.90</ItemPrice></item><item><PriceUpdateDate>2016-05-01 10:30:09</PriceUpdateDate><ItemCode>50000018406</ItemCode><ItemType>1</ItemType><ItemName>פריסקיז יבש נתחי ברב</ItemName><ManufacturerName>פריסקיז</ManufacturerName><ManufactureCountry>ארצות הברית</ManufactureCountry><ManufacturerItemDescription>שמפו אלביב וונדי מפוצ700</ManufacturerItemDescription><SoldByWeight/><Quantity>2900.00</Quantity><UnitOfMeasure>גרם     </UnitOfMeasure><QtyInPackage>לא ידוע</QtyInPackage><UnitOfMeasurePrice>0.0207</UnitOfMeasurePrice><AllowDiscount>1</AllowDiscount><ItemStatus>1</ItemStatus><ItemPrice>59.90</ItemPrice></item><item><PriceUpdateDate>2016-05-01 10:30:09</PriceUpdateDate><ItemCode>50000018741</ItemCode><ItemType>1</ItemType><ItemName>פריסקיז יבש מעדני הי</ItemName><ManufacturerName>פריסקיז</ManufacturerName><ManufactureCountry>ארצות הברית</ManufactureCountry><ManufacturerItemDescription>שמפו אלביב וונדיארוך 700</ManufacturerItemDescription><SoldByWeight/><Quantity>2900.00</Quantity><UnitOfMeasure>גרם     </UnitOfMeasure><QtyInPackage>לא ידוע</QtyInPackage><UnitOfMeasurePrice>0.0207</UnitOfMeasurePrice><AllowDiscount>1</AllowDiscount><ItemStatus>1</ItemStatus><ItemPrice>59.90</ItemPrice></item><item><PriceUpdateDate>2016-05-01 10:30:09</PriceUpdateDate><ItemCode>50000420445</ItemCode><ItemType>1</ItemType><ItemName>פריסקיז כבד ועוף 156</ItemName><ManufacturerName>פריסקיז</ManufacturerName><ManufactureCountry>ארצות הברית</ManufactureCountry><ManufacturerItemDescription>מרכך אלביב וונדי צבוע700</ManufacturerItemDescription><SoldByWeight/><Quantity>156.00</Quantity><UnitOfMeasure>גרם     </UnitOfMeasure><QtyInPackage>לא ידוע</QtyInPackage><UnitOfMeasurePrice>0.0494</UnitOfMeasurePrice><AllowDiscount>1</AllowDiscount><ItemStatus>1</ItemStatus><ItemPrice>7.70</ItemPrice></item><item><PriceUpdateDate>2016-05-01 10:30:10</PriceUpdateDate><ItemCode>50000571987</ItemCode><ItemType>1</ItemType><ItemName>פריסקיז נתחי עוף ברו</ItemName><ManufacturerName>פריסקיז</ManufacturerName><ManufactureCountry>ישראל</ManufactureCountry><ManufacturerItemDescription>פריסקיז נתחי עוף ברו</ManufacturerItemDescription><SoldByWeight/><Quantity>156.00</Quantity><UnitOfMeasure>גרם     </UnitOfMeasure><QtyInPackage>לא ידוע</QtyInPackage><UnitOfMeasurePrice>0.0494</UnitOfMeasurePrice><AllowDiscount>1</AllowDiscount><ItemStatus>1</ItemStatus><ItemPrice>7.70</ItemPrice></item><item><PriceUpdateDate>2016-06-28 07:03:09</PriceUpdateDate><ItemCode>5000159029469</ItemCode><ItemType>1</ItemType><ItemName>מארז סקיטלס פירות 11</ItemName><ManufacturerName>לא ממותג</ManufacturerName><ManufactureCountry>ישראל</ManufactureCountry><ManufacturerItemDescription>סוכריות סקיטלס  ירות38ג</ManufacturerItemDescription><SoldByWeight/><Quantity>198.00</Quantity><UnitOfMeasure>גרם     </UnitOfMeasure><QtyInPackage>לא ידוע</QtyInPackage><UnitOfMeasurePrice>0.0702</UnitOfMeasurePrice><AllowDiscount>1</AllowDiscount><ItemStatus>1</ItemStatus><ItemPrice>13.90</ItemPrice></item><item><PriceUpdateDate>2016-05-01 10:30:38</PriceUpdateDate><ItemCode>5000159376792</ItemCode><ItemType>1</ItemType><ItemName>סוכריות סקיטלס חמוץ</ItemName><ManufacturerName>לא ממותג</ManufacturerName><ManufactureCountry>ישראל</ManufactureCountry><ManufacturerItemDescription>סוכריות סקיטלס  מוץ 38 ג</ManufacturerItemDescription><SoldByWeight/><Quantity>38.00</Quantity><UnitOfMeasure>גרם     </UnitOfMeasure><QtyInPackage>לא ידוע</QtyInPackage><UnitOfMeasurePrice>0.0868</UnitOfMeasurePrice><AllowDiscount>1</AllowDiscount><ItemStatus>1</ItemStatus><ItemPrice>3.30</ItemPrice></item><item><PriceUpdateDate>2016-08-02 09:29:28</PriceUpdateDate><ItemCode>5000159384186</ItemCode><ItemType>1</ItemType><ItemName>מב מרס רביעייה 180 ג</ItemName><ManufacturerName>מרס</ManufacturerName><ManufactureCountry>ישראל</ManufactureCountry><ManufacturerItemDescription>מארז חטיפי מרס  45* גר</ManufacturerItemDescription><SoldByWeight/><Quantity>180.00</Quantity><UnitOfMeasure>גרם     </UnitOfMeasure><QtyInPackage>לא ידוע</QtyInPackage><UnitOfMeasurePrice>0.0661</UnitOfMeasurePrice><AllowDiscount>1</AllowDiscount><ItemStatus>1</ItemStatus><ItemPrice>11.90</ItemPrice></item><item><PriceUpdateDate>2016-05-01 10:30:38</PriceUpdateDate><ItemCode>5000159407236</ItemCode><ItemType>1</ItemType><ItemName>חטיף שוקולד מרס 51 ג</ItemName><ManufacturerName>לא ממותג</ManufacturerName><ManufactureCountry>הולנד</ManufactureCountry><ManufacturerItemDescription>חטיף מרס</ManufacturerItemDescription><SoldByWeight/><Quantity>51.00</Quantity><UnitOfMeasure>יח'</UnitOfMeasure><QtyInPackage>לא ידוע</QtyInPackage><UnitOfMeasurePrice>0.1157</UnitOfMeasurePrice><AllowDiscount>0</AllowDiscount><ItemStatus>1</ItemStatus><ItemPrice>5.90</ItemPrice></item><item><PriceUpdateDate>2016-05-01 10:30:39</PriceUpdateDate><ItemCode>5000159459228</ItemCode><ItemType>1</ItemType><ItemName>חטיף טוויקס 50 גרם</ItemName><ManufacturerName>לא ממותג</ManufacturerName><ManufactureCountry>הולנד</ManufactureCountry><ManufacturerItemDescription>חטיף טוויקס     רם</ManufacturerItemDescription><SoldByWeight/><Quantity>50.00</Quantity><UnitOfMeasure>גרם     </UnitOfMeasure><QtyInPackage>לא ידוע</QtyInPackage><UnitOfMeasurePrice>0.1180</UnitOfMeasurePrice><AllowDiscount>0</AllowDiscount><ItemStatus>1</ItemStatus><ItemPrice>5.90</ItemPrice></item><item><PriceUpdateDate>2016-05-01 10:30:39</PriceUpdateDate><ItemCode>5000159461122</ItemCode><ItemType>1</ItemType><ItemName>חטיף שוקולד סניקרס 5</ItemName><ManufacturerName>לא ממותג</ManufacturerName><ManufactureCountry>הולנד</ManufactureCountry><ManufacturerItemDescription>חטיף סניקרס     רם</ManufacturerItemDescription><SoldByWeight/><Quantity>50.00</Quantity><UnitOfMeasure>יח'</UnitOfMeasure><QtyInPackage>לא ידוע</QtyInPackage><UnitOfMeasurePrice>0.1180</UnitOfMeasurePrice><AllowDiscount>1</AllowDiscount><ItemStatus>1</ItemStatus><ItemPrice>5.90</ItemPrice></item><item><PriceUpdateDate>2016-08-02 09:29:29</PriceUpdateDate><ItemCode>5000394058019</ItemCode><ItemType>1</ItemType><ItemName>מב סוללות דורסל 8 AA</ItemName><ManufacturerName>דורסל</ManufacturerName><ManufactureCountry>ישראל</ManufactureCountry><ManufacturerItemDescription>מב סוללות דורסל 8 AA</ManufacturerItemDescription><SoldByWeight/><Quantity>8.00</Quantity><UnitOfMeasure>בודד</UnitOfMeasure><QtyInPackage>לא ידוע</QtyInPackage><UnitOfMeasurePrice>2.8625</UnitOfMeasurePrice><AllowDiscount>1</AllowDiscount><ItemStatus>1</ItemStatus><ItemPrice>22.90</ItemPrice></item><item><PriceUpdateDate>2016-08-02 09:29:29</PriceUpdateDate><ItemCode>5010182997338</ItemCode><ItemType>1</ItemType><ItemName>מב טואלט דאק ג'ל אסל</ItemName><ManufacturerName>טואלט דאק</ManufacturerName><ManufactureCountry>איטליה</ManufactureCountry><ManufacturerItemDescription>מיונז הלמנס     גרם</ManufacturerItemDescription><SoldByWeight/><Quantity>55.00</Quantity><UnitOfMeasure>מ"ל</UnitOfMeasure><QtyInPackage>לא ידוע</QtyInPackage><UnitOfMeasurePrice>0.1618</UnitOfMeasurePrice><AllowDiscount>1</AllowDiscount><ItemStatus>1</ItemStatus><ItemPrice>8.90</ItemPrice></item><item><PriceUpdateDate>2016-08-02 09:29:30</PriceUpdateDate><ItemCode>5010677554398</ItemCode><ItemType>1</ItemType><ItemName>מב בקרדי בריזר אבטיח</ItemName><ManufacturerName>בריזר</ManufacturerName><ManufactureCountry>גרמניה</ManufactureCountry><ManufacturerItemDescription>בקרדי בריזר אבטיח 275 מל</ManufacturerItemDescription><SoldByWeight/><Quantity>275.00</Quantity><UnitOfMeasure>מ"ל</UnitOfMeasure><QtyInPackage>לא ידוע</QtyInPackage><UnitOfMeasurePrice>0.0433</UnitOfMeasurePrice><AllowDiscount>1</AllowDiscount><ItemStatus>1</ItemStatus><ItemPrice>11.90</ItemPrice></item><item><PriceUpdateDate>2016-08-02 09:29:30</PriceUpdateDate><ItemCode>5011157630281</ItemCode><ItemType>1</ItemType><ItemName>אורז טילדה בסמטי 1 ק</ItemName><ManufacturerName>טילדה</ManufacturerName><ManufactureCountry>ישראל</ManufactureCountry><ManufacturerItemDescription>אורז טילדה בסמטי 1 ק</ManufacturerItemDescription><SoldByWeight/><Quantity>1000.00</Quantity><UnitOfMeasure>גרם     </UnitOfMeasure><QtyInPackage>לא ידוע</QtyInPackage><UnitOfMeasurePrice>0.0269</UnitOfMeasurePrice><AllowDiscount>1</AllowDiscount><ItemStatus>1</ItemStatus><ItemPrice>26.90</ItemPrice></item><item><PriceUpdateDate>2016-05-31 06:15:27</PriceUpdateDate><ItemCode>5014271300429</ItemCode><ItemType>1</ItemType><ItemName>ריבת מעדן משמש ללא ס</ItemName><ManufacturerName>סאן דלפור</ManufacturerName><ManufactureCountry>ישראל</ManufactureCountry><ManufacturerItemDescription>ריבת מעדן משמש ללא ס</ManufacturerItemDescription><SoldByWeight/><Quantity>284.00</Quantity><UnitOfMeasure>גרם     </UnitOfMeasure><QtyInPackage>לא ידוע</QtyInPackage><UnitOfMeasurePrice>0.0630</UnitOfMeasurePrice><AllowDiscount>1</AllowDiscount><ItemStatus>1</ItemStatus><ItemPrice>17.90</ItemPrice></item><item><PriceUpdateDate>2016-05-31 06:15:27</PriceUpdateDate><ItemCode>5014271330426</ItemCode><ItemType>1</ItemType><ItemName>ריבת מעדן אוכמניות ל</ItemName><ManufacturerName>סאן דלפור</ManufacturerName><ManufactureCountry>ישראל</ManufactureCountry><ManufacturerItemDescription>מעדן אוכמניות כחולות 284</ManufacturerItemDescription><SoldByWeight/><Quantity>284.00</Quantity><UnitOfMeasure>גרם     </UnitOfMeasure><QtyInPackage>לא ידוע</QtyInPackage><UnitOfMeasurePrice>0.0630</UnitOfMeasurePrice><AllowDiscount>1</AllowDiscount><ItemStatus>1</ItemStatus><ItemPrice>17.90</ItemPrice></item><item><PriceUpdateDate>2016-05-31 06:15:27</PriceUpdateDate><ItemCode>5014271360423</ItemCode><ItemType>1</ItemType><ItemName>ריבת מעדן תפוז ללא ס</ItemName><ManufacturerName>סאן דלפור</ManufacturerName><ManufactureCountry>ישראל</ManufactureCountry><ManufacturerItemDescription>ריבת מעדן תפוז ללא ס</ManufacturerItemDescription><SoldByWeight/><Quantity>284.00</Quantity><UnitOfMeasure>גרם     </UnitOfMeasure><QtyInPackage>לא ידוע</QtyInPackage><UnitOfMeasurePrice>0.0630</UnitOfMeasurePrice><AllowDiscount>1</AllowDiscount><ItemStatus>1</ItemStatus><ItemPrice>17.90</ItemPrice></item><item><PriceUpdateDate>2016-05-31 06:15:27</PriceUpdateDate><ItemCode>5014271390420</ItemCode><ItemType>1</ItemType><ItemName>ריבת מעדן פטל ללא סו</ItemName><ManufacturerName>סאן דלפור</ManufacturerName><ManufactureCountry>ישראל</ManufactureCountry><ManufacturerItemDescription>מעדן פטל 284 גר</ManufacturerItemDescription><SoldByWeight/><Quantity>284.00</Quantity><UnitOfMeasure>גרם     </UnitOfMeasure><QtyInPackage>לא ידוע</QtyInPackage><UnitOfMeasurePrice>0.0630</UnitOfMeasurePrice><AllowDiscount>1</AllowDiscount><ItemStatus>1</ItemStatus><ItemPrice>17.90</ItemPrice></item><item><PriceUpdateDate>2016-05-31 06:15:27</PriceUpdateDate><ItemCode>5014271560427</ItemCode><ItemType>1</ItemType><ItemName>ריבת מעדן תפוז+ג'ינג</ItemName><ManufacturerName>סאן דלפור</ManufacturerName><ManufactureCountry>ישראל</ManufactureCountry><ManufacturerItemDescription>ריבת מעדן תפוז+ג'ינג</ManufacturerItemDescription><SoldByWeight/><Quantity>284.00</Quantity><UnitOfMeasure>גרם     </UnitOfMeasure><QtyInPackage>לא ידוע</QtyInPackage><UnitOfMeasurePrice>0.0630</UnitOfMeasurePrice><AllowDiscount>1</AllowDiscount><ItemStatus>1</ItemStatus><ItemPrice>17.90</ItemPrice></item><item><PriceUpdateDate>2016-05-01 10:30:40</PriceUpdateDate><ItemCode>5018357006731</ItemCode><ItemType>1</ItemType><ItemName>תערובת דגנים 40% פיר</ItemName><ManufacturerName>לא ידוע</ManufacturerName><ManufactureCountry>ישראל</ManufactureCountry><ManufacturerItemDescription>תערובת דגנים 40% פירות וא</ManufacturerItemDescription><SoldByWeight/><Quantity>540.00</Quantity><UnitOfMeasure>גרם     </UnitOfMeasure><QtyInPackage>לא ידוע</QtyInPackage><UnitOfMeasurePrice>0.0569</UnitOfMeasurePrice><AllowDiscount>1</AllowDiscount><ItemStatus>1</ItemStatus><ItemPrice>30.70</ItemPrice></item><item><PriceUpdateDate>2016-05-01 10:30:40</PriceUpdateDate><ItemCode>5018357006755</ItemCode><ItemType>1</ItemType><ItemName>תערובת דגנים 50% פיר</ItemName><ManufacturerName>לא ידוע</ManufacturerName><ManufactureCountry>ישראל</ManufactureCountry><ManufacturerItemDescription>תערובת דגנים 50% פיר</ManufacturerItemDescription><SoldByWeight/><Quantity>540.00</Quantity><UnitOfMeasure>גרם     </UnitOfMeasure><QtyInPackage>לא ידוע</QtyInPackage><UnitOfMeasurePrice>0.0587</UnitOfMeasurePrice><AllowDiscount>1</AllowDiscount><ItemStatus>1</ItemStatus><ItemPrice>31.70</ItemPrice></item><item><PriceUpdateDate>2015-11-10 07:31:31</PriceUpdateDate><ItemCode>5029053000619</ItemCode><ItemType>1</ItemType><ItemName>ממחטות קלינקס אולטרא</ItemName><ManufacturerName>קלינקס</ManufacturerName><ManufactureCountry>איטליה</ManufactureCountry><ManufacturerItemDescription>סיף קרם לימון   מון 500מ</ManufacturerItemDescription><SoldByWeight/><Quantity>1.00</Quantity><UnitOfMeasure>יח'</UnitOfMeasure><QtyInPackage>לא ידוע</QtyInPackage><UnitOfMeasurePrice>12.4000</UnitOfMeasurePrice><AllowDiscount>1</AllowDiscount><ItemStatus>1</ItemStatus><ItemPrice>12.40</ItemPrice></item><item><PriceUpdateDate>2016-08-02 09:29:30</PriceUpdateDate><ItemCode>5029053002408</ItemCode><ItemType>1</ItemType><ItemName>מב נייר טואלט קלינקס</ItemName><ManufacturerName>קלינקס</ManufacturerName><ManufactureCountry>ישראל</ManufactureCountry><ManufacturerItemDescription>נ.ט.קלינקס 1/9 לבן 275  מ</ManufacturerItemDescription><SoldByWeight/><Quantity>276.00</Quantity><UnitOfMeasure>מטר</UnitOfMeasure><QtyInPackage>לא ידוע</QtyInPackage><UnitOfMeasurePrice>0.1264</UnitOfMeasurePrice><AllowDiscount>1</AllowDiscount><ItemStatus>1</ItemStatus><ItemPrice>34.90</ItemPrice></item><item><PriceUpdateDate>2016-01-05 06:58:18</PriceUpdateDate><ItemCode>5035766044772</ItemCode><ItemType>1</ItemType><ItemName>רביעיית סיידר תפוח א</ItemName><ManufacturerName>לא ממותג</ManufacturerName><ManufactureCountry>בלגיה</ManufactureCountry><ManufacturerItemDescription>סיידר תפוחים עם 5% אלכוהו</ManufacturerItemDescription><SoldByWeight/><Quantity>1320.00</Quantity><UnitOfMeasure>מ"ל</UnitOfMeasure><QtyInPackage>לא ידוע</QtyInPackage><UnitOfMeasurePrice>0.0249</UnitOfMeasurePrice><AllowDiscount>1</AllowDiscount><ItemStatus>1</ItemStatus><ItemPrice>32.90</ItemPrice></item><item><PriceUpdateDate>2016-03-15 11:31:32</PriceUpdateDate><ItemCode>5099864006728</ItemCode><ItemType>1</ItemType><ItemName>אבקת סימילאק אדוונס</ItemName><ManufacturerName>סימילאק</ManufacturerName><ManufactureCountry>אירלנד</ManufactureCountry><ManufacturerItemDescription>מגן תחתון קוטקס קס סילקL</ManufacturerItemDescription><SoldByWeight/><Quantity>900.00</Quantity><UnitOfMeasure>גרם     </UnitOfMeasure><QtyInPackage>לא ידוע</QtyInPackage><UnitOfMeasurePrice>0.0888</UnitOfMeasurePrice><AllowDiscount>1</AllowDiscount><ItemStatus>1</ItemStatus><ItemPrice>79.90</ItemPrice></item><item><PriceUpdateDate>2016-05-01 10:30:43</PriceUpdateDate><ItemCode>5201360797097</ItemCode><ItemType>1</ItemType><ItemName>מארז עוגות ספוג אישי</ItemName><ManufacturerName>אס.סי צ'יפיטה , רומנ</ManufacturerName><ManufactureCountry>ישראל</ManufactureCountry><ManufacturerItemDescription>מארז עוגות ספוג אישי</ManufacturerItemDescription><SoldByWeight/><Quantity>256.00</Quantity><UnitOfMeasure>גרם     </UnitOfMeasure><QtyInPackage>לא ידוע</QtyInPackage><UnitOfMeasurePrice>0.0387</UnitOfMeasurePrice><AllowDiscount>1</AllowDiscount><ItemStatus>1</ItemStatus><ItemPrice>9.90</ItemPrice></item><item><PriceUpdateDate>2016-05-01 10:30:43</PriceUpdateDate><ItemCode>5201360797196</ItemCode><ItemType>1</ItemType><ItemName>מארז עוגות ספוג אישי</ItemName><ManufacturerName>אס.סי צ'יפיטה , רומנ</ManufacturerName><ManufactureCountry>ישראל</ManufactureCountry><ManufacturerItemDescription>מארז עוגות ספוג אישי</ManufacturerItemDescription><SoldByWeight/><Quantity>256.00</Quantity><UnitOfMeasure>גרם     </UnitOfMeasure><QtyInPackage>לא ידוע</QtyInPackage><UnitOfMeasurePrice>0.0387</UnitOfMeasurePrice><AllowDiscount>1</AllowDiscount><ItemStatus>1</ItemStatus><ItemPrice>9.90</ItemPrice></item><item><PriceUpdateDate>2016-08-12 06:41:07</PriceUpdateDate><ItemCode>5410103161617</ItemCode><ItemType>1</ItemType><ItemName>קרם לחות דרמו יבש פע</ItemName><ManufacturerName>לוריאל</ManufacturerName><ManufactureCountry>ישראל</ManufactureCountry><ManufacturerItemDescription>קרם לחות דרמו יבש פע</ManufacturerItemDescription><SoldByWeight/><Quantity>50.00</Quantity><UnitOfMeasure>מ"ל</UnitOfMeasure><QtyInPackage>לא ידוע</QtyInPackage><UnitOfMeasurePrice>1.3580</UnitOfMeasurePrice><AllowDiscount>1</AllowDiscount><ItemStatus>1</ItemStatus><ItemPrice>67.90</ItemPrice></item><item><PriceUpdateDate>2016-05-01 06:10:33</PriceUpdateDate><ItemCode>5410173210055</ItemCode><ItemType>1</ItemType><ItemName>רומבוטס קפה טחון וקל</ItemName><ManufacturerName>לא ממותג</ManufacturerName><ManufactureCountry>ישראל</ManufactureCountry><ManufacturerItemDescription>רומבוטס קפה טחון וקל</ManufacturerItemDescription><SoldByWeight/><Quantity>70.00</Quantity><UnitOfMeasure>גרם     </UnitOfMeasure><QtyInPackage>לא ידוע</QtyInPackage><UnitOfMeasurePrice>0.3514</UnitOfMeasurePrice><AllowDiscount>1</AllowDiscount><ItemStatus>1</ItemStatus><ItemPrice>24.60</ItemPrice></item><item><PriceUpdateDate>2016-05-01 06:10:33</PriceUpdateDate><ItemCode>5410173210352</ItemCode><ItemType>1</ItemType><ItemName>רומבוטס קפה טחון וקל</ItemName><ManufacturerName>לא ממותג</ManufacturerName><ManufactureCountry>ישראל</ManufactureCountry><ManufacturerItemDescription>רומבוטס קפה טחון וקל</ManufacturerItemDescription><SoldByWeight/><Quantity>70.00</Quantity><UnitOfMeasure>גרם     </UnitOfMeasure><QtyInPackage>לא ידוע</QtyInPackage><UnitOfMeasurePrice>0.3514</UnitOfMeasurePrice><AllowDiscount>1</AllowDiscount><ItemStatus>1</ItemStatus><ItemPrice>24.60</ItemPrice></item><item><PriceUpdateDate>2016-08-02 09:29:31</PriceUpdateDate><ItemCode>5411188094159</ItemCode><ItemType>1</ItemType><ItemName>מב אלפרו מעדן סויה ש</ItemName><ManufacturerName>אלפרו</ManufacturerName><ManufactureCountry>בלגיה</ManufactureCountry><ManufacturerItemDescription>מעדן סויה 4יח'  ולד125X4</ManufacturerItemDescription><SoldByWeight/><Quantity>500.00</Quantity><UnitOfMeasure>מ"ל</UnitOfMeasure><QtyInPackage>לא ידוע</QtyInPackage><UnitOfMeasurePrice>0.0318</UnitOfMeasurePrice><AllowDiscount>1</AllowDiscount><ItemStatus>1</ItemStatus><ItemPrice>15.90</ItemPrice></item><item><PriceUpdateDate>2016-06-28 07:03:13</PriceUpdateDate><ItemCode>5411188096108</ItemCode><ItemType>1</ItemType><ItemName>אלפרו שמנת לבישול בס</ItemName><ManufacturerName>אלפרו</ManufacturerName><ManufactureCountry>בלגיה</ManufactureCountry><ManufacturerItemDescription>שמנת לבישול אלפרו 250 מל</ManufacturerItemDescription><SoldByWeight/><Quantity>250.00</Quantity><UnitOfMeasure>מ"ל</UnitOfMeasure><QtyInPackage>לא ידוע</QtyInPackage><UnitOfMeasurePrice>0.0448</UnitOfMeasurePrice><AllowDiscount>1</AllowDiscount><ItemStatus>1</ItemStatus><ItemPrice>11.20</ItemPrice></item><item><PriceUpdateDate>2016-08-02 09:29:31</PriceUpdateDate><ItemCode>5411188110002</ItemCode><ItemType>1</ItemType><ItemName>מב אלפרו מעדן סויה ע</ItemName><ManufacturerName>אלפרו</ManufacturerName><ManufactureCountry>בלגיה</ManufactureCountry><ManufacturerItemDescription>מעדן סויה 4 יח   4י125*ג</ManufacturerItemDescription><SoldByWeight/><Quantity>500.00</Quantity><UnitOfMeasure>גרם     </UnitOfMeasure><QtyInPackage>לא ידוע</QtyInPackage><UnitOfMeasurePrice>0.0318</UnitOfMeasurePrice><AllowDiscount>1</AllowDiscount><ItemStatus>1</ItemStatus><ItemPrice>15.90</ItemPrice></item><item><PriceUpdateDate>2016-06-28 07:03:13</PriceUpdateDate><ItemCode>5411188112709</ItemCode><ItemType>1</ItemType><ItemName>מב אלפרו  משקה שקדים</ItemName><ManufacturerName>אלפרו</ManufacturerName><ManufactureCountry>ישראל</ManufactureCountry><ManufacturerItemDescription>אלפרו משקה שקדים לל"ס 1ל</ManufacturerItemDescription><SoldByWeight/><Quantity>1000.00</Quantity><UnitOfMeasure>מ"ל</UnitOfMeasure><QtyInPackage>לא ידוע</QtyInPackage><UnitOfMeasurePrice>0.0129</UnitOfMeasurePrice><AllowDiscount>1</AllowDiscount><ItemStatus>1</ItemStatus><ItemPrice>12.90</ItemPrice></item><item><PriceUpdateDate>2016-06-28 07:03:14</PriceUpdateDate><ItemCode>5411188114239</ItemCode><ItemType>1</ItemType><ItemName>אלפרו שמנת לבישול בס</ItemName><ManufacturerName>אלפרו</ManufacturerName><ManufactureCountry>בלגיה</ManufactureCountry><ManufacturerItemDescription>אלפרו שמנת      אורז250מ</ManufacturerItemDescription><SoldByWeight/><Quantity>250.00</Quantity><UnitOfMeasure>מ"ל</UnitOfMeasure><QtyInPackage>לא ידוע</QtyInPackage><UnitOfMeasurePrice>0.0448</UnitOfMeasurePrice><AllowDiscount>1</AllowDiscount><ItemStatus>1</ItemStatus><ItemPrice>11.20</ItemPrice></item><item><PriceUpdateDate>2016-08-02 09:29:31</PriceUpdateDate><ItemCode>5411188120544</ItemCode><ItemType>1</ItemType><ItemName>מב אלפרו מעדן סויה ע</ItemName><ManufacturerName>אלפרו</ManufacturerName><ManufactureCountry>בלגיה</ManufactureCountry><ManufacturerItemDescription>מעדן סויה 4יח'  ו125X4גר</ManufacturerItemDescription><SoldByWeight/><Quantity>500.00</Quantity><UnitOfMeasure>גרם     </UnitOfMeasure><QtyInPackage>לא ידוע</QtyInPackage><UnitOfMeasurePrice>0.0318</UnitOfMeasurePrice><AllowDiscount>1</AllowDiscount><ItemStatus>1</ItemStatus><ItemPrice>15.90</ItemPrice></item><item><PriceUpdateDate>2016-06-28 07:03:14</PriceUpdateDate><ItemCode>5411188120742</ItemCode><ItemType>1</ItemType><ItemName>מב אלפרו משקה שקדים</ItemName><ManufacturerName>אלפרו</ManufacturerName><ManufactureCountry>בלגיה</ManufactureCountry><ManufacturerItemDescription>אלפלרו משקה אגוזם 1 ליטר</ManufacturerItemDescription><SoldByWeight/><Quantity>1000.00</Quantity><UnitOfMeasure>מ"ל</UnitOfMeasure><QtyInPackage>לא ידוע</QtyInPackage><UnitOfMeasurePrice>0.0129</UnitOfMeasurePrice><AllowDiscount>1</AllowDiscount><ItemStatus>1</ItemStatus><ItemPrice>12.90</ItemPrice></item><item><PriceUpdateDate>2015-11-03 06:59:52</PriceUpdateDate><ItemCode>5411616133245</ItemCode><ItemType>1</ItemType><ItemName>בירה מרטנס ירוק 500</ItemName><ManufacturerName>לא ממותג</ManufacturerName><ManufactureCountry>ישראל</ManufactureCountry><ManufacturerItemDescription>בירה מרטנס ירוק 500</ManufacturerItemDescription><SoldByWeight/><Quantity>500.00</Quantity><UnitOfMeasure>מ"ל</UnitOfMeasure><QtyInPackage>לא ידוע</QtyInPackage><UnitOfMeasurePrice>0.0136</UnitOfMeasurePrice><AllowDiscount>1</AllowDiscount><ItemStatus>1</ItemStatus><ItemPrice>6.80</ItemPrice></item><item><PriceUpdateDate>2015-01-27 10:36:40</PriceUpdateDate><ItemCode>5413121358694</ItemCode><ItemType>1</ItemType><ItemName>בלג'יאן שוקולד בלגי</ItemName><ManufacturerName>בלג'יאן</ManufacturerName><ManufactureCountry>ישראל</ManufactureCountry><ManufacturerItemDescription>בלג'יאן שוקולד בלגי</ManufacturerItemDescription><SoldByWeight/><Quantity>100.00</Quantity><UnitOfMeasure>גרם     </UnitOfMeasure><QtyInPackage>לא ידוע</QtyInPackage><UnitOfMeasurePrice>0.1290</UnitOfMeasurePrice><AllowDiscount>1</AllowDiscount><ItemStatus>1</ItemStatus><ItemPrice>12.90</ItemPrice></item><item><PriceUpdateDate>2015-11-10 07:31:33</PriceUpdateDate><ItemCode>5413149695986</ItemCode><ItemType>1</ItemType><ItemName>אבקת כביסה תינוקלין</ItemName><ManufacturerName>תינוקלין</ManufacturerName><ManufactureCountry>ישראל</ManufactureCountry><ManufacturerItemDescription>אבקת כביסה תינוקלין</ManufacturerItemDescription><SoldByWeight/><Quantity>1250.00</Quantity><UnitOfMeasure>גרם     </UnitOfMeasure><QtyInPackage>לא ידוע</QtyInPackage><UnitOfMeasurePrice>0.0222</UnitOfMeasurePrice><AllowDiscount>1</AllowDiscount><ItemStatus>1</ItemStatus><ItemPrice>27.70</ItemPrice></item><item><PriceUpdateDate>2016-05-31 06:15:29</PriceUpdateDate><ItemCode>5413149922907</ItemCode><ItemType>1</ItemType><ItemName>אבקת כביסה אריאל קול</ItemName><ManufacturerName>אריאל</ManufacturerName><ManufactureCountry>ישראל</ManufactureCountry><ManufacturerItemDescription>אבקת כביסה אריאל קול</ManufacturerItemDescription><SoldByWeight/><Quantity>5000.00</Quantity><UnitOfMeasure>גרם     </UnitOfMeasure><QtyInPackage>לא ידוע</QtyInPackage><UnitOfMeasurePrice>0.0104</UnitOfMeasurePrice><AllowDiscount>1</AllowDiscount><ItemStatus>1</ItemStatus><ItemPrice>51.90</ItemPrice></item><item><PriceUpdateDate>2016-05-31 06:15:29</PriceUpdateDate><ItemCode>5413149922938</ItemCode><ItemType>1</ItemType><ItemName>אבקת כביסה אריאל שוש</ItemName><ManufacturerName>אריאל</ManufacturerName><ManufactureCountry>ישראל</ManufactureCountry><ManufacturerItemDescription>אבקת כביסה אריאל שוש</ManufacturerItemDescription><SoldByWeight/><Quantity>5000.00</Quantity><UnitOfMeasure>גרם     </UnitOfMeasure><QtyInPackage>לא ידוע</QtyInPackage><UnitOfMeasurePrice>0.0104</UnitOfMeasurePrice><AllowDiscount>1</AllowDiscount><ItemStatus>1</ItemStatus><ItemPrice>51.90</ItemPrice></item><item><PriceUpdateDate>2016-06-28 07:03:14</PriceUpdateDate><ItemCode>5413149930025</ItemCode><ItemType>1</ItemType><ItemName>מב אבקת כביסה טייד א</ItemName><ManufacturerName>טייד</ManufacturerName><ManufactureCountry>ישראל</ManufactureCountry><ManufacturerItemDescription>מב אבקת כביסה טייד א</ManufacturerItemDescription><SoldByWeight/><Quantity>5000.00</Quantity><UnitOfMeasure>גרם     </UnitOfMeasure><QtyInPackage>לא ידוע</QtyInPackage><UnitOfMeasurePrice>0.0086</UnitOfMeasurePrice><AllowDiscount>1</AllowDiscount><ItemStatus>1</ItemStatus><ItemPrice>42.90</ItemPrice></item><item><PriceUpdateDate>2016-03-22 17:39:33</PriceUpdateDate><ItemCode>5413216990242</ItemCode><ItemType>1</ItemType><ItemName>בונבוניירה צדפי שוקו</ItemName><ManufacturerName>יוגטה</ManufacturerName><ManufactureCountry>לא ידוע</ManufactureCountry><ManufacturerItemDescription>בונבוניירה צדפי שוקו</ManufacturerItemDescription><SoldByWeight/><Quantity>250.00</Quantity><UnitOfMeasure>גרם     </UnitOfMeasure><QtyInPackage>לא ידוע</QtyInPackage><UnitOfMeasurePrice>0.0716</UnitOfMeasurePrice><AllowDiscount>1</AllowDiscount><ItemStatus>1</ItemStatus><ItemPrice>17.90</ItemPrice></item><item><PriceUpdateDate>2016-06-28 07:03:14</PriceUpdateDate><ItemCode>5425000197157</ItemCode><ItemType>1</ItemType><ItemName>מב משקה אורז אגוזי ל</ItemName><ManufacturerName>רייס דרים</ManufacturerName><ManufactureCountry>גרמניה</ManufactureCountry><ManufacturerItemDescription>קואקר           מינ500גר</ManufacturerItemDescription><SoldByWeight/><Quantity>1000.00</Quantity><UnitOfMeasure>מ"ל</UnitOfMeasure><QtyInPackage>לא ידוע</QtyInPackage><UnitOfMeasurePrice>0.0129</UnitOfMeasurePrice><AllowDiscount>1</AllowDiscount><ItemStatus>1</ItemStatus><ItemPrice>12.90</ItemPrice></item><item><PriceUpdateDate>2016-05-01 10:30:11</PriceUpdateDate><ItemCode>55369901666</ItemCode><ItemType>1</ItemType><ItemName>רסק אפל סנק 4 מנות ת</ItemName><ManufacturerName>אפל סנאק</ManufacturerName><ManufactureCountry>ישראל</ManufactureCountry><ManufacturerItemDescription>רסק אפל סנק 4 מנות ת</ManufacturerItemDescription><SoldByWeight/><Quantity>452.00</Quantity><UnitOfMeasure>גרם     </UnitOfMeasure><QtyInPackage>לא ידוע</QtyInPackage><UnitOfMeasurePrice>0.0378</UnitOfMeasurePrice><AllowDiscount>1</AllowDiscount><ItemStatus>1</ItemStatus><ItemPrice>17.10</ItemPrice></item><item><PriceUpdateDate>2016-05-01 10:30:11</PriceUpdateDate><ItemCode>55369902342</ItemCode><ItemType>1</ItemType><ItemName>אפל סנק רסק תפ"ע 709</ItemName><ManufacturerName>אפל סנאק</ManufacturerName><ManufactureCountry>ישראל</ManufactureCountry><ManufacturerItemDescription>אפל סנק רסק תפ"ע 709</ManufacturerItemDescription><SoldByWeight/><Quantity>709.00</Quantity><UnitOfMeasure>גרם     </UnitOfMeasure><QtyInPackage>לא ידוע</QtyInPackage><UnitOfMeasurePrice>0.0236</UnitOfMeasurePrice><AllowDiscount>1</AllowDiscount><ItemStatus>1</ItemStatus><ItemPrice>16.70</ItemPrice></item><item><PriceUpdateDate>2016-05-01 10:30:12</PriceUpdateDate><ItemCode>55369902359</ItemCode><ItemType>1</ItemType><ItemName>רסק אפל סנק תפוחי עץ</ItemName><ManufacturerName>אפל סנאק</ManufacturerName><ManufactureCountry>ישראל</ManufactureCountry><ManufacturerItemDescription>רסק אפל סנק תפוחי עץ</ManufacturerItemDescription><SoldByWeight/><Quantity>709.00</Quantity><UnitOfMeasure>גרם     </UnitOfMeasure><QtyInPackage>לא ידוע</QtyInPackage><UnitOfMeasurePrice>0.0241</UnitOfMeasurePrice><AllowDiscount>1</AllowDiscount><ItemStatus>1</ItemStatus><ItemPrice>17.10</ItemPrice></item><item><PriceUpdateDate>2016-06-28 07:03:16</PriceUpdateDate><ItemCode>5701092108708</ItemCode><ItemType>1</ItemType><ItemName>מב פיניש קואנטום לימ</ItemName><ManufacturerName>פיניש</ManufacturerName><ManufactureCountry>פולין</ManufactureCountry><ManufacturerItemDescription>מב פיניש קואנטום לימ</ManufacturerItemDescription><SoldByWeight/><Quantity>20.00</Quantity><UnitOfMeasure>יח'</UnitOfMeasure><QtyInPackage>לא ידוע</QtyInPackage><UnitOfMeasurePrice>1.4950</UnitOfMeasurePrice><AllowDiscount>1</AllowDiscount><ItemStatus>1</ItemStatus><ItemPrice>29.90</ItemPrice></item><item><PriceUpdateDate>2016-08-02 09:29:32</PriceUpdateDate><ItemCode>5900020012814</ItemCode><ItemType>1</ItemType><ItemName>מב דגני בוקר נסקוויק</ItemName><ManufacturerName>נסקוויק</ManufacturerName><ManufactureCountry>פולין</ManufactureCountry><ManufacturerItemDescription>זוג משחות שינייםדום100*2</ManufacturerItemDescription><SoldByWeight/><Quantity>500.00</Quantity><UnitOfMeasure>גרם     </UnitOfMeasure><QtyInPackage>לא ידוע</QtyInPackage><UnitOfMeasurePrice>0.0378</UnitOfMeasurePrice><AllowDiscount>1</AllowDiscount><ItemStatus>1</ItemStatus><ItemPrice>18.90</ItemPrice></item><item><PriceUpdateDate>2016-05-31 06:15:31</PriceUpdateDate><ItemCode>5900020015174</ItemCode><ItemType>1</ItemType><ItemName>פיטנס חטיף דגנים שוק</ItemName><ManufacturerName>פיטנס</ManufacturerName><ManufactureCountry>פולין</ManufactureCountry><ManufacturerItemDescription>משחת שיניים      75 מ"ל</ManufacturerItemDescription><SoldByWeight/><Quantity>141.00</Quantity><UnitOfMeasure>גרם     </UnitOfMeasure><QtyInPackage>לא ידוע</QtyInPackage><UnitOfMeasurePrice>0.1255</UnitOfMeasurePrice><AllowDiscount>1</AllowDiscount><ItemStatus>1</ItemStatus><ItemPrice>17.70</ItemPrice></item><item><PriceUpdateDate>2016-08-12 06:41:42</PriceUpdateDate><ItemCode>5900020026552</ItemCode><ItemType>1</ItemType><ItemName>מב האני נאט צ'יריוס</ItemName><ManufacturerName>לא ממותג</ManufacturerName><ManufactureCountry>לא ידוע</ManufactureCountry><ManufacturerItemDescription>מב האני נאט צ'יריוס</ManufacturerItemDescription><SoldByWeight/><Quantity>625.00</Quantity><UnitOfMeasure>גרם     </UnitOfMeasure><QtyInPackage>לא ידוע</QtyInPackage><UnitOfMeasurePrice>0.0238</UnitOfMeasurePrice><AllowDiscount>1</AllowDiscount><ItemStatus>1</ItemStatus><ItemPrice>14.90</ItemPrice></item><item><PriceUpdateDate>2016-08-03 09:18:40</PriceUpdateDate><ItemCode>59039549</ItemCode><ItemType>1</ItemType><ItemName>ס.ווג פריזון מנטול ב</ItemName><ManufacturerName>ווג</ManufacturerName><ManufactureCountry>פולין</ManufactureCountry><ManufacturerItemDescription>סיגריות ווג פריזון מנטול</ManufacturerItemDescription><SoldByWeight/><Quantity>0.00</Quantity><UnitOfMeasure>יח'</UnitOfMeasure><QtyInPackage>לא ידוע</QtyInPackage><UnitOfMeasurePrice>0.0000</UnitOfMeasurePrice><AllowDiscount>1</AllowDiscount><ItemStatus>1</ItemStatus><ItemPrice>34.90</ItemPrice></item><item><PriceUpdateDate>2016-02-26 06:49:19</PriceUpdateDate><ItemCode>5904941751302</ItemCode><ItemType>1</ItemType><ItemName>משקה אנרגיה בלו 250</ItemName><ManufacturerName>בלו</ManufacturerName><ManufactureCountry>פולין</ManufactureCountry><ManufacturerItemDescription>סבון פלמוליב 4יחים100*4ג</ManufacturerItemDescription><SoldByWeight/><Quantity>250.00</Quantity><UnitOfMeasure>מ"ל</UnitOfMeasure><QtyInPackage>לא ידוע</QtyInPackage><UnitOfMeasurePrice>0.0156</UnitOfMeasurePrice><AllowDiscount>0</AllowDiscount><ItemStatus>1</ItemStatus><ItemPrice>3.90</ItemPrice></item><item><PriceUpdateDate>2016-02-26 06:49:19</PriceUpdateDate><ItemCode>5904941751715</ItemCode><ItemType>1</ItemType><ItemName>משקה אנרגיה בלו קרנב</ItemName><ManufacturerName>BLU</ManufacturerName><ManufactureCountry>פולין</ManufactureCountry><ManufacturerItemDescription>משקה אנרגיה בלו חמוציות 2</ManufacturerItemDescription><SoldByWeight/><Quantity>250.00</Quantity><UnitOfMeasure>גרם     </UnitOfMeasure><QtyInPackage>לא ידוע</QtyInPackage><UnitOfMeasurePrice>0.0156</UnitOfMeasurePrice><AllowDiscount>0</AllowDiscount><ItemStatus>1</ItemStatus><ItemPrice>3.90</ItemPrice></item><item><PriceUpdateDate>2016-05-01 06:42:42</PriceUpdateDate><ItemCode>5906485301012</ItemCode><ItemType>1</ItemType><ItemName>משקה אנרגיה אקסל 250</ItemName><ManufacturerName>XL</ManufacturerName><ManufactureCountry>ישראל</ManufactureCountry><ManufacturerItemDescription>משקה אנרגיה XL מל</ManufacturerItemDescription><SoldByWeight/><Quantity>250.00</Quantity><UnitOfMeasure>מ"ל</UnitOfMeasure><QtyInPackage>לא ידוע</QtyInPackage><UnitOfMeasurePrice>0.0120</UnitOfMeasurePrice><AllowDiscount>1</AllowDiscount><ItemStatus>1</ItemStatus><ItemPrice>3.00</ItemPrice></item><item><PriceUpdateDate>2015-11-03 06:59:53</PriceUpdateDate><ItemCode>5942045177017</ItemCode><ItemType>1</ItemType><ItemName>בירה גונטר 500 מ''ל</ItemName><ManufacturerName>לא ממותג</ManufacturerName><ManufactureCountry>ישראל</ManufactureCountry><ManufacturerItemDescription>בירה גונטר 500 מ''ל</ManufacturerItemDescription><SoldByWeight/><Quantity>500.00</Quantity><UnitOfMeasure>מ"ל</UnitOfMeasure><QtyInPackage>לא ידוע</QtyInPackage><UnitOfMeasurePrice>0.0136</UnitOfMeasurePrice><AllowDiscount>1</AllowDiscount><ItemStatus>1</ItemStatus><ItemPrice>6.80</ItemPrice></item><item><PriceUpdateDate>2016-05-01 10:30:51</PriceUpdateDate><ItemCode>6001202126608</ItemCode><ItemType>1</ItemType><ItemName>פריסקיז פאוצ עוף ברו</ItemName><ManufacturerName>פריסקיז</ManufacturerName><ManufactureCountry>ישראל</ManufactureCountry><ManufacturerItemDescription>פריסקיז פאוצ עוף ברו</ManufacturerItemDescription><SoldByWeight/><Quantity>85.00</Quantity><UnitOfMeasure>גרם     </UnitOfMeasure><QtyInPackage>לא ידוע</QtyInPackage><UnitOfMeasurePrice>0.0765</UnitOfMeasurePrice><AllowDiscount>1</AllowDiscount><ItemStatus>1</ItemStatus><ItemPrice>6.50</ItemPrice></item><item><PriceUpdateDate>2016-05-01 10:30:51</PriceUpdateDate><ItemCode>6001291000018</ItemCode><ItemType>1</ItemType><ItemName>ממרח דגים אנשובט 125</ItemName><ManufacturerName>לא ממותג</ManufacturerName><ManufactureCountry>ישראל</ManufactureCountry><ManufacturerItemDescription>ממרח דגים אנשובט 125</ManufacturerItemDescription><SoldByWeight/><Quantity>125.00</Quantity><UnitOfMeasure>גרם     </UnitOfMeasure><QtyInPackage>לא ידוע</QtyInPackage><UnitOfMeasurePrice>0.1032</UnitOfMeasurePrice><AllowDiscount>1</AllowDiscount><ItemStatus>1</ItemStatus><ItemPrice>12.90</ItemPrice></item><item><PriceUpdateDate>2015-01-27 10:34:56</PriceUpdateDate><ItemCode>6111049000112</ItemCode><ItemType>1</ItemType><ItemName>סרדין בשמן זית ספייה</ItemName><ManufacturerName>טיירי</ManufacturerName><ManufactureCountry>ישראל</ManufactureCountry><ManufacturerItemDescription>סרדין בשמן זית ספייה</ManufacturerItemDescription><SoldByWeight/><Quantity>125.00</Quantity><UnitOfMeasure>גרם     </UnitOfMeasure><QtyInPackage>לא ידוע</QtyInPackage><UnitOfMeasurePrice>0.0712</UnitOfMeasurePrice><AllowDiscount>1</AllowDiscount><ItemStatus>1</ItemStatus><ItemPrice>8.90</ItemPrice></item><item><PriceUpdateDate>2016-05-01 10:30:52</PriceUpdateDate><ItemCode>6111094000808</ItemCode><ItemType>1</ItemType><ItemName>קוסקוס דארי 1 ק''ג +</ItemName><ManufacturerName>תומר</ManufacturerName><ManufactureCountry>ישראל</ManufactureCountry><ManufacturerItemDescription>קוסקוס דארי 1 ק''ג +</ManufacturerItemDescription><SoldByWeight/><Quantity>1000.00</Quantity><UnitOfMeasure>גרם     </UnitOfMeasure><QtyInPackage>לא ידוע</QtyInPackage><UnitOfMeasurePrice>0.0193</UnitOfMeasurePrice><AllowDiscount>1</AllowDiscount><ItemStatus>1</ItemStatus><ItemPrice>19.30</ItemPrice></item><item><PriceUpdateDate>2016-05-31 06:15:32</PriceUpdateDate><ItemCode>6281001510390</ItemCode><ItemType>1</ItemType><ItemName>מברשת שיניים קולגייט</ItemName><ManufacturerName>קולגייט</ManufacturerName><ManufactureCountry>סין</ManufactureCountry><ManufacturerItemDescription>גילה דג זהבנון  קג יח</ManufacturerItemDescription><SoldByWeight/><Quantity>1.00</Quantity><UnitOfMeasure>יח'</UnitOfMeasure><QtyInPackage>לא ידוע</QtyInPackage><UnitOfMeasurePrice>18.4000</UnitOfMeasurePrice><AllowDiscount>1</AllowDiscount><ItemStatus>1</ItemStatus><ItemPrice>18.40</ItemPrice></item><item><PriceUpdateDate>2016-05-01 06:10:14</PriceUpdateDate><ItemCode>64144090051</ItemCode><ItemType>1</ItemType><ItemName>תרסיס שמן קנולה פאם</ItemName><ManufacturerName>ליימן חטיבת המותגים</ManufacturerName><ManufactureCountry>ארצות הברית</ManufactureCountry><ManufacturerItemDescription>צבע לשיער גרניה ר כחול</ManufacturerItemDescription><SoldByWeight/><Quantity>148.00</Quantity><UnitOfMeasure>מ"ל</UnitOfMeasure><QtyInPackage>לא ידוע</QtyInPackage><UnitOfMeasurePrice>0.1142</UnitOfMeasurePrice><AllowDiscount>1</AllowDiscount><ItemStatus>1</ItemStatus><ItemPrice>16.90</ItemPrice></item><item><PriceUpdateDate>2016-06-28 07:02:52</PriceUpdateDate><ItemCode>645173911038</ItemCode><ItemType>1</ItemType><ItemName>מלפפון קורנישון 360</ItemName><ManufacturerName>תומר</ManufacturerName><ManufactureCountry>ישראל</ManufactureCountry><ManufacturerItemDescription>מלפפון קורנישון 360</ManufacturerItemDescription><SoldByWeight/><Quantity>360.00</Quantity><UnitOfMeasure>גרם     </UnitOfMeasure><QtyInPackage>לא ידוע</QtyInPackage><UnitOfMeasurePrice>0.0278</UnitOfMeasurePrice><AllowDiscount>1</AllowDiscount><ItemStatus>1</ItemStatus><ItemPrice>10.00</ItemPrice></item><item><PriceUpdateDate>2016-08-02 09:29:22</PriceUpdateDate><ItemCode>661625044727</ItemCode><ItemType>1</ItemType><ItemName>מארז מינואט ביסקוויט</ItemName><ManufacturerName>מינואט</ManufacturerName><ManufactureCountry>ישראל</ManufactureCountry><ManufacturerItemDescription>עוגיות סנדוויץ  ולד 95גר</ManufacturerItemDescription><SoldByWeight/><Quantity>288.00</Quantity><UnitOfMeasure>גרם     </UnitOfMeasure><QtyInPackage>לא ידוע</QtyInPackage><UnitOfMeasurePrice>0.0240</UnitOfMeasurePrice><AllowDiscount>1</AllowDiscount><ItemStatus>1</ItemStatus><ItemPrice>6.90</ItemPrice></item><item><PriceUpdateDate>2016-05-01 10:30:18</PriceUpdateDate><ItemCode>661625951117</ItemCode><ItemType>1</ItemType><ItemName>מינואט ביסקוויט עם ק</ItemName><ManufacturerName>מינואט</ManufacturerName><ManufactureCountry>ישראל</ManufactureCountry><ManufacturerItemDescription>עוגיות סנדוויץ  ולד 95גר</ManufacturerItemDescription><SoldByWeight/><Quantity>95.00</Quantity><UnitOfMeasure>גרם     </UnitOfMeasure><QtyInPackage>לא ידוע</QtyInPackage><UnitOfMeasurePrice>0.0316</UnitOfMeasurePrice><AllowDiscount>1</AllowDiscount><ItemStatus>1</ItemStatus><ItemPrice>3.00</ItemPrice></item><item><PriceUpdateDate>2016-05-01 10:30:18</PriceUpdateDate><ItemCode>661625951124</ItemCode><ItemType>1</ItemType><ItemName>מינואט ביסקוויט עם ק</ItemName><ManufacturerName>מינואט</ManufacturerName><ManufactureCountry>ישראל</ManufactureCountry><ManufacturerItemDescription>עוגיות סנדוויץ  ל 95 גרם</ManufacturerItemDescription><SoldByWeight/><Quantity>95.00</Quantity><UnitOfMeasure>גרם     </UnitOfMeasure><QtyInPackage>לא ידוע</QtyInPackage><UnitOfMeasurePrice>0.0316</UnitOfMeasurePrice><AllowDiscount>1</AllowDiscount><ItemStatus>1</ItemStatus><ItemPrice>3.00</ItemPrice></item><item><PriceUpdateDate>2015-11-03 06:59:44</PriceUpdateDate><ItemCode>681131129855</ItemCode><ItemType>1</ItemType><ItemName>בירה שלוס קרון  500</ItemName><ManufacturerName>לא ממותג</ManufacturerName><ManufactureCountry>ישראל</ManufactureCountry><ManufacturerItemDescription>בירה שלוס קרון  500</ManufacturerItemDescription><SoldByWeight/><Quantity>500.00</Quantity><UnitOfMeasure>מ"ל</UnitOfMeasure><QtyInPackage>לא ידוע</QtyInPackage><UnitOfMeasurePrice>0.0136</UnitOfMeasurePrice><AllowDiscount>1</AllowDiscount><ItemStatus>1</ItemStatus><ItemPrice>6.80</ItemPrice></item><item><PriceUpdateDate>2016-08-08 16:08:09</PriceUpdateDate><ItemCode>6972</ItemCode><ItemType>3</ItemType><ItemName>תפוח עץ גאלה</ItemName><ManufacturerName>.N.Y.C</ManufacturerName><ManufactureCountry>ישראל</ManufactureCountry><ManufacturerItemDescription>תפוח עץ גאלה</ManufacturerItemDescription><SoldByWeight/><Quantity>1.00</Quantity><UnitOfMeasure>ק"ג</UnitOfMeasure><QtyInPackage>לא ידוע</QtyInPackage><UnitOfMeasurePrice>12.9000</UnitOfMeasurePrice><AllowDiscount>1</AllowDiscount><ItemStatus>1</ItemStatus><ItemPrice>12.90</ItemPrice></item><item><PriceUpdateDate>2016-03-03 07:09:44</PriceUpdateDate><ItemCode>70044004197</ItemCode><ItemType>1</ItemType><ItemName>צ'מפיון צימוקים שישי</ItemName><ManufacturerName>לא ממותג</ManufacturerName><ManufactureCountry>לא ידוע</ManufactureCountry><ManufacturerItemDescription>צ'מפיון צימוקים שישי</ManufacturerItemDescription><SoldByWeight/><Quantity>0.00</Quantity><UnitOfMeasure>גרם     </UnitOfMeasure><QtyInPackage>לא ידוע</QtyInPackage><UnitOfMeasurePrice>0.0000</UnitOfMeasurePrice><AllowDiscount>1</AllowDiscount><ItemStatus>1</ItemStatus><ItemPrice>18.90</ItemPrice></item><item><PriceUpdateDate>2016-05-01 10:30:13</PriceUpdateDate><ItemCode>70970471254</ItemCode><ItemType>1</ItemType><ItemName>מייק אנד אייק ג'לי פ</ItemName><ManufacturerName>מייק אנד אייק</ManufacturerName><ManufactureCountry>ישראל</ManufactureCountry><ManufacturerItemDescription>מייק אנד אייק ג'לי פ</ManufacturerItemDescription><SoldByWeight/><Quantity>141.00</Quantity><UnitOfMeasure>גרם     </UnitOfMeasure><QtyInPackage>לא ידוע</QtyInPackage><UnitOfMeasurePrice>0.0773</UnitOfMeasurePrice><AllowDiscount>1</AllowDiscount><ItemStatus>1</ItemStatus><ItemPrice>10.90</ItemPrice></item><item><PriceUpdateDate>2016-05-01 10:30:13</PriceUpdateDate><ItemCode>70970471261</ItemCode><ItemType>1</ItemType><ItemName>מייק אנד אייק ג'לי פ</ItemName><ManufacturerName>מייק אנד אייק</ManufacturerName><ManufactureCountry>ישראל</ManufactureCountry><ManufacturerItemDescription>מייק אנד אייק ג'לי פ</ManufacturerItemDescription><SoldByWeight/><Quantity>141.00</Quantity><UnitOfMeasure>גרם     </UnitOfMeasure><QtyInPackage>לא ידוע</QtyInPackage><UnitOfMeasurePrice>0.0773</UnitOfMeasurePrice><AllowDiscount>1</AllowDiscount><ItemStatus>1</ItemStatus><ItemPrice>10.90</ItemPrice></item><item><PriceUpdateDate>2016-05-01 10:30:13</PriceUpdateDate><ItemCode>72063013129</ItemCode><ItemType>1</ItemType><ItemName>משקה מוגז רוט ביר 35</ItemName><ManufacturerName>לא ממותג</ManufacturerName><ManufactureCountry>ישראל</ManufactureCountry><ManufacturerItemDescription>משקה מוגז רוט ביר 35</ManufacturerItemDescription><SoldByWeight/><Quantity>335.00</Quantity><UnitOfMeasure>מ"ל</UnitOfMeasure><QtyInPackage>לא ידוע</QtyInPackage><UnitOfMeasurePrice>0.0203</UnitOfMeasurePrice><AllowDiscount>1</AllowDiscount><ItemStatus>1</ItemStatus><ItemPrice>6.80</ItemPrice></item><item><PriceUpdateDate>2016-08-02 09:29:32</PriceUpdateDate><ItemCode>7271730901261</ItemCode><ItemType>1</ItemType><ItemName>מב פסטה עם גבינה 156</ItemName><ManufacturerName>פולדס</ManufacturerName><ManufactureCountry>ארצות הברית</ManufactureCountry><ManufacturerItemDescription>פסטה עם גבינה 156 גרם</ManufacturerItemDescription><SoldByWeight/><Quantity>156.00</Quantity><UnitOfMeasure>גרם     </UnitOfMeasure><QtyInPackage>לא ידוע</QtyInPackage><UnitOfMeasurePrice>0.0635</UnitOfMeasurePrice><AllowDiscount>1</AllowDiscount><ItemStatus>1</ItemStatus><ItemPrice>9.90</ItemPrice></item><item><PriceUpdateDate>2015-12-24 06:53:03</PriceUpdateDate><ItemCode>728229123590</ItemCode><ItemType>1</ItemType><ItemName>חטיף טרה צ'יפס אורגי</ItemName><ManufacturerName>TERRA</ManufacturerName><ManufactureCountry>ישראל</ManufactureCountry><ManufacturerItemDescription>ציפס אורגינל</ManufacturerItemDescription><SoldByWeight/><Quantity>110.00</Quantity><UnitOfMeasure>גרם     </UnitOfMeasure><QtyInPackage>לא ידוע</QtyInPackage><UnitOfMeasurePrice>0.1445</UnitOfMeasurePrice><AllowDiscount>1</AllowDiscount><ItemStatus>1</ItemStatus><ItemPrice>15.90</ItemPrice></item><item><PriceUpdateDate>2016-05-01 10:30:19</PriceUpdateDate><ItemCode>728229130444</ItemCode><ItemType>1</ItemType><ItemName>חטיף טרה צ'יפס ירקות</ItemName><ManufacturerName>TERRA</ManufacturerName><ManufactureCountry>ישראל</ManufactureCountry><ManufacturerItemDescription>ציפס מירקות אקזוטיים כחו</ManufacturerItemDescription><SoldByWeight/><Quantity>110.00</Quantity><UnitOfMeasure>גרם     </UnitOfMeasure><QtyInPackage>לא ידוע</QtyInPackage><UnitOfMeasurePrice>0.1445</UnitOfMeasurePrice><AllowDiscount>1</AllowDiscount><ItemStatus>1</ItemStatus><ItemPrice>15.90</ItemPrice></item><item><PriceUpdateDate>2016-05-20 06:39:46</PriceUpdateDate><ItemCode>7290000000017</ItemCode><ItemType>1</ItemType><ItemName>חלה</ItemName><ManufacturerName>אנג'ל</ManufacturerName><ManufactureCountry>ישראל</ManufactureCountry><ManufacturerItemDescription>עגבניה</ManufacturerItemDescription><SoldByWeight/><Quantity>500.00</Quantity><UnitOfMeasure>גרם     </UnitOfMeasure><QtyInPackage>לא ידוע</QtyInPackage><UnitOfMeasurePrice>0.0099</UnitOfMeasurePrice><AllowDiscount>1</AllowDiscount><ItemStatus>1</ItemStatus><ItemPrice>4.94</ItemPrice></item><item><PriceUpdateDate>2016-05-01 10:27:38</PriceUpdateDate><ItemCode>7290000000031</ItemCode><ItemType>1</ItemType><ItemName>חלה קלועה</ItemName><ManufacturerName>אנג'ל</ManufacturerName><ManufactureCountry>ישראל</ManufactureCountry><ManufacturerItemDescription>גזר ארוז</ManufacturerItemDescription><SoldByWeight/><Quantity>500.00</Quantity><UnitOfMeasure>גרם     </UnitOfMeasure><QtyInPackage>לא ידוע</QtyInPackage><UnitOfMeasurePrice>0.0180</UnitOfMeasurePrice><AllowDiscount>1</AllowDiscount><ItemStatus>1</ItemStatus><ItemPrice>9.00</ItemPrice></item><item><PriceUpdateDate>2016-05-01 10:27:38</PriceUpdateDate><ItemCode>7290000000055</ItemCode><ItemType>1</ItemType><ItemName>חצי חלה קלועה 250 גר</ItemName><ManufacturerName>אנג'ל</ManufacturerName><ManufactureCountry>ישראל</ManufactureCountry><ManufacturerItemDescription>חצי חלה קלועה 250 גר</ManufacturerItemDescription><SoldByWeight/><Quantity>250.00</Quantity><UnitOfMeasure>גרם     </UnitOfMeasure><QtyInPackage>לא ידוע</QtyInPackage><UnitOfMeasurePrice>0.0212</UnitOfMeasurePrice><AllowDiscount>1</AllowDiscount><ItemStatus>1</ItemStatus><ItemPrice>5.30</ItemPrice></item><item><PriceUpdateDate>2016-05-01 10:27:38</PriceUpdateDate><ItemCode>7290000000086</ItemCode><ItemType>1</ItemType><ItemName>לחם אחיד 750 גרם</ItemName><ManufacturerName>אנג'ל</ManufacturerName><ManufactureCountry>ישראל</ManufactureCountry><ManufacturerItemDescription>לחם אחיד 750 גרם</ManufacturerItemDescription><SoldByWeight/><Quantity>750.00</Quantity><UnitOfMeasure>גרם     </UnitOfMeasure><QtyInPackage>לא ידוע</QtyInPackage><UnitOfMeasurePrice>0.0068</UnitOfMeasurePrice><AllowDiscount>1</AllowDiscount><ItemStatus>1</ItemStatus><ItemPrice>5.07</ItemPrice></item><item><PriceUpdateDate>2015-01-27 10:35:55</PriceUpdateDate><ItemCode>7290000000277</ItemCode><ItemType>1</ItemType><ItemName>תפוח אדמה  למיקרו</ItemName><ManufacturerName>.N.Y.C</ManufacturerName><ManufactureCountry>ישראל</ManufactureCountry><ManufacturerItemDescription>תפוח אדמה  למיקרו</ManufacturerItemDescription><SoldByWeight/><Quantity>1.00</Quantity><UnitOfMeasure>יח'</UnitOfMeasure><QtyInPackage>לא ידוע</QtyInPackage><UnitOfMeasurePrice>8.0000</UnitOfMeasurePrice><AllowDiscount>1</AllowDiscount><ItemStatus>1</ItemStatus><ItemPrice>8.00</ItemPrice></item><item><PriceUpdateDate>2015-01-27 10:35:55</PriceUpdateDate><ItemCode>7290000000529</ItemCode><ItemType>1</ItemType><ItemName>רביעיית שום</ItemName><ManufacturerName>B.B.B</ManufacturerName><ManufactureCountry>ישראל</ManufactureCountry><ManufacturerItemDescription>רביעיית שום</ManufacturerItemDescription><SoldByWeight/><Quantity>1.00</Quantity><UnitOfMeasure>יח'</UnitOfMeasure><QtyInPackage>לא ידוע</QtyInPackage><UnitOfMeasurePrice>7.9000</UnitOfMeasurePrice><AllowDiscount>1</AllowDiscount><ItemStatus>1</ItemStatus><ItemPrice>7.90</ItemPrice></item><item><PriceUpdateDate>2015-01-27 10:35:55</PriceUpdateDate><ItemCode>7290000001717</ItemCode><ItemType>1</ItemType><ItemName>מנגולדסלק עלים</ItemName><ManufacturerName>B.B.B</ManufacturerName><ManufactureCountry>ישראל</ManufactureCountry><ManufacturerItemDescription>מנגולדסלק עלים</ManufacturerItemDescription><SoldByWeight/><Quantity>1.00</Quantity><UnitOfMeasure>יח'</UnitOfMeasure><QtyInPackage>לא ידוע</QtyInPackage><UnitOfMeasurePrice>5.0000</UnitOfMeasurePrice><AllowDiscount>1</AllowDiscount><ItemStatus>1</ItemStatus><ItemPrice>5.00</ItemPrice></item><item><PriceUpdateDate>2015-01-27 10:35:55</PriceUpdateDate><ItemCode>7290000001960</ItemCode><ItemType>1</ItemType><ItemName>בצל ירוק</ItemName><ManufacturerName>B.B.B</ManufacturerName><ManufactureCountry>ישראל</ManufactureCountry><ManufacturerItemDescription>בצל ירוק</ManufacturerItemDescription><SoldByWeight/><Quantity>1.00</Quantity><UnitOfMeasure>יח'</UnitOfMeasure><QtyInPackage>לא ידוע</QtyInPackage><UnitOfMeasurePrice>5.0000</UnitOfMeasurePrice><AllowDiscount>1</AllowDiscount><ItemStatus>1</ItemStatus><ItemPrice>5.00</ItemPrice></item><item><PriceUpdateDate>2015-11-12 06:47:49</PriceUpdateDate><ItemCode>7290000001977</ItemCode><ItemType>1</ItemType><ItemName>חסה ערבית יח'</ItemName><ManufacturerName>B.B.B</ManufacturerName><ManufactureCountry>ישראל</ManufactureCountry><ManufacturerItemDescription>חסה ערבית יח'</ManufacturerItemDescription><SoldByWeight/><Quantity>1.00</Quantity><UnitOfMeasure>יח'</UnitOfMeasure><QtyInPackage>לא ידוע</QtyInPackage><UnitOfMeasurePrice>5.9000</UnitOfMeasurePrice><AllowDiscount>1</AllowDiscount><ItemStatus>1</ItemStatus><ItemPrice>5.90</ItemPrice></item><item><PriceUpdateDate>2015-01-27 10:35:55</PriceUpdateDate><ItemCode>7290000001984</ItemCode><ItemType>1</ItemType><ItemName>חסה עגולה יחידות</ItemName><ManufacturerName>B.B.B</ManufacturerName><ManufactureCountry>ישראל</ManufactureCountry><ManufacturerItemDescription>חסה עגולה יחידות</ManufacturerItemDescription><SoldByWeight/><Quantity>1.00</Quantity><UnitOfMeasure>יח'</UnitOfMeasure><QtyInPackage>לא ידוע</QtyInPackage><UnitOfMeasurePrice>5.9000</UnitOfMeasurePrice><AllowDiscount>1</AllowDiscount><ItemStatus>1</ItemStatus><ItemPrice>5.90</ItemPrice></item><item><PriceUpdateDate>2016-06-27 17:19:48</PriceUpdateDate><ItemCode>7290000006224</ItemCode><ItemType>1</ItemType><ItemName>ליצ'י</ItemName><ManufacturerName>B.B.B</ManufacturerName><ManufactureCountry>ישראל</ManufactureCountry><ManufacturerItemDescription>ליצ'י</ManufacturerItemDescription><SoldByWeight/><Quantity>1.00</Quantity><UnitOfMeasure>יח'</UnitOfMeasure><QtyInPackage>לא ידוע</QtyInPackage><UnitOfMeasurePrice>12.9000</UnitOfMeasurePrice><AllowDiscount>1</AllowDiscount><ItemStatus>1</ItemStatus><ItemPrice>12.90</ItemPrice></item><item><PriceUpdateDate>2016-02-18 06:44:27</PriceUpdateDate><ItemCode>7290000008143</ItemCode><ItemType>1</ItemType><ItemName>סלק וואקום</ItemName><ManufacturerName>B.B.B</ManufacturerName><ManufactureCountry>ישראל</ManufactureCountry><ManufacturerItemDescription>סלק וואקום</ManufacturerItemDescription><SoldByWeight/><Quantity>1.00</Quantity><UnitOfMeasure>יח'</UnitOfMeasure><QtyInPackage>לא ידוע</QtyInPackage><UnitOfMeasurePrice>8.9000</UnitOfMeasurePrice><AllowDiscount>1</AllowDiscount><ItemStatus>1</ItemStatus><ItemPrice>8.90</ItemPrice></item><item><PriceUpdateDate>2016-05-20 06:39:46</PriceUpdateDate><ItemCode>7290000012345</ItemCode><ItemType>1</ItemType><ItemName>חלה</ItemName><ManufacturerName>אנג'ל</ManufacturerName><ManufactureCountry>ישראל</ManufactureCountry><ManufacturerItemDescription>עגבניה</ManufacturerItemDescription><SoldByWeight/><Quantity>500.00</Quantity><UnitOfMeasure>גרם     </UnitOfMeasure><QtyInPackage>לא ידוע</QtyInPackage><UnitOfMeasurePrice>0.0099</UnitOfMeasurePrice><AllowDiscount>1</AllowDiscount><ItemStatus>1</ItemStatus><ItemPrice>4.94</ItemPrice></item><item><PriceUpdateDate>2016-05-01 10:30:54</PriceUpdateDate><ItemCode>7290000015958</ItemCode><ItemType>3</ItemType><ItemName>מאפה דניש קינמון</ItemName><ManufacturerName>מאפה צרפתי</ManufacturerName><ManufactureCountry>ישראל</ManufactureCountry><ManufacturerItemDescription>מאפה דניש קינמון</ManufacturerItemDescription><SoldByWeight/><Quantity>1.00</Quantity><UnitOfMeasure>ק"ג</UnitOfMeasure><QtyInPackage>לא ידוע</QtyInPackage><UnitOfMeasurePrice>35.0000</UnitOfMeasurePrice><AllowDiscount>1</AllowDiscount><ItemStatus>1</ItemStatus><ItemPrice>35.00</ItemPrice></item><item><PriceUpdateDate>2016-08-02 09:29:32</PriceUpdateDate><ItemCode>7290000015965</ItemCode><ItemType>3</ItemType><ItemName>מב בורקס תפו"א</ItemName><ManufacturerName>מאפה צרפתי</ManufacturerName><ManufactureCountry>ישראל</ManufactureCountry><ManufacturerItemDescription>מב בורקס תפו"א</ManufacturerItemDescription><SoldByWeight/><Quantity>1.00</Quantity><UnitOfMeasure>ק"ג</UnitOfMeasure><QtyInPackage>לא ידוע</QtyInPackage><UnitOfMeasurePrice>24.9000</UnitOfMeasurePrice><AllowDiscount>1</AllowDiscount><ItemStatus>1</ItemStatus><ItemPrice>24.90</ItemPrice></item><item><PriceUpdateDate>2016-05-20 06:39:46</PriceUpdateDate><ItemCode>7290000022222</ItemCode><ItemType>1</ItemType><ItemName>חלה</ItemName><ManufacturerName>אנג'ל</ManufacturerName><ManufactureCountry>ישראל</ManufactureCountry><ManufacturerItemDescription>עגבניה</ManufacturerItemDescription><SoldByWeight/><Quantity>500.00</Quantity><UnitOfMeasure>גרם     </UnitOfMeasure><QtyInPackage>לא ידוע</QtyInPackage><UnitOfMeasurePrice>0.0099</UnitOfMeasurePrice><AllowDiscount>1</AllowDiscount><ItemStatus>1</ItemStatus><ItemPrice>4.94</ItemPrice></item><item><PriceUpdateDate>2016-06-28 07:03:19</PriceUpdateDate><ItemCode>7290000023977</ItemCode><ItemType>1</ItemType><ItemName>יין קלאסיק מרלו 750</ItemName><ManufacturerName>ברקן קלאסיק</ManufacturerName><ManufactureCountry>ישראל</ManufactureCountry><ManufacturerItemDescription>יין קלאסיק מרלו 750 מל</ManufacturerItemDescription><SoldByWeight/><Quantity>750.00</Quantity><UnitOfMeasure>מ"ל</UnitOfMeasure><QtyInPackage>לא ידוע</QtyInPackage><UnitOfMeasurePrice>0.0492</UnitOfMeasurePrice><AllowDiscount>1</AllowDiscount><ItemStatus>1</ItemStatus><ItemPrice>36.90</ItemPrice></item><item><PriceUpdateDate>2016-08-02 09:29:32</PriceUpdateDate><ItemCode>7290000024202</ItemCode><ItemType>1</ItemType><ItemName>מב ייו רזרב קברנה סו</ItemName><ManufacturerName>ברקן רזרב</ManufacturerName><ManufactureCountry>ישראל</ManufactureCountry><ManufacturerItemDescription>יין רזרב קברנה סובניון</ManufacturerItemDescription><SoldByWeight/><Quantity>750.00</Quantity><UnitOfMeasure>מ"ל</UnitOfMeasure><QtyInPackage>לא ידוע</QtyInPackage><UnitOfMeasurePrice>0.0532</UnitOfMeasurePrice><AllowDiscount>1</AllowDiscount><ItemStatus>1</ItemStatus><ItemPrice>39.90</ItemPrice></item><item><PriceUpdateDate>2016-05-01 10:30:55</PriceUpdateDate><ItemCode>7290000034256</ItemCode><ItemType>1</ItemType><ItemName>עוגיות תירוש 175 גרם</ItemName><ManufacturerName>הדר</ManufacturerName><ManufactureCountry>ישראל</ManufactureCountry><ManufacturerItemDescription>עוגיות תירוש175 גר</ManufacturerItemDescription><SoldByWeight/><Quantity>175.00</Quantity><UnitOfMeasure>גרם     </UnitOfMeasure><QtyInPackage>לא ידוע</QtyInPackage><UnitOfMeasurePrice>0.0520</UnitOfMeasurePrice><AllowDiscount>1</AllowDiscount><ItemStatus>1</ItemStatus><ItemPrice>9.10</ItemPrice></item><item><PriceUpdateDate>2015-11-10 07:31:36</PriceUpdateDate><ItemCode>7290000036502</ItemCode><ItemType>1</ItemType><ItemName>גלעם אבקת אפיה עשירי</ItemName><ManufacturerName>גלעם</ManufacturerName><ManufactureCountry>ישראל</ManufactureCountry><ManufacturerItemDescription>גלעם אבקת אפיה עשירי</ManufacturerItemDescription><SoldByWeight/><Quantity>100.00</Quantity><UnitOfMeasure>גרם     </UnitOfMeasure><QtyInPackage>לא ידוע</QtyInPackage><UnitOfMeasurePrice>0.0350</UnitOfMeasurePrice><AllowDiscount>1</AllowDiscount><ItemStatus>1</ItemStatus><ItemPrice>3.50</ItemPrice></item><item><PriceUpdateDate>2016-06-13 16:01:03</PriceUpdateDate><ItemCode>7290000040042</ItemCode><ItemType>1</ItemType><ItemName>יופלה תות 3% 150 גרם</ItemName><ManufacturerName>יופלה</ManufacturerName><ManufactureCountry>ישראל</ManufactureCountry><ManufacturerItemDescription>יופלה תות 150 3% מל</ManufacturerItemDescription><SoldByWeight/><Quantity>150.00</Quantity><UnitOfMeasure>גרם     </UnitOfMeasure><QtyInPackage>לא ידוע</QtyInPackage><UnitOfMeasurePrice>0.0327</UnitOfMeasurePrice><AllowDiscount>1</AllowDiscount><ItemStatus>1</ItemStatus><ItemPrice>4.90</ItemPrice></item><item><PriceUpdateDate>2016-06-13 16:01:03</PriceUpdateDate><ItemCode>7290000040066</ItemCode><ItemType>1</ItemType><ItemName>יופלה דובדבן 3% 150</ItemName><ManufacturerName>יופלה</ManufacturerName><ManufactureCountry>ישראל</ManufactureCountry><ManufacturerItemDescription>יופלה דובדבן 150 3% מל</ManufacturerItemDescription><SoldByWeight/><Quantity>150.00</Quantity><UnitOfMeasure>גרם     </UnitOfMeasure><QtyInPackage>לא ידוע</QtyInPackage><UnitOfMeasurePrice>0.0327</UnitOfMeasurePrice><AllowDiscount>1</AllowDiscount><ItemStatus>1</ItemStatus><ItemPrice>4.90</ItemPrice></item><item><PriceUpdateDate>2016-06-13 16:01:03</PriceUpdateDate><ItemCode>7290000040080</ItemCode><ItemType>1</ItemType><ItemName>יופלה אפרסק 3% 150 ג</ItemName><ManufacturerName>יופלה</ManufacturerName><ManufactureCountry>ישראל</ManufactureCountry><ManufacturerItemDescription>יופלה אפרסק 150 3% מל</ManufacturerItemDescription><SoldByWeight/><Quantity>150.00</Quantity><UnitOfMeasure>גרם     </UnitOfMeasure><QtyInPackage>לא ידוע</QtyInPackage><UnitOfMeasurePrice>0.0327</UnitOfMeasurePrice><AllowDiscount>1</AllowDiscount><ItemStatus>1</ItemStatus><ItemPrice>4.90</ItemPrice></item><item><PriceUpdateDate>2015-11-10 07:31:36</PriceUpdateDate><ItemCode>7290000040462</ItemCode><ItemType>1</ItemType><ItemName>גבינה טוסטי אדם ישרא</ItemName><ManufacturerName>טוסטי</ManufacturerName><ManufactureCountry>ישראל</ManufactureCountry><ManufacturerItemDescription>גבינה מותכת טוסטי-אדם22%פ</ManufacturerItemDescription><SoldByWeight/><Quantity>200.00</Quantity><UnitOfMeasure>גרם     </UnitOfMeasure><QtyInPackage>לא ידוע</QtyInPackage><UnitOfMeasurePrice>0.0945</UnitOfMeasurePrice><AllowDiscount>1</AllowDiscount><ItemStatus>1</ItemStatus><ItemPrice>18.90</ItemPrice></item><item><PriceUpdateDate>2016-02-16 09:21:53</PriceUpdateDate><ItemCode>7290000040974</ItemCode><ItemType>1</ItemType><ItemName>חלב טרי דל לקטוז 2%</ItemName><ManufacturerName>חלב תנובה</ManufacturerName><ManufactureCountry>ישראל</ManufactureCountry><ManufacturerItemDescription>חלב דל לקטוז 1 ל</ManufacturerItemDescription><SoldByWeight/><Quantity>1000.00</Quantity><UnitOfMeasure>מ"ל</UnitOfMeasure><QtyInPackage>לא ידוע</QtyInPackage><UnitOfMeasurePrice>0.0074</UnitOfMeasurePrice><AllowDiscount>1</AllowDiscount><ItemStatus>1</ItemStatus><ItemPrice>7.40</ItemPrice></item><item><PriceUpdateDate>2016-02-11 06:58:45</PriceUpdateDate><ItemCode>7290000041407</ItemCode><ItemType>1</ItemType><ItemName>גילה 3% בד"צ 125 גרם</ItemName><ManufacturerName>גיל</ManufacturerName><ManufactureCountry>ישראל</ManufactureCountry><ManufacturerItemDescription>גילה 3% בד"צ 125 גרם</ManufacturerItemDescription><SoldByWeight/><Quantity>125.00</Quantity><UnitOfMeasure>מ"ל</UnitOfMeasure><QtyInPackage>לא ידוע</QtyInPackage><UnitOfMeasurePrice>0.0070</UnitOfMeasurePrice><AllowDiscount>1</AllowDiscount><ItemStatus>1</ItemStatus><ItemPrice>0.87</ItemPrice></item><item><PriceUpdateDate>2015-10-01 00:29:05</PriceUpdateDate><ItemCode>7290000041445</ItemCode><ItemType>1</ItemType><ItemName>קוטג' 5% בדצ 250 גרם</ItemName><ManufacturerName>קוטג תנובה</ManufacturerName><ManufactureCountry>ישראל</ManufactureCountry><ManufacturerItemDescription>קוטג250 5% גר.מהדרין</ManufacturerItemDescription><SoldByWeight/><Quantity>250.00</Quantity><UnitOfMeasure>גרם     </UnitOfMeasure><QtyInPackage>לא ידוע</QtyInPackage><UnitOfMeasurePrice>0.0228</UnitOfMeasurePrice><AllowDiscount>1</AllowDiscount><ItemStatus>1</ItemStatus><ItemPrice>5.70</ItemPrice></item><item><PriceUpdateDate>2015-12-08 16:19:31</PriceUpdateDate><ItemCode>7290000041452</ItemCode><ItemType>1</ItemType><ItemName>קוטג' 9% בדצ 250 גרם</ItemName><ManufacturerName>קוטג תנובה</ManufacturerName><ManufactureCountry>ישראל</ManufactureCountry><ManufacturerItemDescription>קוטג' 9% בדצ 250 גרם</ManufacturerItemDescription><SoldByWeight/><Quantity>250.00</Quantity><UnitOfMeasure>גרם     </UnitOfMeasure><QtyInPackage>לא ידוע</QtyInPackage><UnitOfMeasurePrice>0.0228</UnitOfMeasurePrice><AllowDiscount>1</AllowDiscount><ItemStatus>1</ItemStatus><ItemPrice>5.70</ItemPrice></item><item><PriceUpdateDate>2015-10-11 06:43:40</PriceUpdateDate><ItemCode>7290000041858</ItemCode><ItemType>1</ItemType><ItemName>שמנת מועשרת 15% יטבת</ItemName><ManufacturerName>יטבתה</ManufacturerName><ManufactureCountry>ישראל</ManufactureCountry><ManufacturerItemDescription>שמנת יטבתה 200 מעושרת  פי</ManufacturerItemDescription><SoldByWeight/><Quantity>200.00</Quantity><UnitOfMeasure>מ"ל</UnitOfMeasure><QtyInPackage>לא ידוע</QtyInPackage><UnitOfMeasurePrice>0.0135</UnitOfMeasurePrice><AllowDiscount>1</AllowDiscount><ItemStatus>1</ItemStatus><ItemPrice>2.70</ItemPrice></item><item><PriceUpdateDate>2015-10-19 10:44:19</PriceUpdateDate><ItemCode>7290000041865</ItemCode><ItemType>1</ItemType><ItemName>לבן מועשר 4.5% יטבתה</ItemName><ManufacturerName>יטבתה</ManufacturerName><ManufactureCountry>ישראל</ManufactureCountry><ManufacturerItemDescription>לבן 4.5% יוטבתה 200 גרם</ManufacturerItemDescription><SoldByWeight/><Quantity>200.00</Quantity><UnitOfMeasure>מ"ל</UnitOfMeasure><QtyInPackage>לא ידוע</QtyInPackage><UnitOfMeasurePrice>0.0110</UnitOfMeasurePrice><AllowDiscount>1</AllowDiscount><ItemStatus>1</ItemStatus><ItemPrice>2.20</ItemPrice></item><item><PriceUpdateDate>2015-10-19 10:44:19</PriceUpdateDate><ItemCode>7290000041872</ItemCode><ItemType>1</ItemType><ItemName>לבן מועשר 3% יטבתה 2</ItemName><ManufacturerName>יטבתה</ManufacturerName><ManufactureCountry>ישראל</ManufactureCountry><ManufacturerItemDescription>לבן יוטבתה רווית200 3%מל</ManufacturerItemDescription><SoldByWeight/><Quantity>200.00</Quantity><UnitOfMeasure>מ"ל</UnitOfMeasure><QtyInPackage>לא ידוע</QtyInPackage><UnitOfMeasurePrice>0.0115</UnitOfMeasurePrice><AllowDiscount>1</AllowDiscount><ItemStatus>1</ItemStatus><ItemPrice>2.30</ItemPrice></item><item><PriceUpdateDate>2016-02-11 06:58:45</PriceUpdateDate><ItemCode>7290000042015</ItemCode><ItemType>1</ItemType><ItemName>חלב 3% בדץ בשקית 1 ל</ItemName><ManufacturerName>חלב תנובה</ManufacturerName><ManufactureCountry>ישראל</ManufactureCountry><ManufacturerItemDescription>חלב1 3% ל.שקית בדץ פיקוח</ManufacturerItemDescription><SoldByWeight/><Quantity>1000.00</Quantity><UnitOfMeasure>מ"ל</UnitOfMeasure><QtyInPackage>לא ידוע</QtyInPackage><UnitOfMeasurePrice>0.0050</UnitOfMeasurePrice><AllowDiscount>1</AllowDiscount><ItemStatus>1</ItemStatus><ItemPrice>5.00</ItemPrice></item><item><PriceUpdateDate>2016-02-11 06:58:45</PriceUpdateDate><ItemCode>7290000042121</ItemCode><ItemType>1</ItemType><ItemName>חלב 1% בשקית 1 ליטר</ItemName><ManufacturerName>חלב תנובה</ManufacturerName><ManufactureCountry>ישראל</ManufactureCountry><ManufacturerItemDescription>חלב1 1% ל.שקית פיקוח</ManufacturerItemDescription><SoldByWeight/><Quantity>1000.00</Quantity><UnitOfMeasure>מ"ל</UnitOfMeasure><QtyInPackage>לא ידוע</QtyInPackage><UnitOfMeasurePrice>0.0047</UnitOfMeasurePrice><AllowDiscount>1</AllowDiscount><ItemStatus>1</ItemStatus><ItemPrice>4.65</ItemPrice></item><item><PriceUpdateDate>2015-10-11 06:43:40</PriceUpdateDate><ItemCode>7290000042404</ItemCode><ItemType>1</ItemType><ItemName>חלב מועשר יטבתה 3% ב</ItemName><ManufacturerName>יטבתה</ManufacturerName><ManufactureCountry>ישראל</ManufactureCountry><ManufacturerItemDescription>חלב1 3% ל.שקית מועשר יוטב</ManufacturerItemDescription><SoldByWeight/><Quantity>1000.00</Quantity><UnitOfMeasure>מ"ל</UnitOfMeasure><QtyInPackage>לא ידוע</QtyInPackage><UnitOfMeasurePrice>0.0065</UnitOfMeasurePrice><AllowDiscount>1</AllowDiscount><ItemStatus>1</ItemStatus><ItemPrice>6.50</ItemPrice></item><item><PriceUpdateDate>2016-05-15 15:34:34</PriceUpdateDate><ItemCode>7290000042435</ItemCode><ItemType>1</ItemType><ItemName>חלב 1% בקרטון 1 ליטר</ItemName><ManufacturerName>חלב תנובה</ManufacturerName><ManufactureCountry>ישראל</ManufactureCountry><ManufacturerItemDescription>חלב1 1% ל.קרטון פיקוח</ManufacturerItemDescription><SoldByWeight/><Quantity>1000.00</Quantity><UnitOfMeasure>מ"ל</UnitOfMeasure><QtyInPackage>לא ידוע</QtyInPackage><UnitOfMeasurePrice>0.0054</UnitOfMeasurePrice><AllowDiscount>1</AllowDiscount><ItemStatus>1</ItemStatus><ItemPrice>5.40</ItemPrice></item><item><PriceUpdateDate>2016-05-15 15:34:34</PriceUpdateDate><ItemCode>7290000042442</ItemCode><ItemType>1</ItemType><ItemName>חלב 3% בקרטון 1 ליטר</ItemName><ManufacturerName>חלב תנובה</ManufacturerName><ManufactureCountry>ישראל</ManufactureCountry><ManufacturerItemDescription>חלב1 3% ל.קרטון+פקק פיקוח</ManufacturerItemDescription><SoldByWeight/><Quantity>1000.00</Quantity><UnitOfMeasure>מ"ל</UnitOfMeasure><QtyInPackage>לא ידוע</QtyInPackage><UnitOfMeasurePrice>0.0058</UnitOfMeasurePrice><AllowDiscount>1</AllowDiscount><ItemStatus>1</ItemStatus><ItemPrice>5.75</ItemPrice></item><item><PriceUpdateDate>2016-02-14 18:18:10</PriceUpdateDate><ItemCode>7290000042466</ItemCode><ItemType>1</ItemType><ItemName>חלב 1% מועשר בחלבוני</ItemName><ManufacturerName>חלב תנובה</ManufacturerName><ManufactureCountry>ישראל</ManufactureCountry><ManufacturerItemDescription>חלב 1% מועשר קרטון+פקק1 ל</ManufacturerItemDescription><SoldByWeight/><Quantity>1000.00</Quantity><UnitOfMeasure>מ"ל</UnitOfMeasure><QtyInPackage>לא ידוע</QtyInPackage><UnitOfMeasurePrice>0.0089</UnitOfMeasurePrice><AllowDiscount>1</AllowDiscount><ItemStatus>1</ItemStatus><ItemPrice>8.90</ItemPrice></item><item><PriceUpdateDate>2016-06-06 15:12:08</PriceUpdateDate><ItemCode>7290000042503</ItemCode><ItemType>1</ItemType><ItemName>חלב עמיד 3% בקרטון 1</ItemName><ManufacturerName>חלב תנובה</ManufacturerName><ManufactureCountry>ישראל</ManufactureCountry><ManufacturerItemDescription>חלב עמיד1 ל 3% .קרטון</ManufacturerItemDescription><SoldByWeight/><Quantity>1000.00</Quantity><UnitOfMeasure>מ"ל</UnitOfMeasure><QtyInPackage>לא ידוע</QtyInPackage><UnitOfMeasurePrice>0.0069</UnitOfMeasurePrice><AllowDiscount>1</AllowDiscount><ItemStatus>1</ItemStatus><ItemPrice>6.90</ItemPrice></item><item><PriceUpdateDate>2015-11-10 07:31:36</PriceUpdateDate><ItemCode>7290000042541</ItemCode><ItemType>1</ItemType><ItemName>חלב עמיד 1% דל שומן</ItemName><ManufacturerName>חלב תנובה</ManufacturerName><ManufactureCountry>ישראל</ManufactureCountry><ManufacturerItemDescription>חלב עמיד1 ל 1% .קרטון</ManufacturerItemDescription><SoldByWeight/><Quantity>1000.00</Quantity><UnitOfMeasure>מ"ל</UnitOfMeasure><QtyInPackage>לא ידוע</QtyInPackage><UnitOfMeasurePrice>0.0087</UnitOfMeasurePrice><AllowDiscount>1</AllowDiscount><ItemStatus>1</ItemStatus><ItemPrice>8.70</ItemPrice></item><item><PriceUpdateDate>2015-10-19 10:44:20</PriceUpdateDate><ItemCode>7290000042640</ItemCode><ItemType>1</ItemType><ItemName>חלב עמיד3% 250 מ''ל</ItemName><ManufacturerName>חלב תנובה</ManufacturerName><ManufactureCountry>ישראל</ManufactureCountry><ManufacturerItemDescription>חלב עמיד 250 מל</ManufacturerItemDescription><SoldByWeight/><Quantity>250.00</Quantity><UnitOfMeasure>מ"ל</UnitOfMeasure><QtyInPackage>לא ידוע</QtyInPackage><UnitOfMeasurePrice>0.0112</UnitOfMeasurePrice><AllowDiscount>1</AllowDiscount><ItemStatus>1</ItemStatus><ItemPrice>2.80</ItemPrice></item><item><PriceUpdateDate>2015-10-11 06:43:40</PriceUpdateDate><ItemCode>7290000042855</ItemCode><ItemType>1</ItemType><ItemName>שוקו יטבתה שקית 225</ItemName><ManufacturerName>יטבתה</ManufacturerName><ManufactureCountry>ישראל</ManufactureCountry><ManufacturerItemDescription>שוקו בשקית 225 מל.יוטבתה</ManufacturerItemDescription><SoldByWeight/><Quantity>225.00</Quantity><UnitOfMeasure>מ"ל</UnitOfMeasure><QtyInPackage>לא ידוע</QtyInPackage><UnitOfMeasurePrice>0.0120</UnitOfMeasurePrice><AllowDiscount>1</AllowDiscount><ItemStatus>1</ItemStatus><ItemPrice>2.70</ItemPrice></item><item><PriceUpdateDate>2016-02-11 06:58:45</PriceUpdateDate><ItemCode>7290000043814</ItemCode><ItemType>1</ItemType><ItemName>שמנת עמידה לקצפת 38%</ItemName><ManufacturerName>שף לבן</ManufacturerName><ManufactureCountry>ישראל</ManufactureCountry><ManufacturerItemDescription>שמנת מתוקה עמידה</ManufacturerItemDescription><SoldByWeight/><Quantity>250.00</Quantity><UnitOfMeasure>מ"ל</UnitOfMeasure><QtyInPackage>לא ידוע</QtyInPackage><UnitOfMeasurePrice>0.0238</UnitOfMeasurePrice><AllowDiscount>1</AllowDiscount><ItemStatus>1</ItemStatus><ItemPrice>5.95</ItemPrice></item><item><PriceUpdateDate>2016-02-15 14:30:51</PriceUpdateDate><ItemCode>7290000043890</ItemCode><ItemType>1</ItemType><ItemName>ריוויון 1.5% שומן 1</ItemName><ManufacturerName>ריויון</ManufacturerName><ManufactureCountry>ישראל</ManufactureCountry><ManufacturerItemDescription>רויון 1 ליטר בקרטון</ManufacturerItemDescription><SoldByWeight/><Quantity>1000.00</Quantity><UnitOfMeasure>מ"ל</UnitOfMeasure><QtyInPackage>לא ידוע</QtyInPackage><UnitOfMeasurePrice>0.0117</UnitOfMeasurePrice><AllowDiscount>1</AllowDiscount><ItemStatus>1</ItemStatus><ItemPrice>11.70</ItemPrice></item><item><PriceUpdateDate>2015-10-11 06:43:40</PriceUpdateDate><ItemCode>7290000043944</ItemCode><ItemType>1</ItemType><ItemName>יוגורט כד תנובה 1.5</ItemName><ManufacturerName>יופלה</ManufacturerName><ManufactureCountry>ישראל</ManufactureCountry><ManufacturerItemDescription>יוגורט 1.5 ל .בכד</ManufacturerItemDescription><SoldByWeight/><Quantity>1500.00</Quantity><UnitOfMeasure>מ"ל</UnitOfMeasure><QtyInPackage>לא ידוע</QtyInPackage><UnitOfMeasurePrice>0.0114</UnitOfMeasurePrice><AllowDiscount>1</AllowDiscount><ItemStatus>1</ItemStatus><ItemPrice>17.10</ItemPrice></item><item><PriceUpdateDate>2016-06-28 07:03:19</PriceUpdateDate><ItemCode>7290000044712</ItemCode><ItemType>1</ItemType><ItemName>פרילי תות 500 מ''ל</ItemName><ManufacturerName>פרילי</ManufacturerName><ManufactureCountry>ישראל</ManufactureCountry><ManufacturerItemDescription>פרילי תות500 מל</ManufacturerItemDescription><SoldByWeight/><Quantity>500.00</Quantity><UnitOfMeasure>מ"ל</UnitOfMeasure><QtyInPackage>לא ידוע</QtyInPackage><UnitOfMeasurePrice>0.0218</UnitOfMeasurePrice><AllowDiscount>1</AllowDiscount><ItemStatus>1</ItemStatus><ItemPrice>10.90</ItemPrice></item><item><PriceUpdateDate>2016-05-31 06:15:33</PriceUpdateDate><ItemCode>7290000044880</ItemCode><ItemType>1</ItemType><ItemName>מעדן באדי תות 500 גר</ItemName><ManufacturerName>באדי</ManufacturerName><ManufactureCountry>ישראל</ManufactureCountry><ManufacturerItemDescription>באדי תות 500 3% מל</ManufacturerItemDescription><SoldByWeight/><Quantity>500.00</Quantity><UnitOfMeasure>גרם     </UnitOfMeasure><QtyInPackage>לא ידוע</QtyInPackage><UnitOfMeasurePrice>0.0196</UnitOfMeasurePrice><AllowDiscount>1</AllowDiscount><ItemStatus>1</ItemStatus><ItemPrice>9.80</ItemPrice></item><item><PriceUpdateDate>2016-05-31 06:15:33</PriceUpdateDate><ItemCode>7290000045573</ItemCode><ItemType>1</ItemType><ItemName>גבינת נעמה 200 גרם</ItemName><ManufacturerName>נעמה</ManufacturerName><ManufactureCountry>ישראל</ManufactureCountry><ManufacturerItemDescription>גבינה מותכת נעמה 200 גרם</ManufacturerItemDescription><SoldByWeight/><Quantity>200.00</Quantity><UnitOfMeasure>גרם     </UnitOfMeasure><QtyInPackage>לא ידוע</QtyInPackage><UnitOfMeasurePrice>0.0740</UnitOfMeasurePrice><AllowDiscount>1</AllowDiscount><ItemStatus>1</ItemStatus><ItemPrice>14.80</ItemPrice></item><item><PriceUpdateDate>2016-05-31 06:15:34</PriceUpdateDate><ItemCode>7290000045580</ItemCode><ItemType>1</ItemType><ItemName>גבינת חורש 240 גרם</ItemName><ManufacturerName>נעמה</ManufacturerName><ManufactureCountry>ישראל</ManufactureCountry><ManufacturerItemDescription>גבינה מותכת חורש 240 גרם</ManufacturerItemDescription><SoldByWeight/><Quantity>240.00</Quantity><UnitOfMeasure>גרם     </UnitOfMeasure><QtyInPackage>לא ידוע</QtyInPackage><UnitOfMeasurePrice>0.0746</UnitOfMeasurePrice><AllowDiscount>1</AllowDiscount><ItemStatus>1</ItemStatus><ItemPrice>17.90</ItemPrice></item><item><PriceUpdateDate>2016-06-14 14:54:25</PriceUpdateDate><ItemCode>7290000045917</ItemCode><ItemType>1</ItemType><ItemName>גבינת קולאז עיזים גל</ItemName><ManufacturerName>גבינות תנובה</ManufacturerName><ManufactureCountry>ישראל</ManufactureCountry><ManufacturerItemDescription>גבינהצאן פרומעז גלילית 20</ManufacturerItemDescription><SoldByWeight/><Quantity>200.00</Quantity><UnitOfMeasure>גרם     </UnitOfMeasure><QtyInPackage>לא ידוע</QtyInPackage><UnitOfMeasurePrice>0.1310</UnitOfMeasurePrice><AllowDiscount>1</AllowDiscount><ItemStatus>1</ItemStatus><ItemPrice>26.20</ItemPrice></item><item><PriceUpdateDate>2016-06-06 15:12:08</PriceUpdateDate><ItemCode>7290000046327</ItemCode><ItemType>1</ItemType><ItemName>צהובה גלבוע 22% פרוס</ItemName><ManufacturerName>גלבוע</ManufacturerName><ManufactureCountry>ישראל</ManufactureCountry><ManufacturerItemDescription>גבינהקשה גלבוע פרוס200גר</ManufacturerItemDescription><SoldByWeight/><Quantity>200.00</Quantity><UnitOfMeasure>גרם     </UnitOfMeasure><QtyInPackage>לא ידוע</QtyInPackage><UnitOfMeasurePrice>0.0645</UnitOfMeasurePrice><AllowDiscount>1</AllowDiscount><ItemStatus>1</ItemStatus><ItemPrice>12.90</ItemPrice></item><item><PriceUpdateDate>2015-10-11 06:43:40</PriceUpdateDate><ItemCode>7290000047546</ItemCode><ItemType>1</ItemType><ItemName>גבינת כנען כחושה 5%</ItemName><ManufacturerName>שף לבן</ManufacturerName><ManufactureCountry>ישראל</ManufactureCountry><ManufacturerItemDescription>גבינת כנען כחושה 5%</ManufacturerItemDescription><SoldByWeight/><Quantity>500.00</Quantity><UnitOfMeasure>גרם     </UnitOfMeasure><QtyInPackage>לא ידוע</QtyInPackage><UnitOfMeasurePrice>0.0470</UnitOfMeasurePrice><AllowDiscount>1</AllowDiscount><ItemStatus>1</ItemStatus><ItemPrice>23.50</ItemPrice></item><item><PriceUpdateDate>2016-08-10 06:57:37</PriceUpdateDate><ItemCode>7290000047621</ItemCode><ItemType>1</ItemType><ItemName>מב גבינה לבנה 5% בד'</ItemName><ManufacturerName>גבינות תנובה</ManufacturerName><ManufactureCountry>ישראל</ManufactureCountry><ManufacturerItemDescription>מב גבינה לבנה 5% בד'</ManufacturerItemDescription><SoldByWeight/><Quantity>250.00</Quantity><UnitOfMeasure>גרם     </UnitOfMeasure><QtyInPackage>לא ידוע</QtyInPackage><UnitOfMeasurePrice>0.0160</UnitOfMeasurePrice><AllowDiscount>1</AllowDiscount><ItemStatus>1</ItemStatus><ItemPrice>4.00</ItemPrice></item><item><PriceUpdateDate>2016-08-10 06:57:37</PriceUpdateDate><ItemCode>7290000048192</ItemCode><ItemType>1</ItemType><ItemName>מב גבינה לבנה 9% 250</ItemName><ManufacturerName>גבינות תנובה</ManufacturerName><ManufactureCountry>ישראל</ManufactureCountry><ManufacturerItemDescription>גבינה למריחה 250 9%גרם</ManufacturerItemDescription><SoldByWeight/><Quantity>250.00</Quantity><UnitOfMeasure>גרם     </UnitOfMeasure><QtyInPackage>לא ידוע</QtyInPackage><UnitOfMeasurePrice>0.0160</UnitOfMeasurePrice><AllowDiscount>1</AllowDiscount><ItemStatus>1</ItemStatus><ItemPrice>4.00</ItemPrice></item><item><PriceUpdateDate>2015-10-19 10:44:20</PriceUpdateDate><ItemCode>7290000048307</ItemCode><ItemType>1</ItemType><ItemName>גבינת קוטג 5% עם זית</ItemName><ManufacturerName>קוטג תנובה</ManufacturerName><ManufactureCountry>ישראל</ManufactureCountry><ManufacturerItemDescription>קוטג 5%זיתים 250 גר</ManufacturerItemDescription><SoldByWeight/><Quantity>250.00</Quantity><UnitOfMeasure>גרם     </UnitOfMeasure><QtyInPackage>לא ידוע</QtyInPackage><UnitOfMeasurePrice>0.0248</UnitOfMeasurePrice><AllowDiscount>1</AllowDiscount><ItemStatus>1</ItemStatus><ItemPrice>6.20</ItemPrice></item><item><PriceUpdateDate>2016-08-07 20:02:45</PriceUpdateDate><ItemCode>7290000048413</ItemCode><ItemType>1</ItemType><ItemName>גבינת חמד פיראוס 250</ItemName><ManufacturerName>פיראוס</ManufacturerName><ManufactureCountry>ישראל</ManufactureCountry><ManufacturerItemDescription>גבינה חמד פיראוס בשקיות25</ManufacturerItemDescription><SoldByWeight/><Quantity>250.00</Quantity><UnitOfMeasure>גרם     </UnitOfMeasure><QtyInPackage>לא ידוע</QtyInPackage><UnitOfMeasurePrice>0.0756</UnitOfMeasurePrice><AllowDiscount>1</AllowDiscount><ItemStatus>1</ItemStatus><ItemPrice>18.90</ItemPrice></item><item><PriceUpdateDate>2016-08-02 09:29:33</PriceUpdateDate><ItemCode>7290000048437</ItemCode><ItemType>1</ItemType><ItemName>גבינה צפתית 5%שומן 2</ItemName><ManufacturerName>פיראוס</ManufacturerName><ManufactureCountry>ישראל</ManufactureCountry><ManufacturerItemDescription>גבינה צפתית 5% פיראוס200</ManufacturerItemDescription><SoldByWeight/><Quantity>200.00</Quantity><UnitOfMeasure>גרם     </UnitOfMeasure><QtyInPackage>לא ידוע</QtyInPackage><UnitOfMeasurePrice>0.0800</UnitOfMeasurePrice><AllowDiscount>1</AllowDiscount><ItemStatus>1</ItemStatus><ItemPrice>16.00</ItemPrice></item><item><PriceUpdateDate>2015-11-10 07:31:37</PriceUpdateDate><ItemCode>7290000048451</ItemCode><ItemType>1</ItemType><ItemName>גבינת חרמון 250 גרם</ItemName><ManufacturerName>פיראוס</ManufacturerName><ManufactureCountry>ישראל</ManufactureCountry><ManufacturerItemDescription>גבינת חרמון 250 גרם</ManufacturerItemDescription><SoldByWeight/><Quantity>250.00</Quantity><UnitOfMeasure>גרם     </UnitOfMeasure><QtyInPackage>לא ידוע</QtyInPackage><UnitOfMeasurePrice>0.0752</UnitOfMeasurePrice><AllowDiscount>1</AllowDiscount><ItemStatus>1</ItemStatus><ItemPrice>18.80</ItemPrice></item><item><PriceUpdateDate>2016-03-29 07:50:39</PriceUpdateDate><ItemCode>7290000050065</ItemCode><ItemType>1</ItemType><ItemName>מארז משקה יופלה 360</ItemName><ManufacturerName>יופלה</ManufacturerName><ManufactureCountry>ישראל</ManufactureCountry><ManufacturerItemDescription>מארז משקה יופלה 360</ManufacturerItemDescription><SoldByWeight/><Quantity>600.00</Quantity><UnitOfMeasure>מ"ל</UnitOfMeasure><QtyInPackage>לא ידוע</QtyInPackage><UnitOfMeasurePrice>0.0218</UnitOfMeasurePrice><AllowDiscount>1</AllowDiscount><ItemStatus>1</ItemStatus><ItemPrice>13.10</ItemPrice></item><item><PriceUpdateDate>2016-03-29 07:50:39</PriceUpdateDate><ItemCode>7290000050072</ItemCode><ItemType>1</ItemType><ItemName>מארז משקה יופלה 360</ItemName><ManufacturerName>יופלה</ManufacturerName><ManufactureCountry>ישראל</ManufactureCountry><ManufacturerItemDescription>מארז משקה יופלה 360</ManufacturerItemDescription><SoldByWeight/><Quantity>600.00</Quantity><UnitOfMeasure>מ"ל</UnitOfMeasure><QtyInPackage>לא ידוע</QtyInPackage><UnitOfMeasurePrice>0.0218</UnitOfMeasurePrice><AllowDiscount>1</AllowDiscount><ItemStatus>1</ItemStatus><ItemPrice>13.10</ItemPrice></item><item><PriceUpdateDate>2016-08-02 09:29:33</PriceUpdateDate><ItemCode>7290000050447</ItemCode><ItemType>1</ItemType><ItemName>יופלה תות 500 גרם</ItemName><ManufacturerName>יופלה</ManufacturerName><ManufactureCountry>ישראל</ManufactureCountry><ManufacturerItemDescription>יופלה תות 500 גרם</ManufacturerItemDescription><SoldByWeight/><Quantity>500.00</Quantity><UnitOfMeasure>גרם     </UnitOfMeasure><QtyInPackage>לא ידוע</QtyInPackage><UnitOfMeasurePrice>0.0282</UnitOfMeasurePrice><AllowDiscount>1</AllowDiscount><ItemStatus>1</ItemStatus><ItemPrice>14.10</ItemPrice></item><item><PriceUpdateDate>2016-08-02 09:29:33</PriceUpdateDate><ItemCode>7290000050454</ItemCode><ItemType>1</ItemType><ItemName>יופלה אפרסק 500 גרם</ItemName><ManufacturerName>יופלה</ManufacturerName><ManufactureCountry>ישראל</ManufactureCountry><ManufacturerItemDescription>יופלה אפרסק 500 גרם</ManufacturerItemDescription><SoldByWeight/><Quantity>500.00</Quantity><UnitOfMeasure>גרם     </UnitOfMeasure><QtyInPackage>לא ידוע</QtyInPackage><UnitOfMeasurePrice>0.0282</UnitOfMeasurePrice><AllowDiscount>1</AllowDiscount><ItemStatus>1</ItemStatus><ItemPrice>14.10</ItemPrice></item><item><PriceUpdateDate>2015-11-10 07:31:37</PriceUpdateDate><ItemCode>7290000051352</ItemCode><ItemType>1</ItemType><ItemName>חלב של פעם בקרטון 3.</ItemName><ManufacturerName>חלב תנובה</ManufacturerName><ManufactureCountry>ישראל</ManufactureCountry><ManufacturerItemDescription>חלב של פעם 3.5% -3.8% חלב</ManufacturerItemDescription><SoldByWeight/><Quantity>1000.00</Quantity><UnitOfMeasure>מ"ל</UnitOfMeasure><QtyInPackage>לא ידוע</QtyInPackage><UnitOfMeasurePrice>0.0079</UnitOfMeasurePrice><AllowDiscount>1</AllowDiscount><ItemStatus>1</ItemStatus><ItemPrice>7.90</ItemPrice></item><item><PriceUpdateDate>2016-08-02 09:29:33</PriceUpdateDate><ItemCode>7290000052250</ItemCode><ItemType>1</ItemType><ItemName>יופלה YYY פירות יער3</ItemName><ManufacturerName>יופלה</ManufacturerName><ManufactureCountry>ישראל</ManufactureCountry><ManufacturerItemDescription>יופלה YYY פירות יער 500 3</ManufacturerItemDescription><SoldByWeight/><Quantity>500.00</Quantity><UnitOfMeasure>מ"ל</UnitOfMeasure><QtyInPackage>לא ידוע</QtyInPackage><UnitOfMeasurePrice>0.0282</UnitOfMeasurePrice><AllowDiscount>1</AllowDiscount><ItemStatus>1</ItemStatus><ItemPrice>14.10</ItemPrice></item><item><PriceUpdateDate>2016-08-02 09:29:33</PriceUpdateDate><ItemCode>7290000052298</ItemCode><ItemType>1</ItemType><ItemName>מב משקה מוקה 1 ליטר</ItemName><ManufacturerName>שוק</ManufacturerName><ManufactureCountry>ישראל</ManufactureCountry><ManufacturerItemDescription>מב משקה מוקה 1 ליטר</ManufacturerItemDescription><SoldByWeight/><Quantity>1.00</Quantity><UnitOfMeasure>ליטר    </UnitOfMeasure><QtyInPackage>לא ידוע</QtyInPackage><UnitOfMeasurePrice>9.0000</UnitOfMeasurePrice><AllowDiscount>1</AllowDiscount><ItemStatus>1</ItemStatus><ItemPrice>9.00</ItemPrice></item><item><PriceUpdateDate>2016-06-28 07:03:20</PriceUpdateDate><ItemCode>7290000052304</ItemCode><ItemType>1</ItemType><ItemName>משקה מוקה 340 מ"ל תנ</ItemName><ManufacturerName>תנובה</ManufacturerName><ManufactureCountry>ישראל</ManufactureCountry><ManufacturerItemDescription>משקה מוקה תנובה 340 מל בב</ManufacturerItemDescription><SoldByWeight/><Quantity>340.00</Quantity><UnitOfMeasure>מ"ל</UnitOfMeasure><QtyInPackage>לא ידוע</QtyInPackage><UnitOfMeasurePrice>0.0191</UnitOfMeasurePrice><AllowDiscount>1</AllowDiscount><ItemStatus>1</ItemStatus><ItemPrice>6.50</ItemPrice></item><item><PriceUpdateDate>2016-02-16 09:21:53</PriceUpdateDate><ItemCode>7290000052311</ItemCode><ItemType>1</ItemType><ItemName>עמק פרוס בקופסא 15%</ItemName><ManufacturerName>עמק</ManufacturerName><ManufactureCountry>ישראל</ManufactureCountry><ManufacturerItemDescription>גבינה עמק 200 15% גרם פרו</ManufacturerItemDescription><SoldByWeight/><Quantity>200.00</Quantity><UnitOfMeasure>גרם     </UnitOfMeasure><QtyInPackage>לא ידוע</QtyInPackage><UnitOfMeasurePrice>0.0795</UnitOfMeasurePrice><AllowDiscount>1</AllowDiscount><ItemStatus>1</ItemStatus><ItemPrice>15.90</ItemPrice></item><item><PriceUpdateDate>2015-10-19 10:44:20</PriceUpdateDate><ItemCode>7290000053271</ItemCode><ItemType>1</ItemType><ItemName>עמק עיזים 200 גרם</ItemName><ManufacturerName>עמק</ManufacturerName><ManufactureCountry>ישראל</ManufactureCountry><ManufacturerItemDescription>גבינה עמק עיזים 200 גרם</ManufacturerItemDescription><SoldByWeight/><Quantity>200.00</Quantity><UnitOfMeasure>גרם     </UnitOfMeasure><QtyInPackage>לא ידוע</QtyInPackage><UnitOfMeasurePrice>0.1020</UnitOfMeasurePrice><AllowDiscount>1</AllowDiscount><ItemStatus>1</ItemStatus><ItemPrice>20.40</ItemPrice></item><item><PriceUpdateDate>2016-03-01 07:00:17</PriceUpdateDate><ItemCode>7290000053981</ItemCode><ItemType>1</ItemType><ItemName>מארז יופלה פרי בד"ץ</ItemName><ManufacturerName>יופלה</ManufacturerName><ManufactureCountry>ישראל</ManufactureCountry><ManufacturerItemDescription>מארז יופלה פרי בד"ץ</ManufacturerItemDescription><SoldByWeight/><Quantity>0.00</Quantity><UnitOfMeasure>יח'</UnitOfMeasure><QtyInPackage>לא ידוע</QtyInPackage><UnitOfMeasurePrice>0.0000</UnitOfMeasurePrice><AllowDiscount>1</AllowDiscount><ItemStatus>1</ItemStatus><ItemPrice>28.50</ItemPrice></item><item><PriceUpdateDate>2016-08-02 09:29:33</PriceUpdateDate><ItemCode>7290000055015</ItemCode><ItemType>1</ItemType><ItemName>מב פטה כבשים פיראוס</ItemName><ManufacturerName>פיראוס</ManufacturerName><ManufactureCountry>ישראל</ManufactureCountry><ManufacturerItemDescription>גבינה פטה כבשים 5% פיראוס</ManufacturerItemDescription><SoldByWeight/><Quantity>250.00</Quantity><UnitOfMeasure>גרם     </UnitOfMeasure><QtyInPackage>לא ידוע</QtyInPackage><UnitOfMeasurePrice>0.0876</UnitOfMeasurePrice><AllowDiscount>1</AllowDiscount><ItemStatus>1</ItemStatus><ItemPrice>21.90</ItemPrice></item><item><PriceUpdateDate>2015-10-19 10:44:20</PriceUpdateDate><ItemCode>7290000055206</ItemCode><ItemType>1</ItemType><ItemName>גבינה לבנה בטעם בצל</ItemName><ManufacturerName>לא ממותג</ManufacturerName><ManufactureCountry>ישראל</ManufactureCountry><ManufacturerItemDescription>גבינה לבנה 5% בצל מטוגן 2</ManufacturerItemDescription><SoldByWeight/><Quantity>250.00</Quantity><UnitOfMeasure>גרם     </UnitOfMeasure><QtyInPackage>לא ידוע</QtyInPackage><UnitOfMeasurePrice>0.0228</UnitOfMeasurePrice><AllowDiscount>1</AllowDiscount><ItemStatus>1</ItemStatus><ItemPrice>5.70</ItemPrice></item><item><PriceUpdateDate>2016-08-02 09:29:33</PriceUpdateDate><ItemCode>7290000055329</ItemCode><ItemType>1</ItemType><ItemName>יופלה משקה יוגורט בט</ItemName><ManufacturerName>יופלה</ManufacturerName><ManufactureCountry>ישראל</ManufactureCountry><ManufacturerItemDescription>משקה יוגורט יופלה תות מלו</ManufacturerItemDescription><SoldByWeight/><Quantity>250.00</Quantity><UnitOfMeasure>גרם     </UnitOfMeasure><QtyInPackage>לא ידוע</QtyInPackage><UnitOfMeasurePrice>0.0220</UnitOfMeasurePrice><AllowDiscount>0</AllowDiscount><ItemStatus>1</ItemStatus><ItemPrice>5.50</ItemPrice></item><item><PriceUpdateDate>2016-08-02 09:29:33</PriceUpdateDate><ItemCode>7290000055336</ItemCode><ItemType>1</ItemType><ItemName>יופלה משקה יוגורט בנ</ItemName><ManufacturerName>יופלה</ManufacturerName><ManufactureCountry>ישראל</ManufactureCountry><ManufacturerItemDescription>משקה יוגורט יופלה בננה אפ</ManufacturerItemDescription><SoldByWeight/><Quantity>250.00</Quantity><UnitOfMeasure>גרם     </UnitOfMeasure><QtyInPackage>לא ידוע</QtyInPackage><UnitOfMeasurePrice>0.0220</UnitOfMeasurePrice><AllowDiscount>0</AllowDiscount><ItemStatus>1</ItemStatus><ItemPrice>5.50</ItemPrice></item><item><PriceUpdateDate>2016-08-02 09:29:34</PriceUpdateDate><ItemCode>7290000055343</ItemCode><ItemType>1</ItemType><ItemName>יופלה משקה יוגורט טר</ItemName><ManufacturerName>יופלה</ManufacturerName><ManufactureCountry>ישראל</ManufactureCountry><ManufacturerItemDescription>משקה יוגורט יופלה טרופי 2</ManufacturerItemDescription><SoldByWeight/><Quantity>250.00</Quantity><UnitOfMeasure>גרם     </UnitOfMeasure><QtyInPackage>לא ידוע</QtyInPackage><UnitOfMeasurePrice>0.0220</UnitOfMeasurePrice><AllowDiscount>0</AllowDiscount><ItemStatus>1</ItemStatus><ItemPrice>5.50</ItemPrice></item><item><PriceUpdateDate>2016-02-11 06:58:45</PriceUpdateDate><ItemCode>7290000055893</ItemCode><ItemType>1</ItemType><ItemName>חמאה משמנת מפוסטרת 2</ItemName><ManufacturerName>תנובה</ManufacturerName><ManufactureCountry>ישראל</ManufactureCountry><ManufacturerItemDescription>חמאה משמנת מפוסטרת 2</ManufacturerItemDescription><SoldByWeight/><Quantity>200.00</Quantity><UnitOfMeasure>גרם     </UnitOfMeasure><QtyInPackage>לא ידוע</QtyInPackage><UnitOfMeasurePrice>0.0380</UnitOfMeasurePrice><AllowDiscount>1</AllowDiscount><ItemStatus>1</ItemStatus><ItemPrice>7.60</ItemPrice></item><item><PriceUpdateDate>2016-05-01 06:10:36</PriceUpdateDate><ItemCode>7290000056081</ItemCode><ItemType>1</ItemType><ItemName>מאגדת פרילי טבע 25%</ItemName><ManufacturerName>יופלה</ManufacturerName><ManufactureCountry>ישראל</ManufactureCountry><ManufacturerItemDescription>מאגדת פרילי טבע 25%</ManufacturerItemDescription><SoldByWeight/><Quantity>1200.00</Quantity><UnitOfMeasure>גרם     </UnitOfMeasure><QtyInPackage>לא ידוע</QtyInPackage><UnitOfMeasurePrice>0.0198</UnitOfMeasurePrice><AllowDiscount>1</AllowDiscount><ItemStatus>1</ItemStatus><ItemPrice>23.80</ItemPrice></item><item><PriceUpdateDate>2015-10-19 10:44:20</PriceUpdateDate><ItemCode>7290000056272</ItemCode><ItemType>1</ItemType><ItemName>גבינה לבנה עם זיתים</ItemName><ManufacturerName>לא ממותג</ManufacturerName><ManufactureCountry>ישראל</ManufactureCountry><ManufacturerItemDescription>גבינה לבנה 5% זיתים 250 ג</ManufacturerItemDescription><SoldByWeight/><Quantity>250.00</Quantity><UnitOfMeasure>גרם     </UnitOfMeasure><QtyInPackage>לא ידוע</QtyInPackage><UnitOfMeasurePrice>0.0228</UnitOfMeasurePrice><AllowDiscount>1</AllowDiscount><ItemStatus>1</ItemStatus><ItemPrice>5.70</ItemPrice></item><item><PriceUpdateDate>2016-08-10 06:57:37</PriceUpdateDate><ItemCode>7290000056845</ItemCode><ItemType>1</ItemType><ItemName>מב חלב הומוגני 3% 1.</ItemName><ManufacturerName>לא ממותג</ManufacturerName><ManufactureCountry>ישראל</ManufactureCountry><ManufacturerItemDescription>חלב 1.5 3% ליטר קרטו פיקו</ManufacturerItemDescription><SoldByWeight/><Quantity>2.00</Quantity><UnitOfMeasure>ליטר    </UnitOfMeasure><QtyInPackage>לא ידוע</QtyInPackage><UnitOfMeasurePrice>3.9500</UnitOfMeasurePrice><AllowDiscount>1</AllowDiscount><ItemStatus>1</ItemStatus><ItemPrice>7.90</ItemPrice></item><item><PriceUpdateDate>2016-08-02 09:29:34</PriceUpdateDate><ItemCode>7290000056890</ItemCode><ItemType>1</ItemType><ItemName>מב מאגדת 8  דיאט יופ</ItemName><ManufacturerName>יופלה</ManufacturerName><ManufactureCountry>ישראל</ManufactureCountry><ManufacturerItemDescription>מב מאגדת 8  דיאט יופ</ManufacturerItemDescription><SoldByWeight/><Quantity>1200.00</Quantity><UnitOfMeasure>גרם     </UnitOfMeasure><QtyInPackage>לא ידוע</QtyInPackage><UnitOfMeasurePrice>0.0207</UnitOfMeasurePrice><AllowDiscount>1</AllowDiscount><ItemStatus>1</ItemStatus><ItemPrice>24.90</ItemPrice></item><item><PriceUpdateDate>2016-06-28 07:03:20</PriceUpdateDate><ItemCode>7290000056906</ItemCode><ItemType>1</ItemType><ItemName>מאגדת יופלה 1.5% לבן</ItemName><ManufacturerName>יופלה</ManufacturerName><ManufactureCountry>ישראל</ManufactureCountry><ManufacturerItemDescription>מאגדת יופלה 1.5% לבן</ManufacturerItemDescription><SoldByWeight/><Quantity>1200.00</Quantity><UnitOfMeasure>גרם     </UnitOfMeasure><QtyInPackage>לא ידוע</QtyInPackage><UnitOfMeasurePrice>0.0154</UnitOfMeasurePrice><AllowDiscount>1</AllowDiscount><ItemStatus>1</ItemStatus><ItemPrice>18.50</ItemPrice></item><item><PriceUpdateDate>2015-10-11 06:43:41</PriceUpdateDate><ItemCode>7290000057088</ItemCode><ItemType>1</ItemType><ItemName>עמק דק 200 גרם</ItemName><ManufacturerName>עמק</ManufacturerName><ManufactureCountry>ישראל</ManufactureCountry><ManufacturerItemDescription>עמק דק 200 גרם</ManufacturerItemDescription><SoldByWeight/><Quantity>200.00</Quantity><UnitOfMeasure>גרם     </UnitOfMeasure><QtyInPackage>לא ידוע</QtyInPackage><UnitOfMeasurePrice>0.0795</UnitOfMeasurePrice><AllowDiscount>1</AllowDiscount><ItemStatus>1</ItemStatus><ItemPrice>15.90</ItemPrice></item><item><PriceUpdateDate>2015-10-11 06:43:41</PriceUpdateDate><ItemCode>7290000057118</ItemCode><ItemType>1</ItemType><ItemName>עמק פרוס 28% 400 גרם</ItemName><ManufacturerName>עמק</ManufacturerName><ManufactureCountry>ישראל</ManufactureCountry><ManufacturerItemDescription>עמק קלאסית מהמעדניה 400גר</ManufacturerItemDescription><SoldByWeight/><Quantity>400.00</Quantity><UnitOfMeasure>גרם     </UnitOfMeasure><QtyInPackage>לא ידוע</QtyInPackage><UnitOfMeasurePrice>0.0578</UnitOfMeasurePrice><AllowDiscount>1</AllowDiscount><ItemStatus>1</ItemStatus><ItemPrice>23.10</ItemPrice></item><item><PriceUpdateDate>2015-10-11 06:43:41</PriceUpdateDate><ItemCode>7290000057132</ItemCode><ItemType>1</ItemType><ItemName>יוגורט 1.5% 200 גרם</ItemName><ManufacturerName>יוגורט כדים תנובה</ManufacturerName><ManufactureCountry>ישראל</ManufactureCountry><ManufacturerItemDescription>יוגורט תנובה</ManufacturerItemDescription><SoldByWeight/><Quantity>200.00</Quantity><UnitOfMeasure>גרם     </UnitOfMeasure><QtyInPackage>לא ידוע</QtyInPackage><UnitOfMeasurePrice>0.0160</UnitOfMeasurePrice><AllowDiscount>1</AllowDiscount><ItemStatus>1</ItemStatus><ItemPrice>3.20</ItemPrice></item><item><PriceUpdateDate>2015-10-11 06:43:41</PriceUpdateDate><ItemCode>7290000057149</ItemCode><ItemType>1</ItemType><ItemName>יוגורט 3% 200 גרם</ItemName><ManufacturerName>יוגורט כדים תנובה</ManufacturerName><ManufactureCountry>ישראל</ManufactureCountry><ManufacturerItemDescription>יוגורט תנובה 200 גרם</ManufacturerItemDescription><SoldByWeight/><Quantity>200.00</Quantity><UnitOfMeasure>גרם     </UnitOfMeasure><QtyInPackage>לא ידוע</QtyInPackage><UnitOfMeasurePrice>0.0160</UnitOfMeasurePrice><AllowDiscount>1</AllowDiscount><ItemStatus>1</ItemStatus><ItemPrice>3.20</ItemPrice></item><item><PriceUpdateDate>2016-02-15 14:30:51</PriceUpdateDate><ItemCode>7290000057552</ItemCode><ItemType>1</ItemType><ItemName>יופלה דיאט עוגת גבינ</ItemName><ManufacturerName>יופלה</ManufacturerName><ManufactureCountry>ישראל</ManufactureCountry><ManufacturerItemDescription>יופלה דיאט עוגת גבינה ותו</ManufacturerItemDescription><SoldByWeight/><Quantity>150.00</Quantity><UnitOfMeasure>גרם     </UnitOfMeasure><QtyInPackage>לא ידוע</QtyInPackage><UnitOfMeasurePrice>0.0353</UnitOfMeasurePrice><AllowDiscount>1</AllowDiscount><ItemStatus>1</ItemStatus><ItemPrice>5.30</ItemPrice></item><item><PriceUpdateDate>2015-11-10 07:31:37</PriceUpdateDate><ItemCode>7290000058283</ItemCode><ItemType>1</ItemType><ItemName>גבינת עיזים למריחה</ItemName><ManufacturerName>פיראוס</ManufacturerName><ManufactureCountry>ישראל</ManufactureCountry><ManufacturerItemDescription>גבינת עיזים למריחה</ManufacturerItemDescription><SoldByWeight/><Quantity>250.00</Quantity><UnitOfMeasure>גרם     </UnitOfMeasure><QtyInPackage>לא ידוע</QtyInPackage><UnitOfMeasurePrice>0.0632</UnitOfMeasurePrice><AllowDiscount>1</AllowDiscount><ItemStatus>1</ItemStatus><ItemPrice>15.80</ItemPrice></item><item><PriceUpdateDate>2016-08-02 09:29:34</PriceUpdateDate><ItemCode>7290000060088</ItemCode><ItemType>1</ItemType><ItemName>מב בייגלה מקלות מלוח</ItemName><ManufacturerName>בייגלה אסם</ManufacturerName><ManufactureCountry>ישראל</ManufactureCountry><ManufacturerItemDescription>בייגלה מקלות מלוחים 400 ג</ManufacturerItemDescription><SoldByWeight/><Quantity>400.00</Quantity><UnitOfMeasure>גרם     </UnitOfMeasure><QtyInPackage>לא ידוע</QtyInPackage><UnitOfMeasurePrice>0.0223</UnitOfMeasurePrice><AllowDiscount>1</AllowDiscount><ItemStatus>1</ItemStatus><ItemPrice>8.90</ItemPrice></item><item><PriceUpdateDate>2016-08-07 20:04:27</PriceUpdateDate><ItemCode>7290000060118</ItemCode><ItemType>1</ItemType><ItemName>ספגטי 250 גרם אסם</ItemName><ManufacturerName>פרפקטו</ManufacturerName><ManufactureCountry>ישראל</ManufactureCountry><ManufacturerItemDescription>ספגטי 250 גרם אסם</ManufacturerItemDescription><SoldByWeight/><Quantity>250.00</Quantity><UnitOfMeasure>גרם     </UnitOfMeasure><QtyInPackage>לא ידוע</QtyInPackage><UnitOfMeasurePrice>0.0156</UnitOfMeasurePrice><AllowDiscount>1</AllowDiscount><ItemStatus>1</ItemStatus><ItemPrice>3.90</ItemPrice></item><item><PriceUpdateDate>2016-05-01 10:30:55</PriceUpdateDate><ItemCode>7290000060156</ItemCode><ItemType>1</ItemType><ItemName>אטריות ביצים200 גרם</ItemName><ManufacturerName>פסטה אסם</ManufacturerName><ManufactureCountry>ישראל</ManufactureCountry><ManufacturerItemDescription>אטריות ביצים200 גרם</ManufacturerItemDescription><SoldByWeight/><Quantity>200.00</Quantity><UnitOfMeasure>גרם     </UnitOfMeasure><QtyInPackage>לא ידוע</QtyInPackage><UnitOfMeasurePrice>0.0540</UnitOfMeasurePrice><AllowDiscount>1</AllowDiscount><ItemStatus>1</ItemStatus><ItemPrice>10.80</ItemPrice></item><item><PriceUpdateDate>2016-05-31 06:15:34</PriceUpdateDate><ItemCode>7290000060163</ItemCode><ItemType>1</ItemType><ItemName>אטריות מובחר דקות 40</ItemName><ManufacturerName>פסטה אסם</ManufacturerName><ManufactureCountry>ישראל</ManufactureCountry><ManufacturerItemDescription>אטריות מובחר דקות 400 גר</ManufacturerItemDescription><SoldByWeight/><Quantity>400.00</Quantity><UnitOfMeasure>גרם     </UnitOfMeasure><QtyInPackage>לא ידוע</QtyInPackage><UnitOfMeasurePrice>0.0148</UnitOfMeasurePrice><AllowDiscount>1</AllowDiscount><ItemStatus>1</ItemStatus><ItemPrice>5.90</ItemPrice></item><item><PriceUpdateDate>2016-05-31 06:15:35</PriceUpdateDate><ItemCode>7290000060200</ItemCode><ItemType>1</ItemType><ItemName>פתיתים אפויים 500 גר</ItemName><ManufacturerName>פסטה אסם</ManufacturerName><ManufactureCountry>ישראל</ManufactureCountry><ManufacturerItemDescription>פתיתים אפויים קוסקוס 500</ManufacturerItemDescription><SoldByWeight/><Quantity>500.00</Quantity><UnitOfMeasure>גרם     </UnitOfMeasure><QtyInPackage>לא ידוע</QtyInPackage><UnitOfMeasurePrice>0.0118</UnitOfMeasurePrice><AllowDiscount>1</AllowDiscount><ItemStatus>1</ItemStatus><ItemPrice>5.90</ItemPrice></item><item><PriceUpdateDate>2016-05-31 06:15:35</PriceUpdateDate><ItemCode>7290000060217</ItemCode><ItemType>1</ItemType><ItemName>פסטה מקרוני מס 7 500</ItemName><ManufacturerName>אסם</ManufacturerName><ManufactureCountry>איטליה</ManufactureCountry><ManufacturerItemDescription>רסק תפו"ע       ם</ManufacturerItemDescription><SoldByWeight/><Quantity>500.00</Quantity><UnitOfMeasure>גרם     </UnitOfMeasure><QtyInPackage>לא ידוע</QtyInPackage><UnitOfMeasurePrice>0.0112</UnitOfMeasurePrice><AllowDiscount>1</AllowDiscount><ItemStatus>1</ItemStatus><ItemPrice>5.60</ItemPrice></item><item><PriceUpdateDate>2016-05-31 06:15:35</PriceUpdateDate><ItemCode>7290000060248</ItemCode><ItemType>1</ItemType><ItemName>פסטה תלתלים 500 גרם</ItemName><ManufacturerName>פסטה אסם</ManufacturerName><ManufactureCountry>ישראל</ManufactureCountry><ManufacturerItemDescription>פסטה תלתלים 500 גרם</ManufacturerItemDescription><SoldByWeight/><Quantity>500.00</Quantity><UnitOfMeasure>גרם     </UnitOfMeasure><QtyInPackage>לא ידוע</QtyInPackage><UnitOfMeasurePrice>0.0112</UnitOfMeasurePrice><AllowDiscount>1</AllowDiscount><ItemStatus>1</ItemStatus><ItemPrice>5.60</ItemPrice></item><item><PriceUpdateDate>2016-05-01 10:30:56</PriceUpdateDate><ItemCode>7290000060323</ItemCode><ItemType>1</ItemType><ItemName>ספגטיני לה-פסטה 500</ItemName><ManufacturerName>פרפקטו</ManufacturerName><ManufactureCountry>איטליה</ManufactureCountry><ManufacturerItemDescription>ספגטיני פרפקטו  50 גרם</ManufacturerItemDescription><SoldByWeight/><Quantity>500.00</Quantity><UnitOfMeasure>גרם     </UnitOfMeasure><QtyInPackage>לא ידוע</QtyInPackage><UnitOfMeasurePrice>0.0198</UnitOfMeasurePrice><AllowDiscount>1</AllowDiscount><ItemStatus>1</ItemStatus><ItemPrice>9.90</ItemPrice></item><item><PriceUpdateDate>2016-05-01 10:30:56</PriceUpdateDate><ItemCode>7290000060330</ItemCode><ItemType>1</ItemType><ItemName>ספירלי פרפקטו 500 גר</ItemName><ManufacturerName>פרפקטו</ManufacturerName><ManufactureCountry>איטליה</ManufactureCountry><ManufacturerItemDescription>פסטה פרפקטו ספירלי500 גר</ManufacturerItemDescription><SoldByWeight/><Quantity>500.00</Quantity><UnitOfMeasure>גרם     </UnitOfMeasure><QtyInPackage>לא ידוע</QtyInPackage><UnitOfMeasurePrice>0.0198</UnitOfMeasurePrice><AllowDiscount>1</AllowDiscount><ItemStatus>1</ItemStatus><ItemPrice>9.90</ItemPrice></item><item><PriceUpdateDate>2016-05-31 06:15:35</PriceUpdateDate><ItemCode>7290000060408</ItemCode><ItemType>1</ItemType><ItemName>פתיתים אפויים טבעות</ItemName><ManufacturerName>פסטה אסם</ManufacturerName><ManufactureCountry>ישראל</ManufactureCountry><ManufacturerItemDescription>פתיתים אפויים טבעות</ManufacturerItemDescription><SoldByWeight/><Quantity>500.00</Quantity><UnitOfMeasure>גרם     </UnitOfMeasure><QtyInPackage>לא ידוע</QtyInPackage><UnitOfMeasurePrice>0.0118</UnitOfMeasurePrice><AllowDiscount>1</AllowDiscount><ItemStatus>1</ItemStatus><ItemPrice>5.90</ItemPrice></item><item><PriceUpdateDate>2016-05-31 06:15:35</PriceUpdateDate><ItemCode>7290000060781</ItemCode><ItemType>1</ItemType><ItemName>פסטה מסולסלים 500 גר</ItemName><ManufacturerName>אסם</ManufacturerName><ManufactureCountry>איטליה</ManufactureCountry><ManufacturerItemDescription>פסטה אסם מסולסלים 500 גר</ManufacturerItemDescription><SoldByWeight/><Quantity>500.00</Quantity><UnitOfMeasure>גרם     </UnitOfMeasure><QtyInPackage>לא ידוע</QtyInPackage><UnitOfMeasurePrice>0.0112</UnitOfMeasurePrice><AllowDiscount>1</AllowDiscount><ItemStatus>1</ItemStatus><ItemPrice>5.60</ItemPrice></item><item><PriceUpdateDate>2016-05-31 06:15:35</PriceUpdateDate><ItemCode>7290000060828</ItemCode><ItemType>1</ItemType><ItemName>פסטה קרניים בינוני 5</ItemName><ManufacturerName>פסטה אסם</ManufacturerName><ManufactureCountry>איטליה</ManufactureCountry><ManufacturerItemDescription>פסטה אסם קרניים בינוניות5</ManufacturerItemDescription><SoldByWeight/><Quantity>500.00</Quantity><UnitOfMeasure>גרם     </UnitOfMeasure><QtyInPackage>לא ידוע</QtyInPackage><UnitOfMeasurePrice>0.0112</UnitOfMeasurePrice><AllowDiscount>1</AllowDiscount><ItemStatus>1</ItemStatus><ItemPrice>5.60</ItemPrice></item><item><PriceUpdateDate>2016-05-31 06:15:35</PriceUpdateDate><ItemCode>7290000060880</ItemCode><ItemType>1</ItemType><ItemName>פסטה מס.8 500 גרם</ItemName><ManufacturerName>פסטה אסם</ManufacturerName><ManufactureCountry>איטליה</ManufactureCountry><ManufacturerItemDescription>פסטה אסם ספגטי 500  גר</ManufacturerItemDescription><SoldByWeight/><Quantity>500.00</Quantity><UnitOfMeasure>גרם     </UnitOfMeasure><QtyInPackage>לא ידוע</QtyInPackage><UnitOfMeasurePrice>0.0112</UnitOfMeasurePrice><AllowDiscount>1</AllowDiscount><ItemStatus>1</ItemStatus><ItemPrice>5.60</ItemPrice></item><item><PriceUpdateDate>2016-05-31 06:15:35</PriceUpdateDate><ItemCode>7290000060903</ItemCode><ItemType>1</ItemType><ItemName>פתיתים אפויים 500 גר</ItemName><ManufacturerName>פסטה אסם</ManufacturerName><ManufactureCountry>ישראל</ManufactureCountry><ManufacturerItemDescription>פתיתים אפויים אורז500 גר</ManufacturerItemDescription><SoldByWeight/><Quantity>500.00</Quantity><UnitOfMeasure>גרם     </UnitOfMeasure><QtyInPackage>לא ידוע</QtyInPackage><UnitOfMeasurePrice>0.0118</UnitOfMeasurePrice><AllowDiscount>1</AllowDiscount><ItemStatus>1</ItemStatus><ItemPrice>5.90</ItemPrice></item><item><PriceUpdateDate>2016-05-31 06:15:35</PriceUpdateDate><ItemCode>7290000060958</ItemCode><ItemType>1</ItemType><ItemName>אטריות מובחר בינוני</ItemName><ManufacturerName>אסם</ManufacturerName><ManufactureCountry>ישראל</ManufactureCountry><ManufacturerItemDescription>אטריות מובחר בינוניות 400</ManufacturerItemDescription><SoldByWeight/><Quantity>400.00</Quantity><UnitOfMeasure>גרם     </UnitOfMeasure><QtyInPackage>לא ידוע</QtyInPackage><UnitOfMeasurePrice>0.0148</UnitOfMeasurePrice><AllowDiscount>1</AllowDiscount><ItemStatus>1</ItemStatus><ItemPrice>5.90</ItemPrice></item><item><PriceUpdateDate>2016-05-31 06:15:35</PriceUpdateDate><ItemCode>7290000060972</ItemCode><ItemType>1</ItemType><ItemName>אטריות מובחר דקיקות</ItemName><ManufacturerName>אסם</ManufacturerName><ManufactureCountry>איטליה</ManufactureCountry><ManufacturerItemDescription>צמרוני אוזניים  עם שסתום</ManufacturerItemDescription><SoldByWeight/><Quantity>400.00</Quantity><UnitOfMeasure>גרם     </UnitOfMeasure><QtyInPackage>לא ידוע</QtyInPackage><UnitOfMeasurePrice>0.0148</UnitOfMeasurePrice><AllowDiscount>1</AllowDiscount><ItemStatus>1</ItemStatus><ItemPrice>5.90</ItemPrice></item><item><PriceUpdateDate>2016-08-02 09:29:34</PriceUpdateDate><ItemCode>7290000061061</ItemCode><ItemType>1</ItemType><ItemName>קרקר בצל 250 גרם</ItemName><ManufacturerName>לא ממותג</ManufacturerName><ManufactureCountry>ישראל</ManufactureCountry><ManufacturerItemDescription>קרקר בצל 250 גר</ManufacturerItemDescription><SoldByWeight/><Quantity>250.00</Quantity><UnitOfMeasure>גרם     </UnitOfMeasure><QtyInPackage>לא ידוע</QtyInPackage><UnitOfMeasurePrice>0.0460</UnitOfMeasurePrice><AllowDiscount>1</AllowDiscount><ItemStatus>1</ItemStatus><ItemPrice>11.50</ItemPrice></item><item><PriceUpdateDate>2016-05-31 06:15:35</PriceUpdateDate><ItemCode>7290000061108</ItemCode><ItemType>1</ItemType><ItemName>רוטב טריאקי 290 מ"ל</ItemName><ManufacturerName>אסם</ManufacturerName><ManufactureCountry>ישראל</ManufactureCountry><ManufacturerItemDescription>רוטב טריאקי 290 מל</ManufacturerItemDescription><SoldByWeight/><Quantity>290.00</Quantity><UnitOfMeasure>מ"ל</UnitOfMeasure><QtyInPackage>לא ידוע</QtyInPackage><UnitOfMeasurePrice>0.0362</UnitOfMeasurePrice><AllowDiscount>1</AllowDiscount><ItemStatus>1</ItemStatus><ItemPrice>10.50</ItemPrice></item><item><PriceUpdateDate>2016-05-31 06:15:35</PriceUpdateDate><ItemCode>7290000061450</ItemCode><ItemType>1</ItemType><ItemName>פתיתים קוסקוס 3 צבעי</ItemName><ManufacturerName>אסם</ManufacturerName><ManufactureCountry>ישראל</ManufactureCountry><ManufacturerItemDescription>פתיתים קוסקוס 3 צבעי</ManufacturerItemDescription><SoldByWeight/><Quantity>500.00</Quantity><UnitOfMeasure>גרם     </UnitOfMeasure><QtyInPackage>לא ידוע</QtyInPackage><UnitOfMeasurePrice>0.0118</UnitOfMeasurePrice><AllowDiscount>1</AllowDiscount><ItemStatus>1</ItemStatus><ItemPrice>5.90</ItemPrice></item><item><PriceUpdateDate>2016-08-02 09:29:34</PriceUpdateDate><ItemCode>7290000061764</ItemCode><ItemType>1</ItemType><ItemName>נס קפה רד מאג 200 גר</ItemName><ManufacturerName>רד מאג</ManufacturerName><ManufactureCountry>ספרד</ManufactureCountry><ManufacturerItemDescription>מברשת בקבוק+פט  טמה</ManufacturerItemDescription><SoldByWeight/><Quantity>200.00</Quantity><UnitOfMeasure>גרם     </UnitOfMeasure><QtyInPackage>לא ידוע</QtyInPackage><UnitOfMeasurePrice>0.1495</UnitOfMeasurePrice><AllowDiscount>1</AllowDiscount><ItemStatus>1</ItemStatus><ItemPrice>29.90</ItemPrice></item><item><PriceUpdateDate>2016-05-01 10:30:58</PriceUpdateDate><ItemCode>7290000061917</ItemCode><ItemType>1</ItemType><ItemName>נס קפה רד מאג נטול ק</ItemName><ManufacturerName>רד מאג</ManufacturerName><ManufactureCountry>ישראל</ManufactureCountry><ManufacturerItemDescription>נס קפה רד מאג נטול ק</ManufacturerItemDescription><SoldByWeight/><Quantity>200.00</Quantity><UnitOfMeasure>גרם     </UnitOfMeasure><QtyInPackage>לא ידוע</QtyInPackage><UnitOfMeasurePrice>0.1975</UnitOfMeasurePrice><AllowDiscount>1</AllowDiscount><ItemStatus>1</ItemStatus><ItemPrice>39.50</ItemPrice></item><item><PriceUpdateDate>2015-11-10 07:31:38</PriceUpdateDate><ItemCode>7290000063027</ItemCode><ItemType>1</ItemType><ItemName>לחמית ללא גלוטן 1 ק"</ItemName><ManufacturerName>לא ממותג</ManufacturerName><ManufactureCountry>ישראל</ManufactureCountry><ManufacturerItemDescription>לחמית ללא גלוטן 1 ק"</ManufacturerItemDescription><SoldByWeight/><Quantity>1000.00</Quantity><UnitOfMeasure>גרם     </UnitOfMeasure><QtyInPackage>לא ידוע</QtyInPackage><UnitOfMeasurePrice>0.0356</UnitOfMeasurePrice><AllowDiscount>1</AllowDiscount><ItemStatus>1</ItemStatus><ItemPrice>35.60</ItemPrice></item><item><PriceUpdateDate>2016-05-01 10:30:58</PriceUpdateDate><ItemCode>7290000063102</ItemCode><ItemType>1</ItemType><ItemName>קמח תופח 350 גרם</ItemName><ManufacturerName>אסם</ManufacturerName><ManufactureCountry>ישראל</ManufactureCountry><ManufacturerItemDescription>קמח תופח 350 גר</ManufacturerItemDescription><SoldByWeight/><Quantity>350.00</Quantity><UnitOfMeasure>גרם     </UnitOfMeasure><QtyInPackage>לא ידוע</QtyInPackage><UnitOfMeasurePrice>0.0169</UnitOfMeasurePrice><AllowDiscount>1</AllowDiscount><ItemStatus>1</ItemStatus><ItemPrice>5.90</ItemPrice></item><item><PriceUpdateDate>2016-05-01 10:30:59</PriceUpdateDate><ItemCode>7290000063133</ItemCode><ItemType>1</ItemType><ItemName>שקדי מרק 100 גרם</ItemName><ManufacturerName>אסם</ManufacturerName><ManufactureCountry>ישראל</ManufactureCountry><ManufacturerItemDescription>שקדי מרק 100 גר</ManufacturerItemDescription><SoldByWeight/><Quantity>100.00</Quantity><UnitOfMeasure>גרם     </UnitOfMeasure><QtyInPackage>לא ידוע</QtyInPackage><UnitOfMeasurePrice>0.0680</UnitOfMeasurePrice><AllowDiscount>1</AllowDiscount><ItemStatus>1</ItemStatus><ItemPrice>6.80</ItemPrice></item><item><PriceUpdateDate>2016-05-01 10:30:59</PriceUpdateDate><ItemCode>7290000063140</ItemCode><ItemType>1</ItemType><ItemName>שקדי מרק רכיבים טבעי</ItemName><ManufacturerName>אסם</ManufacturerName><ManufactureCountry>ישראל</ManufactureCountry><ManufacturerItemDescription>שקדי מרק 400 גרם</ManufacturerItemDescription><SoldByWeight/><Quantity>400.00</Quantity><UnitOfMeasure>גרם     </UnitOfMeasure><QtyInPackage>לא ידוע</QtyInPackage><UnitOfMeasurePrice>0.0273</UnitOfMeasurePrice><AllowDiscount>1</AllowDiscount><ItemStatus>1</ItemStatus><ItemPrice>10.90</ItemPrice></item><item><PriceUpdateDate>2016-05-01 10:30:59</PriceUpdateDate><ItemCode>7290000063157</ItemCode><ItemType>1</ItemType><ItemName>קמח תופח 1 ק"ג</ItemName><ManufacturerName>אסם</ManufacturerName><ManufactureCountry>ישראל</ManufactureCountry><ManufacturerItemDescription>קמח תופח מאליו 1 קג</ManufacturerItemDescription><SoldByWeight/><Quantity>1000.00</Quantity><UnitOfMeasure>גרם     </UnitOfMeasure><QtyInPackage>לא ידוע</QtyInPackage><UnitOfMeasurePrice>0.0089</UnitOfMeasurePrice><AllowDiscount>1</AllowDiscount><ItemStatus>1</ItemStatus><ItemPrice>8.90</ItemPrice></item><item><PriceUpdateDate>2016-05-01 10:30:59</PriceUpdateDate><ItemCode>7290000064758</ItemCode><ItemType>1</ItemType><ItemName>קוסקוס אמיתי שקית 35</ItemName><ManufacturerName>אסם</ManufacturerName><ManufactureCountry>ישראל</ManufactureCountry><ManufacturerItemDescription>קוסקוס אמיתי שקית 35</ManufacturerItemDescription><SoldByWeight/><Quantity>350.00</Quantity><UnitOfMeasure>גרם     </UnitOfMeasure><QtyInPackage>לא ידוע</QtyInPackage><UnitOfMeasurePrice>0.0226</UnitOfMeasurePrice><AllowDiscount>1</AllowDiscount><ItemStatus>1</ItemStatus><ItemPrice>7.90</ItemPrice></item><item><PriceUpdateDate>2016-05-01 10:31:00</PriceUpdateDate><ItemCode>7290000065090</ItemCode><ItemType>1</ItemType><ItemName>קרוטונים למרק וסלט 4</ItemName><ManufacturerName>אסם</ManufacturerName><ManufactureCountry>ישראל</ManufactureCountry><ManufacturerItemDescription>קרוטונים למרק וסלט 4</ManufacturerItemDescription><SoldByWeight/><Quantity>400.00</Quantity><UnitOfMeasure>גרם     </UnitOfMeasure><QtyInPackage>לא ידוע</QtyInPackage><UnitOfMeasurePrice>0.0663</UnitOfMeasurePrice><AllowDiscount>1</AllowDiscount><ItemStatus>1</ItemStatus><ItemPrice>26.50</ItemPrice></item><item><PriceUpdateDate>2016-06-28 08:11:01</PriceUpdateDate><ItemCode>7290000065267</ItemCode><ItemType>1</ItemType><ItemName>מב דגני ילדים קראנץ'</ItemName><ManufacturerName>קראנץ</ManufacturerName><ManufactureCountry>ישראל</ManufactureCountry><ManufacturerItemDescription>קראנץ רולס 450 גרם</ManufacturerItemDescription><SoldByWeight/><Quantity>450.00</Quantity><UnitOfMeasure>גרם     </UnitOfMeasure><QtyInPackage>לא ידוע</QtyInPackage><UnitOfMeasurePrice>0.0398</UnitOfMeasurePrice><AllowDiscount>1</AllowDiscount><ItemStatus>1</ItemStatus><ItemPrice>17.90</ItemPrice></item><item><PriceUpdateDate>2016-05-31 06:15:36</PriceUpdateDate><ItemCode>7290000065557</ItemCode><ItemType>1</ItemType><ItemName>מנה חמה קוסקוס עם יר</ItemName><ManufacturerName>אסם</ManufacturerName><ManufactureCountry>ישראל</ManufactureCountry><ManufacturerItemDescription>תבשיל מנה חמה קוסקוס+ירקו</ManufacturerItemDescription><SoldByWeight/><Quantity>84.00</Quantity><UnitOfMeasure>גרם     </UnitOfMeasure><QtyInPackage>לא ידוע</QtyInPackage><UnitOfMeasurePrice>0.0702</UnitOfMeasurePrice><AllowDiscount>1</AllowDiscount><ItemStatus>1</ItemStatus><ItemPrice>5.90</ItemPrice></item><item><PriceUpdateDate>2016-05-01 10:31:00</PriceUpdateDate><ItemCode>7290000066158</ItemCode><ItemType>1</ItemType><ItemName>חטיף ביסלי בצל  67 ג</ItemName><ManufacturerName>ביסלי</ManufacturerName><ManufactureCountry>ישראל</ManufactureCountry><ManufacturerItemDescription>חטיף ביסלי בצל  67 ג</ManufacturerItemDescription><SoldByWeight/><Quantity>67.00</Quantity><UnitOfMeasure>גרם     </UnitOfMeasure><QtyInPackage>לא ידוע</QtyInPackage><UnitOfMeasurePrice>0.0806</UnitOfMeasurePrice><AllowDiscount>1</AllowDiscount><ItemStatus>1</ItemStatus><ItemPrice>5.40</ItemPrice></item><item><PriceUpdateDate>2016-05-01 10:31:01</PriceUpdateDate><ItemCode>7290000066189</ItemCode><ItemType>1</ItemType><ItemName>חטיף ביסלי פלאפל 200</ItemName><ManufacturerName>ביסלי</ManufacturerName><ManufactureCountry>ישראל</ManufactureCountry><ManufacturerItemDescription>ביסלי פלפל 200 גר</ManufacturerItemDescription><SoldByWeight/><Quantity>200.00</Quantity><UnitOfMeasure>גרם     </UnitOfMeasure><QtyInPackage>לא ידוע</QtyInPackage><UnitOfMeasurePrice>0.0395</UnitOfMeasurePrice><AllowDiscount>1</AllowDiscount><ItemStatus>1</ItemStatus><ItemPrice>7.90</ItemPrice></item><item><PriceUpdateDate>2016-05-01 10:31:01</PriceUpdateDate><ItemCode>7290000066196</ItemCode><ItemType>1</ItemType><ItemName>חטיף ביסלי גריל 200</ItemName><ManufacturerName>ביסלי</ManufacturerName><ManufactureCountry>ישראל</ManufactureCountry><ManufacturerItemDescription>ביסלי גריל 200 גר</ManufacturerItemDescription><SoldByWeight/><Quantity>200.00</Quantity><UnitOfMeasure>גרם     </UnitOfMeasure><QtyInPackage>לא ידוע</QtyInPackage><UnitOfMeasurePrice>0.0395</UnitOfMeasurePrice><AllowDiscount>1</AllowDiscount><ItemStatus>1</ItemStatus><ItemPrice>7.90</ItemPrice></item><item><PriceUpdateDate>2016-05-01 10:31:01</PriceUpdateDate><ItemCode>7290000066219</ItemCode><ItemType>1</ItemType><ItemName>חטיף ביסלי ברביקיו 1</ItemName><ManufacturerName>ביסלי</ManufacturerName><ManufactureCountry>ישראל</ManufactureCountry><ManufacturerItemDescription>ביסלי ברביקיו 190 גר</ManufacturerItemDescription><SoldByWeight/><Quantity>190.00</Quantity><UnitOfMeasure>גרם     </UnitOfMeasure><QtyInPackage>לא ידוע</QtyInPackage><UnitOfMeasurePrice>0.0416</UnitOfMeasurePrice><AllowDiscount>1</AllowDiscount><ItemStatus>1</ItemStatus><ItemPrice>7.90</ItemPrice></item><item><PriceUpdateDate>2016-05-31 06:15:36</PriceUpdateDate><ItemCode>7290000066264</ItemCode><ItemType>1</ItemType><ItemName>חטיף דובונים 40 גרם</ItemName><ManufacturerName>דובונים</ManufacturerName><ManufactureCountry>ישראל</ManufactureCountry><ManufacturerItemDescription>דובונים40 גר</ManufacturerItemDescription><SoldByWeight/><Quantity>40.00</Quantity><UnitOfMeasure>גרם     </UnitOfMeasure><QtyInPackage>לא ידוע</QtyInPackage><UnitOfMeasurePrice>0.1000</UnitOfMeasurePrice><AllowDiscount>1</AllowDiscount><ItemStatus>1</ItemStatus><ItemPrice>4.00</ItemPrice></item><item><PriceUpdateDate>2016-05-31 06:15:36</PriceUpdateDate><ItemCode>7290000066318</ItemCode><ItemType>1</ItemType><ItemName>במבה 80 גרם</ItemName><ManufacturerName>במבה</ManufacturerName><ManufactureCountry>ישראל</ManufactureCountry><ManufacturerItemDescription>במבה 80 גרם</ManufacturerItemDescription><SoldByWeight/><Quantity>80.00</Quantity><UnitOfMeasure>גרם     </UnitOfMeasure><QtyInPackage>לא ידוע</QtyInPackage><UnitOfMeasurePrice>0.0563</UnitOfMeasurePrice><AllowDiscount>1</AllowDiscount><ItemStatus>1</ItemStatus><ItemPrice>4.50</ItemPrice></item><item><PriceUpdateDate>2016-05-31 06:15:36</PriceUpdateDate><ItemCode>7290000066332</ItemCode><ItemType>1</ItemType><ItemName>חטיף אפרופו 50 גרם</ItemName><ManufacturerName>אפרופו</ManufacturerName><ManufactureCountry>ישראל</ManufactureCountry><ManufacturerItemDescription>אפרופו50 גר.שקית</ManufacturerItemDescription><SoldByWeight/><Quantity>14.00</Quantity><UnitOfMeasure>גרם     </UnitOfMeasure><QtyInPackage>לא ידוע</QtyInPackage><UnitOfMeasurePrice>0.3071</UnitOfMeasurePrice><AllowDiscount>1</AllowDiscount><ItemStatus>1</ItemStatus><ItemPrice>4.30</ItemPrice></item><item><PriceUpdateDate>2015-10-19 10:44:21</PriceUpdateDate><ItemCode>7290000066431</ItemCode><ItemType>1</ItemType><ItemName>חטיף פופקורן חמאה וד</ItemName><ManufacturerName>אסם</ManufacturerName><ManufactureCountry>ישראל</ManufactureCountry><ManufacturerItemDescription>חטיף פופקו תירס חמאה ודבש</ManufacturerItemDescription><SoldByWeight/><Quantity>80.00</Quantity><UnitOfMeasure>גרם     </UnitOfMeasure><QtyInPackage>לא ידוע</QtyInPackage><UnitOfMeasurePrice>0.0863</UnitOfMeasurePrice><AllowDiscount>1</AllowDiscount><ItemStatus>1</ItemStatus><ItemPrice>6.90</ItemPrice></item><item><PriceUpdateDate>2016-05-31 06:15:36</PriceUpdateDate><ItemCode>7290000066943</ItemCode><ItemType>1</ItemType><ItemName>תרכיז ויטמינציק ענבי</ItemName><ManufacturerName>ויטמינצק</ManufacturerName><ManufactureCountry>ישראל</ManufactureCountry><ManufacturerItemDescription>תרכיז ויטמינציק ענבי</ManufacturerItemDescription><SoldByWeight/><Quantity>1000.00</Quantity><UnitOfMeasure>מ"ל</UnitOfMeasure><QtyInPackage>לא ידוע</QtyInPackage><UnitOfMeasurePrice>0.0119</UnitOfMeasurePrice><AllowDiscount>1</AllowDiscount><ItemStatus>1</ItemStatus><ItemPrice>11.90</ItemPrice></item><item><PriceUpdateDate>2016-05-31 06:15:36</PriceUpdateDate><ItemCode>7290000066950</ItemCode><ItemType>1</ItemType><ItemName>תרכיז ויטמינציק תפו"</ItemName><ManufacturerName>ויטמינצק</ManufacturerName><ManufactureCountry>ישראל</ManufactureCountry><ManufacturerItemDescription>תרכיז ויטמינציק תפו"</ManufacturerItemDescription><SoldByWeight/><Quantity>1000.00</Quantity><UnitOfMeasure>מ"ל</UnitOfMeasure><QtyInPackage>לא ידוע</QtyInPackage><UnitOfMeasurePrice>0.0119</UnitOfMeasurePrice><AllowDiscount>1</AllowDiscount><ItemStatus>1</ItemStatus><ItemPrice>11.90</ItemPrice></item><item><PriceUpdateDate>2015-04-13 07:37:24</PriceUpdateDate><ItemCode>7290000067131</ItemCode><ItemType>1</ItemType><ItemName>ג'לי בזק תות שדה כשל</ItemName><ManufacturerName>אסם</ManufacturerName><ManufactureCountry>ישראל</ManufactureCountry><ManufacturerItemDescription>ג'לי בזק תות שדה כשל</ManufacturerItemDescription><SoldByWeight/><Quantity>90.00</Quantity><UnitOfMeasure>גרם     </UnitOfMeasure><QtyInPackage>לא ידוע</QtyInPackage><UnitOfMeasurePrice>0.0789</UnitOfMeasurePrice><AllowDiscount>1</AllowDiscount><ItemStatus>1</ItemStatus><ItemPrice>7.10</ItemPrice></item><item><PriceUpdateDate>2016-05-01 10:31:02</PriceUpdateDate><ItemCode>7290000067599</ItemCode><ItemType>1</ItemType><ItemName>מנה חמה ספגטי בולונז</ItemName><ManufacturerName>אסם</ManufacturerName><ManufactureCountry>ישראל</ManufactureCountry><ManufacturerItemDescription>מנה חמה ספגטי בולונז 65 ג</ManufacturerItemDescription><SoldByWeight/><Quantity>65.00</Quantity><UnitOfMeasure>גרם     </UnitOfMeasure><QtyInPackage>לא ידוע</QtyInPackage><UnitOfMeasurePrice>0.1062</UnitOfMeasurePrice><AllowDiscount>1</AllowDiscount><ItemStatus>1</ItemStatus><ItemPrice>6.90</ItemPrice></item><item><PriceUpdateDate>2015-11-10 07:31:38</PriceUpdateDate><ItemCode>7290000067742</ItemCode><ItemType>1</ItemType><ItemName>פודינג טעם וניל כשל'</ItemName><ManufacturerName>אסם</ManufacturerName><ManufactureCountry>ישראל</ManufactureCountry><ManufacturerItemDescription>פודינג בטעם וניל 80 גר כש</ManufacturerItemDescription><SoldByWeight/><Quantity>80.00</Quantity><UnitOfMeasure>גרם     </UnitOfMeasure><QtyInPackage>לא ידוע</QtyInPackage><UnitOfMeasurePrice>0.0838</UnitOfMeasurePrice><AllowDiscount>1</AllowDiscount><ItemStatus>1</ItemStatus><ItemPrice>6.70</ItemPrice></item><item><PriceUpdateDate>2016-05-01 10:31:02</PriceUpdateDate><ItemCode>7290000068138</ItemCode><ItemType>1</ItemType><ItemName>פודינג בטעם וניל 80</ItemName><ManufacturerName>אסם</ManufacturerName><ManufactureCountry>ישראל</ManufactureCountry><ManufacturerItemDescription>פודינג וניל 80 גרם</ManufacturerItemDescription><SoldByWeight/><Quantity>80.00</Quantity><UnitOfMeasure>גרם     </UnitOfMeasure><QtyInPackage>לא ידוע</QtyInPackage><UnitOfMeasurePrice>0.0688</UnitOfMeasurePrice><AllowDiscount>1</AllowDiscount><ItemStatus>1</ItemStatus><ItemPrice>5.50</ItemPrice></item><item><PriceUpdateDate>2016-05-01 10:31:03</PriceUpdateDate><ItemCode>7290000068251</ItemCode><ItemType>1</ItemType><ItemName>אבקת ג''לי אננס</ItemName><ManufacturerName>אסם</ManufacturerName><ManufactureCountry>ישראל</ManufactureCountry><ManufacturerItemDescription>אבקת ג''לי אננס</ManufacturerItemDescription><SoldByWeight/><Quantity>14.00</Quantity><UnitOfMeasure>גרם     </UnitOfMeasure><QtyInPackage>לא ידוע</QtyInPackage><UnitOfMeasurePrice>0.5571</UnitOfMeasurePrice><AllowDiscount>1</AllowDiscount><ItemStatus>1</ItemStatus><ItemPrice>7.80</ItemPrice></item><item><PriceUpdateDate>2015-10-11 06:43:42</PriceUpdateDate><ItemCode>7290000068787</ItemCode><ItemType>1</ItemType><ItemName>במבה יום הולדת 25 גר</ItemName><ManufacturerName>במבה</ManufacturerName><ManufactureCountry>ישראל</ManufactureCountry><ManufacturerItemDescription>במבה יום הולדת 25 גר</ManufacturerItemDescription><SoldByWeight/><Quantity>25.00</Quantity><UnitOfMeasure>גרם     </UnitOfMeasure><QtyInPackage>לא ידוע</QtyInPackage><UnitOfMeasurePrice>0.1280</UnitOfMeasurePrice><AllowDiscount>1</AllowDiscount><ItemStatus>1</ItemStatus><ItemPrice>3.20</ItemPrice></item><item><PriceUpdateDate>2016-03-01 07:00:18</PriceUpdateDate><ItemCode>7290000068893</ItemCode><ItemType>1</ItemType><ItemName>מארז במבה במילוי נוג</ItemName><ManufacturerName>במבה</ManufacturerName><ManufactureCountry>ישראל</ManufactureCountry><ManufacturerItemDescription>מארז במבה במילוי נוג</ManufacturerItemDescription><SoldByWeight/><Quantity>240.00</Quantity><UnitOfMeasure>גרם     </UnitOfMeasure><QtyInPackage>לא ידוע</QtyInPackage><UnitOfMeasurePrice>0.0804</UnitOfMeasurePrice><AllowDiscount>1</AllowDiscount><ItemStatus>1</ItemStatus><ItemPrice>19.30</ItemPrice></item><item><PriceUpdateDate>2016-05-01 10:31:03</PriceUpdateDate><ItemCode>7290000069258</ItemCode><ItemType>1</ItemType><ItemName>פסטה פרפקטו פנה 500</ItemName><ManufacturerName>פרפקטו</ManufacturerName><ManufactureCountry>איטליה</ManufactureCountry><ManufacturerItemDescription>פסטה פנה ריגאטה פרפקטו500</ManufacturerItemDescription><SoldByWeight/><Quantity>500.00</Quantity><UnitOfMeasure>גרם     </UnitOfMeasure><QtyInPackage>לא ידוע</QtyInPackage><UnitOfMeasurePrice>0.0182</UnitOfMeasurePrice><AllowDiscount>1</AllowDiscount><ItemStatus>1</ItemStatus><ItemPrice>9.10</ItemPrice></item><item><PriceUpdateDate>2016-05-01 06:10:37</PriceUpdateDate><ItemCode>7290000070308</ItemCode><ItemType>1</ItemType><ItemName>מרק עוף אמיתי אסם 40</ItemName><ManufacturerName>אסם</ManufacturerName><ManufactureCountry>ישראל</ManufactureCountry><ManufacturerItemDescription>מרק עוף אמיתי 400 גרם</ManufacturerItemDescription><SoldByWeight/><Quantity>400.00</Quantity><UnitOfMeasure>גרם     </UnitOfMeasure><QtyInPackage>לא ידוע</QtyInPackage><UnitOfMeasurePrice>0.0660</UnitOfMeasurePrice><AllowDiscount>1</AllowDiscount><ItemStatus>1</ItemStatus><ItemPrice>26.40</ItemPrice></item><item><PriceUpdateDate>2016-08-02 09:29:34</PriceUpdateDate><ItemCode>7290000070322</ItemCode><ItemType>1</ItemType><ItemName>אבקת מרק פיטריות במי</ItemName><ManufacturerName>אסם</ManufacturerName><ManufactureCountry>ישראל</ManufactureCountry><ManufacturerItemDescription>מרק פטריות 400 גרם</ManufacturerItemDescription><SoldByWeight/><Quantity>400.00</Quantity><UnitOfMeasure>גרם     </UnitOfMeasure><QtyInPackage>לא ידוע</QtyInPackage><UnitOfMeasurePrice>0.0747</UnitOfMeasurePrice><AllowDiscount>1</AllowDiscount><ItemStatus>1</ItemStatus><ItemPrice>29.90</ItemPrice></item><item><PriceUpdateDate>2016-05-01 06:10:37</PriceUpdateDate><ItemCode>7290000070384</ItemCode><ItemType>1</ItemType><ItemName>אבקת מרק עדיף טעם עו</ItemName><ManufacturerName>אסם</ManufacturerName><ManufactureCountry>ישראל</ManufactureCountry><ManufacturerItemDescription>מרק עדיף400 גר .כשלפ</ManufacturerItemDescription><SoldByWeight/><Quantity>400.00</Quantity><UnitOfMeasure>גרם     </UnitOfMeasure><QtyInPackage>לא ידוע</QtyInPackage><UnitOfMeasurePrice>0.0460</UnitOfMeasurePrice><AllowDiscount>1</AllowDiscount><ItemStatus>1</ItemStatus><ItemPrice>18.40</ItemPrice></item><item><PriceUpdateDate>2016-05-01 10:31:04</PriceUpdateDate><ItemCode>7290000072067</ItemCode><ItemType>1</ItemType><ItemName>במבה במילוי קרם חלבה</ItemName><ManufacturerName>במבה</ManufacturerName><ManufactureCountry>ישראל</ManufactureCountry><ManufacturerItemDescription>במבה במילוי קרם חלבה 60 ג</ManufacturerItemDescription><SoldByWeight/><Quantity>60.00</Quantity><UnitOfMeasure>גרם     </UnitOfMeasure><QtyInPackage>לא ידוע</QtyInPackage><UnitOfMeasurePrice>0.0933</UnitOfMeasurePrice><AllowDiscount>1</AllowDiscount><ItemStatus>1</ItemStatus><ItemPrice>5.60</ItemPrice></item><item><PriceUpdateDate>2016-05-31 06:15:37</PriceUpdateDate><ItemCode>7290000072227</ItemCode><ItemType>1</ItemType><ItemName>רוטב סויה סגנון סיני</ItemName><ManufacturerName>אסם</ManufacturerName><ManufactureCountry>ישראל</ManufactureCountry><ManufacturerItemDescription>רוטב סויה סגנון סיני 290</ManufacturerItemDescription><SoldByWeight/><Quantity>290.00</Quantity><UnitOfMeasure>מ"ל</UnitOfMeasure><QtyInPackage>לא ידוע</QtyInPackage><UnitOfMeasurePrice>0.0362</UnitOfMeasurePrice><AllowDiscount>1</AllowDiscount><ItemStatus>1</ItemStatus><ItemPrice>10.50</ItemPrice></item><item><PriceUpdateDate>2016-05-01 10:31:05</PriceUpdateDate><ItemCode>7290000072548</ItemCode><ItemType>1</ItemType><ItemName>מאגדת לייט וניל עוגי</ItemName><ManufacturerName>גלידות נסטלה</ManufacturerName><ManufactureCountry>ישראל</ManufactureCountry><ManufacturerItemDescription>מאגדת מיני לייט עם עוגיות</ManufacturerItemDescription><SoldByWeight/><Quantity>180.00</Quantity><UnitOfMeasure>גרם     </UnitOfMeasure><QtyInPackage>לא ידוע</QtyInPackage><UnitOfMeasurePrice>0.1383</UnitOfMeasurePrice><AllowDiscount>1</AllowDiscount><ItemStatus>1</ItemStatus><ItemPrice>24.90</ItemPrice></item><item><PriceUpdateDate>2016-08-02 09:29:34</PriceUpdateDate><ItemCode>7290000072593</ItemCode><ItemType>1</ItemType><ItemName>לחמית חיטה מלאה דבש</ItemName><ManufacturerName>לא ידוע</ManufacturerName><ManufactureCountry>ישראל</ManufactureCountry><ManufacturerItemDescription>לחמית חיטה מלאה דבש 200 ג</ManufacturerItemDescription><SoldByWeight/><Quantity>200.00</Quantity><UnitOfMeasure>גרם     </UnitOfMeasure><QtyInPackage>לא ידוע</QtyInPackage><UnitOfMeasurePrice>0.0495</UnitOfMeasurePrice><AllowDiscount>1</AllowDiscount><ItemStatus>1</ItemStatus><ItemPrice>9.90</ItemPrice></item><item><PriceUpdateDate>2016-05-31 06:15:37</PriceUpdateDate><ItemCode>7290000072623</ItemCode><ItemType>1</ItemType><ItemName>קטשופ אסם רכיבים טבע</ItemName><ManufacturerName>אסם</ManufacturerName><ManufactureCountry>ישראל</ManufactureCountry><ManufacturerItemDescription>קטשופ לחיץ רגיל 750 גרם</ManufacturerItemDescription><SoldByWeight/><Quantity>750.00</Quantity><UnitOfMeasure>גרם     </UnitOfMeasure><QtyInPackage>לא ידוע</QtyInPackage><UnitOfMeasurePrice>0.0153</UnitOfMeasurePrice><AllowDiscount>0</AllowDiscount><ItemStatus>1</ItemStatus><ItemPrice>11.50</ItemPrice></item><item><PriceUpdateDate>2016-05-31 06:15:37</PriceUpdateDate><ItemCode>7290000072753</ItemCode><ItemType>1</ItemType><ItemName>קפה נמס טסטר'ס צ'ויס</ItemName><ManufacturerName>טסטרס צויס</ManufacturerName><ManufactureCountry>ישראל</ManufactureCountry><ManufacturerItemDescription>קפה טסטרס צויס  'ויס200ג</ManufacturerItemDescription><SoldByWeight/><Quantity>200.00</Quantity><UnitOfMeasure>גרם     </UnitOfMeasure><QtyInPackage>לא ידוע</QtyInPackage><UnitOfMeasurePrice>0.1645</UnitOfMeasurePrice><AllowDiscount>1</AllowDiscount><ItemStatus>1</ItemStatus><ItemPrice>32.90</ItemPrice></item><item><PriceUpdateDate>2016-05-31 06:15:37</PriceUpdateDate><ItemCode>7290000072777</ItemCode><ItemType>1</ItemType><ItemName>טסטר'ס צ'ויס נטול קפ</ItemName><ManufacturerName>ג'יקובס</ManufacturerName><ManufactureCountry>ישראל</ManufactureCountry><ManufacturerItemDescription>קפה טסטרס צויס  ופאין200</ManufacturerItemDescription><SoldByWeight/><Quantity>200.00</Quantity><UnitOfMeasure>גרם     </UnitOfMeasure><QtyInPackage>לא ידוע</QtyInPackage><UnitOfMeasurePrice>0.1985</UnitOfMeasurePrice><AllowDiscount>1</AllowDiscount><ItemStatus>1</ItemStatus><ItemPrice>39.70</ItemPrice></item><item><PriceUpdateDate>2016-08-02 09:29:34</PriceUpdateDate><ItemCode>7290000072968</ItemCode><ItemType>1</ItemType><ItemName>מב דגני בוקר סיני מי</ItemName><ManufacturerName>סיני מיני</ManufacturerName><ManufactureCountry>פולין</ManufactureCountry><ManufacturerItemDescription>הוטפופ מלח      ח100*5ג</ManufacturerItemDescription><SoldByWeight/><Quantity>500.00</Quantity><UnitOfMeasure>גרם     </UnitOfMeasure><QtyInPackage>לא ידוע</QtyInPackage><UnitOfMeasurePrice>0.0378</UnitOfMeasurePrice><AllowDiscount>1</AllowDiscount><ItemStatus>1</ItemStatus><ItemPrice>18.90</ItemPrice></item><item><PriceUpdateDate>2016-05-31 06:15:37</PriceUpdateDate><ItemCode>7290000073125</ItemCode><ItemType>1</ItemType><ItemName>מנה חמה אטריות עם עג</ItemName><ManufacturerName>אסם</ManufacturerName><ManufactureCountry>ישראל</ManufactureCountry><ManufacturerItemDescription>תבשיל מנה חמה עם עגבניות6</ManufacturerItemDescription><SoldByWeight/><Quantity>14.00</Quantity><UnitOfMeasure>גרם     </UnitOfMeasure><QtyInPackage>לא ידוע</QtyInPackage><UnitOfMeasurePrice>0.4214</UnitOfMeasurePrice><AllowDiscount>1</AllowDiscount><ItemStatus>1</ItemStatus><ItemPrice>5.90</ItemPrice></item><item><PriceUpdateDate>2016-05-01 10:31:05</PriceUpdateDate><ItemCode>7290000073415</ItemCode><ItemType>1</ItemType><ItemName>מנה חמה פסטה ברוטב פ</ItemName><ManufacturerName>אסם</ManufacturerName><ManufactureCountry>ישראל</ManufactureCountry><ManufacturerItemDescription>מנה חמה פסטה ברוטב פ</ManufacturerItemDescription><SoldByWeight/><Quantity>61.00</Quantity><UnitOfMeasure>גרם     </UnitOfMeasure><QtyInPackage>לא ידוע</QtyInPackage><UnitOfMeasurePrice>0.1131</UnitOfMeasurePrice><AllowDiscount>1</AllowDiscount><ItemStatus>1</ItemStatus><ItemPrice>6.90</ItemPrice></item><item><PriceUpdateDate>2016-05-31 06:15:37</PriceUpdateDate><ItemCode>7290000073750</ItemCode><ItemType>1</ItemType><ItemName>מנה חמה נודלס איטריו</ItemName><ManufacturerName>אסם</ManufacturerName><ManufactureCountry>ישראל</ManufactureCountry><ManufacturerItemDescription>מנה חמה נודלס   עוף70גרם</ManufacturerItemDescription><SoldByWeight/><Quantity>70.00</Quantity><UnitOfMeasure>גרם     </UnitOfMeasure><QtyInPackage>לא ידוע</QtyInPackage><UnitOfMeasurePrice>0.0843</UnitOfMeasurePrice><AllowDiscount>1</AllowDiscount><ItemStatus>1</ItemStatus><ItemPrice>5.90</ItemPrice></item><item><PriceUpdateDate>2016-05-31 06:15:37</PriceUpdateDate><ItemCode>7290000073767</ItemCode><ItemType>1</ItemType><ItemName>מנה חמה נודלס טעם בק</ItemName><ManufacturerName>אסם</ManufacturerName><ManufactureCountry>ישראל</ManufactureCountry><ManufacturerItemDescription>מנה חמה נודלס טעם בק</ManufacturerItemDescription><SoldByWeight/><Quantity>70.00</Quantity><UnitOfMeasure>גרם     </UnitOfMeasure><QtyInPackage>לא ידוע</QtyInPackage><UnitOfMeasurePrice>0.0843</UnitOfMeasurePrice><AllowDiscount>1</AllowDiscount><ItemStatus>1</ItemStatus><ItemPrice>5.90</ItemPrice></item><item><PriceUpdateDate>2016-05-31 06:15:37</PriceUpdateDate><ItemCode>7290000073774</ItemCode><ItemType>1</ItemType><ItemName>מנה חמה נודלס טעם צי</ItemName><ManufacturerName>אסם</ManufacturerName><ManufactureCountry>ישראל</ManufactureCountry><ManufacturerItemDescription>מנה חמה נודלס טעם צי</ManufacturerItemDescription><SoldByWeight/><Quantity>70.00</Quantity><UnitOfMeasure>גרם     </UnitOfMeasure><QtyInPackage>לא ידוע</QtyInPackage><UnitOfMeasurePrice>0.0843</UnitOfMeasurePrice><AllowDiscount>1</AllowDiscount><ItemStatus>1</ItemStatus><ItemPrice>5.90</ItemPrice></item><item><PriceUpdateDate>2016-03-29 07:50:41</PriceUpdateDate><ItemCode>7290000073835</ItemCode><ItemType>1</ItemType><ItemName>מארז צ'יפסי 4*50 גרם</ItemName><ManufacturerName>ציפסי</ManufacturerName><ManufactureCountry>ישראל</ManufactureCountry><ManufacturerItemDescription>מארז צ'יפסי 4*50 גרם</ManufacturerItemDescription><SoldByWeight/><Quantity>200.00</Quantity><UnitOfMeasure>גרם     </UnitOfMeasure><QtyInPackage>לא ידוע</QtyInPackage><UnitOfMeasurePrice>0.0645</UnitOfMeasurePrice><AllowDiscount>1</AllowDiscount><ItemStatus>1</ItemStatus><ItemPrice>12.90</ItemPrice></item><item><PriceUpdateDate>2016-05-31 06:15:37</PriceUpdateDate><ItemCode>7290000073965</ItemCode><ItemType>1</ItemType><ItemName>פתיתים אפויים 500 גר</ItemName><ManufacturerName>פסטה אסם</ManufacturerName><ManufactureCountry>ישראל</ManufactureCountry><ManufacturerItemDescription>פתיתים אפויים קוסקוס 500</ManufacturerItemDescription><SoldByWeight/><Quantity>500.00</Quantity><UnitOfMeasure>גרם     </UnitOfMeasure><QtyInPackage>לא ידוע</QtyInPackage><UnitOfMeasurePrice>0.0118</UnitOfMeasurePrice><AllowDiscount>1</AllowDiscount><ItemStatus>1</ItemStatus><ItemPrice>5.90</ItemPrice></item><item><PriceUpdateDate>2016-08-02 09:29:35</PriceUpdateDate><ItemCode>7290000074061</ItemCode><ItemType>1</ItemType><ItemName>לחמית סילאן ושומשום</ItemName><ManufacturerName>לחמית</ManufacturerName><ManufactureCountry>ישראל</ManufactureCountry><ManufacturerItemDescription>לחמית סילאן ושומשום</ManufacturerItemDescription><SoldByWeight/><Quantity>200.00</Quantity><UnitOfMeasure>גרם     </UnitOfMeasure><QtyInPackage>לא ידוע</QtyInPackage><UnitOfMeasurePrice>0.0495</UnitOfMeasurePrice><AllowDiscount>1</AllowDiscount><ItemStatus>1</ItemStatus><ItemPrice>9.90</ItemPrice></item><item><PriceUpdateDate>2016-08-02 09:29:35</PriceUpdateDate><ItemCode>7290000074153</ItemCode><ItemType>1</ItemType><ItemName>פתי בר שוקו 500 גרם</ItemName><ManufacturerName>פתי בר אסם</ManufacturerName><ManufactureCountry>ישראל</ManufactureCountry><ManufacturerItemDescription>ביסקויט פתיבר שוקו 500 גר</ManufacturerItemDescription><SoldByWeight/><Quantity>500.00</Quantity><UnitOfMeasure>גרם     </UnitOfMeasure><QtyInPackage>לא ידוע</QtyInPackage><UnitOfMeasurePrice>0.0258</UnitOfMeasurePrice><AllowDiscount>1</AllowDiscount><ItemStatus>1</ItemStatus><ItemPrice>12.90</ItemPrice></item><item><PriceUpdateDate>2016-08-07 20:04:27</PriceUpdateDate><ItemCode>7290000074177</ItemCode><ItemType>1</ItemType><ItemName>פתי בר בינוני 250 גר</ItemName><ManufacturerName>לא ידוע</ManufacturerName><ManufactureCountry>ישראל</ManufactureCountry><ManufacturerItemDescription>פתיבר 250 גר</ManufacturerItemDescription><SoldByWeight/><Quantity>250.00</Quantity><UnitOfMeasure>גרם     </UnitOfMeasure><QtyInPackage>לא ידוע</QtyInPackage><UnitOfMeasurePrice>0.0336</UnitOfMeasurePrice><AllowDiscount>1</AllowDiscount><ItemStatus>1</ItemStatus><ItemPrice>8.40</ItemPrice></item><item><PriceUpdateDate>2016-05-01 10:31:06</PriceUpdateDate><ItemCode>7290000074184</ItemCode><ItemType>1</ItemType><ItemName>פתי בר וניל 500 גרם</ItemName><ManufacturerName>אסם</ManufacturerName><ManufactureCountry>ישראל</ManufactureCountry><ManufacturerItemDescription>ביסקויט פתיבר 500 גר</ManufacturerItemDescription><SoldByWeight/><Quantity>500.00</Quantity><UnitOfMeasure>גרם     </UnitOfMeasure><QtyInPackage>לא ידוע</QtyInPackage><UnitOfMeasurePrice>0.0218</UnitOfMeasurePrice><AllowDiscount>1</AllowDiscount><ItemStatus>1</ItemStatus><ItemPrice>10.90</ItemPrice></item><item><PriceUpdateDate>2016-08-02 09:29:35</PriceUpdateDate><ItemCode>7290000074245</ItemCode><ItemType>1</ItemType><ItemName>קרם קרקר 227 גרם</ItemName><ManufacturerName>קרקר אסם</ManufacturerName><ManufactureCountry>ישראל</ManufactureCountry><ManufacturerItemDescription>קרם קרקר250 גר</ManufacturerItemDescription><SoldByWeight/><Quantity>227.00</Quantity><UnitOfMeasure>גרם     </UnitOfMeasure><QtyInPackage>לא ידוע</QtyInPackage><UnitOfMeasurePrice>0.0436</UnitOfMeasurePrice><AllowDiscount>1</AllowDiscount><ItemStatus>1</ItemStatus><ItemPrice>9.90</ItemPrice></item><item><PriceUpdateDate>2016-08-02 09:29:35</PriceUpdateDate><ItemCode>7290000074252</ItemCode><ItemType>1</ItemType><ItemName>קרקר שומשום 250 גרם</ItemName><ManufacturerName>קרם קרקר אסם</ManufacturerName><ManufactureCountry>ישראל</ManufactureCountry><ManufacturerItemDescription>קרקר שומשום250 גר</ManufacturerItemDescription><SoldByWeight/><Quantity>250.00</Quantity><UnitOfMeasure>גרם     </UnitOfMeasure><QtyInPackage>לא ידוע</QtyInPackage><UnitOfMeasurePrice>0.0416</UnitOfMeasurePrice><AllowDiscount>1</AllowDiscount><ItemStatus>1</ItemStatus><ItemPrice>10.40</ItemPrice></item><item><PriceUpdateDate>2016-08-02 09:29:35</PriceUpdateDate><ItemCode>7290000074290</ItemCode><ItemType>1</ItemType><ItemName>לחמית עם סובין230 גר</ItemName><ManufacturerName>לחמית</ManufacturerName><ManufactureCountry>ישראל</ManufactureCountry><ManufacturerItemDescription>לחמית עם סובין 230 גרם</ManufacturerItemDescription><SoldByWeight/><Quantity>230.00</Quantity><UnitOfMeasure>גרם     </UnitOfMeasure><QtyInPackage>לא ידוע</QtyInPackage><UnitOfMeasurePrice>0.0430</UnitOfMeasurePrice><AllowDiscount>1</AllowDiscount><ItemStatus>1</ItemStatus><ItemPrice>9.90</ItemPrice></item><item><PriceUpdateDate>2016-08-02 09:29:35</PriceUpdateDate><ItemCode>7290000074337</ItemCode><ItemType>1</ItemType><ItemName>לחמית ללא מלח וסוכר</ItemName><ManufacturerName>לא ממותג</ManufacturerName><ManufactureCountry>ישראל</ManufactureCountry><ManufacturerItemDescription>לחמית ללא מלח וסוכר</ManufacturerItemDescription><SoldByWeight/><Quantity>250.00</Quantity><UnitOfMeasure>גרם     </UnitOfMeasure><QtyInPackage>לא ידוע</QtyInPackage><UnitOfMeasurePrice>0.0472</UnitOfMeasurePrice><AllowDiscount>1</AllowDiscount><ItemStatus>1</ItemStatus><ItemPrice>11.80</ItemPrice></item><item><PriceUpdateDate>2016-05-31 06:15:38</PriceUpdateDate><ItemCode>7290000074375</ItemCode><ItemType>1</ItemType><ItemName>קרקר זהב 150 גרם</ItemName><ManufacturerName>קרקר אסם</ManufacturerName><ManufactureCountry>ישראל</ManufactureCountry><ManufacturerItemDescription>קרקר זהב 150 גרם</ManufacturerItemDescription><SoldByWeight/><Quantity>150.00</Quantity><UnitOfMeasure>גרם     </UnitOfMeasure><QtyInPackage>לא ידוע</QtyInPackage><UnitOfMeasurePrice>0.0487</UnitOfMeasurePrice><AllowDiscount>1</AllowDiscount><ItemStatus>1</ItemStatus><ItemPrice>7.30</ItemPrice></item><item><PriceUpdateDate>2016-08-02 09:29:35</PriceUpdateDate><ItemCode>7290000074481</ItemCode><ItemType>1</ItemType><ItemName>לחמית אגוזים 160 גרם</ItemName><ManufacturerName>לחמית</ManufacturerName><ManufactureCountry>ישראל</ManufactureCountry><ManufacturerItemDescription>לחמית אגוזים 160 גרם</ManufacturerItemDescription><SoldByWeight/><Quantity>160.00</Quantity><UnitOfMeasure>גרם     </UnitOfMeasure><QtyInPackage>לא ידוע</QtyInPackage><UnitOfMeasurePrice>0.0762</UnitOfMeasurePrice><AllowDiscount>1</AllowDiscount><ItemStatus>1</ItemStatus><ItemPrice>12.20</ItemPrice></item><item><PriceUpdateDate>2016-05-01 10:31:07</PriceUpdateDate><ItemCode>7290000074962</ItemCode><ItemType>1</ItemType><ItemName>עוגיות מיני שוקוצ'יפ</ItemName><ManufacturerName>לא ממותג</ManufacturerName><ManufactureCountry>ישראל</ManufactureCountry><ManufacturerItemDescription>עוגיות מיני שוקוצ'יפ</ManufacturerItemDescription><SoldByWeight/><Quantity>225.00</Quantity><UnitOfMeasure>גרם     </UnitOfMeasure><QtyInPackage>לא ידוע</QtyInPackage><UnitOfMeasurePrice>0.0560</UnitOfMeasurePrice><AllowDiscount>1</AllowDiscount><ItemStatus>1</ItemStatus><ItemPrice>12.60</ItemPrice></item><item><PriceUpdateDate>2016-05-01 10:31:08</PriceUpdateDate><ItemCode>7290000075143</ItemCode><ItemType>1</ItemType><ItemName>עוגיות שוקוצ'יפס קלא</ItemName><ManufacturerName>אסם</ManufacturerName><ManufactureCountry>ישראל</ManufactureCountry><ManufacturerItemDescription>עוגיות משהו וניל שוקוציפס</ManufacturerItemDescription><SoldByWeight/><Quantity>200.00</Quantity><UnitOfMeasure>גרם     </UnitOfMeasure><QtyInPackage>לא ידוע</QtyInPackage><UnitOfMeasurePrice>0.0645</UnitOfMeasurePrice><AllowDiscount>1</AllowDiscount><ItemStatus>1</ItemStatus><ItemPrice>12.90</ItemPrice></item><item><PriceUpdateDate>2016-08-02 09:29:35</PriceUpdateDate><ItemCode>7290000075204</ItemCode><ItemType>1</ItemType><ItemName>לחמית חיטה מלאה 250</ItemName><ManufacturerName>לחמית</ManufacturerName><ManufactureCountry>ישראל</ManufactureCountry><ManufacturerItemDescription>לחמית קרקר חיטה מלאה 250</ManufacturerItemDescription><SoldByWeight/><Quantity>250.00</Quantity><UnitOfMeasure>גרם     </UnitOfMeasure><QtyInPackage>לא ידוע</QtyInPackage><UnitOfMeasurePrice>0.0396</UnitOfMeasurePrice><AllowDiscount>1</AllowDiscount><ItemStatus>1</ItemStatus><ItemPrice>9.90</ItemPrice></item><item><PriceUpdateDate>2016-08-02 09:29:35</PriceUpdateDate><ItemCode>7290000076133</ItemCode><ItemType>1</ItemType><ItemName>מב בייגלה שמיניות קט</ItemName><ManufacturerName>בייגלה אסם</ManufacturerName><ManufactureCountry>ישראל</ManufactureCountry><ManufacturerItemDescription>ביגלה שמיניות קטנות 400 ג</ManufacturerItemDescription><SoldByWeight/><Quantity>400.00</Quantity><UnitOfMeasure>גרם     </UnitOfMeasure><QtyInPackage>לא ידוע</QtyInPackage><UnitOfMeasurePrice>0.0223</UnitOfMeasurePrice><AllowDiscount>1</AllowDiscount><ItemStatus>1</ItemStatus><ItemPrice>8.90</ItemPrice></item><item><PriceUpdateDate>2016-05-01 10:31:08</PriceUpdateDate><ItemCode>7290000076157</ItemCode><ItemType>1</ItemType><ItemName>נס קוויק אבקה להכנת</ItemName><ManufacturerName>נסקוויק</ManufacturerName><ManufactureCountry>ישראל</ManufactureCountry><ManufacturerItemDescription>אבקה להכנת משקה שוקולד נס</ManufacturerItemDescription><SoldByWeight/><Quantity>450.00</Quantity><UnitOfMeasure>גרם     </UnitOfMeasure><QtyInPackage>לא ידוע</QtyInPackage><UnitOfMeasurePrice>0.0393</UnitOfMeasurePrice><AllowDiscount>1</AllowDiscount><ItemStatus>1</ItemStatus><ItemPrice>17.70</ItemPrice></item><item><PriceUpdateDate>2016-08-02 09:29:35</PriceUpdateDate><ItemCode>7290000077253</ItemCode><ItemType>1</ItemType><ItemName>לחמית כפרית 190 גרם</ItemName><ManufacturerName>לחמית</ManufacturerName><ManufactureCountry>ישראל</ManufactureCountry><ManufacturerItemDescription>לחמית כפרית 190 גרם</ManufacturerItemDescription><SoldByWeight/><Quantity>190.00</Quantity><UnitOfMeasure>גרם     </UnitOfMeasure><QtyInPackage>לא ידוע</QtyInPackage><UnitOfMeasurePrice>0.0642</UnitOfMeasurePrice><AllowDiscount>1</AllowDiscount><ItemStatus>1</ItemStatus><ItemPrice>12.20</ItemPrice></item><item><PriceUpdateDate>2016-05-01 10:31:09</PriceUpdateDate><ItemCode>7290000078212</ItemCode><ItemType>1</ItemType><ItemName>קרוטונים מתובלים 250</ItemName><ManufacturerName>אסם</ManufacturerName><ManufactureCountry>ישראל</ManufactureCountry><ManufacturerItemDescription>קרוטונים מתובלים 250</ManufacturerItemDescription><SoldByWeight/><Quantity>250.00</Quantity><UnitOfMeasure>גרם     </UnitOfMeasure><QtyInPackage>לא ידוע</QtyInPackage><UnitOfMeasurePrice>0.0620</UnitOfMeasurePrice><AllowDiscount>1</AllowDiscount><ItemStatus>1</ItemStatus><ItemPrice>15.50</ItemPrice></item><item><PriceUpdateDate>2015-10-19 10:44:22</PriceUpdateDate><ItemCode>7290000078762</ItemCode><ItemType>1</ItemType><ItemName>חטיפי פריכונים בטעם</ItemName><ManufacturerName>פריכונים</ManufacturerName><ManufactureCountry>ישראל</ManufactureCountry><ManufacturerItemDescription>חטיפי פריכונים בטעם</ManufacturerItemDescription><SoldByWeight/><Quantity>14.00</Quantity><UnitOfMeasure>גרם     </UnitOfMeasure><QtyInPackage>לא ידוע</QtyInPackage><UnitOfMeasurePrice>0.6286</UnitOfMeasurePrice><AllowDiscount>1</AllowDiscount><ItemStatus>1</ItemStatus><ItemPrice>8.80</ItemPrice></item><item><PriceUpdateDate>2016-08-02 09:29:35</PriceUpdateDate><ItemCode>7290000079233</ItemCode><ItemType>1</ItemType><ItemName>קרם קרקר דל נתרן 250</ItemName><ManufacturerName>אסם</ManufacturerName><ManufactureCountry>ישראל</ManufactureCountry><ManufacturerItemDescription>קרם קרקר דל נתרן 250</ManufacturerItemDescription><SoldByWeight/><Quantity>250.00</Quantity><UnitOfMeasure>גרם     </UnitOfMeasure><QtyInPackage>לא ידוע</QtyInPackage><UnitOfMeasurePrice>0.0476</UnitOfMeasurePrice><AllowDiscount>1</AllowDiscount><ItemStatus>1</ItemStatus><ItemPrice>11.90</ItemPrice></item><item><PriceUpdateDate>2016-08-02 09:29:35</PriceUpdateDate><ItemCode>7290000080505</ItemCode><ItemType>1</ItemType><ItemName>סלט טורקי רפי כהן 40</ItemName><ManufacturerName>צבר</ManufacturerName><ManufactureCountry>ישראל</ManufactureCountry><ManufacturerItemDescription>סלט טורקי רפי 400 גרם</ManufacturerItemDescription><SoldByWeight/><Quantity>400.00</Quantity><UnitOfMeasure>גרם     </UnitOfMeasure><QtyInPackage>לא ידוע</QtyInPackage><UnitOfMeasurePrice>0.0413</UnitOfMeasurePrice><AllowDiscount>1</AllowDiscount><ItemStatus>1</ItemStatus><ItemPrice>16.50</ItemPrice></item><item><PriceUpdateDate>2016-08-02 09:29:35</PriceUpdateDate><ItemCode>7290000080512</ItemCode><ItemType>1</ItemType><ItemName>סלט תפוח אדמה רפי כה</ItemName><ManufacturerName>צבר</ManufacturerName><ManufactureCountry>ישראל</ManufactureCountry><ManufacturerItemDescription>סלט תפוא 400 גר</ManufacturerItemDescription><SoldByWeight/><Quantity>400.00</Quantity><UnitOfMeasure>גרם     </UnitOfMeasure><QtyInPackage>לא ידוע</QtyInPackage><UnitOfMeasurePrice>0.0413</UnitOfMeasurePrice><AllowDiscount>1</AllowDiscount><ItemStatus>1</ItemStatus><ItemPrice>16.50</ItemPrice></item><item><PriceUpdateDate>2016-08-02 09:29:35</PriceUpdateDate><ItemCode>7290000080529</ItemCode><ItemType>1</ItemType><ItemName>סלט קישוא עם בצל מטו</ItemName><ManufacturerName>צבר</ManufacturerName><ManufactureCountry>ישראל</ManufactureCountry><ManufacturerItemDescription>סלט קישוא עם בצל מטו</ManufacturerItemDescription><SoldByWeight/><Quantity>400.00</Quantity><UnitOfMeasure>גרם     </UnitOfMeasure><QtyInPackage>לא ידוע</QtyInPackage><UnitOfMeasurePrice>0.0413</UnitOfMeasurePrice><AllowDiscount>1</AllowDiscount><ItemStatus>1</ItemStatus><ItemPrice>16.50</ItemPrice></item><item><PriceUpdateDate>2016-08-02 09:29:35</PriceUpdateDate><ItemCode>7290000080536</ItemCode><ItemType>1</ItemType><ItemName>סלט חציל בטעם כבד רפ</ItemName><ManufacturerName>צבר</ManufacturerName><ManufactureCountry>ישראל</ManufactureCountry><ManufacturerItemDescription>סלט חציל בטעם כבד רפ</ManufacturerItemDescription><SoldByWeight/><Quantity>400.00</Quantity><UnitOfMeasure>גרם     </UnitOfMeasure><QtyInPackage>לא ידוע</QtyInPackage><UnitOfMeasurePrice>0.0413</UnitOfMeasurePrice><AllowDiscount>1</AllowDiscount><ItemStatus>1</ItemStatus><ItemPrice>16.50</ItemPrice></item><item><PriceUpdateDate>2016-05-01 10:31:09</PriceUpdateDate><ItemCode>7290000080765</ItemCode><ItemType>1</ItemType><ItemName>טוסטעים פת שומשום 10</ItemName><ManufacturerName>אסם</ManufacturerName><ManufactureCountry>ישראל</ManufactureCountry><ManufacturerItemDescription>טוסטעים +שומשו  שומשו100</ManufacturerItemDescription><SoldByWeight/><Quantity>100.00</Quantity><UnitOfMeasure>גרם     </UnitOfMeasure><QtyInPackage>לא ידוע</QtyInPackage><UnitOfMeasurePrice>0.1190</UnitOfMeasurePrice><AllowDiscount>1</AllowDiscount><ItemStatus>1</ItemStatus><ItemPrice>11.90</ItemPrice></item><item><PriceUpdateDate>2015-10-11 06:43:42</PriceUpdateDate><ItemCode>7290000081168</ItemCode><ItemType>1</ItemType><ItemName>חטיף צ'יפסי טבעי 50</ItemName><ManufacturerName>ציפסי</ManufacturerName><ManufactureCountry>ישראל</ManufactureCountry><ManufacturerItemDescription>חטיף ציפסי 50 גרם</ManufacturerItemDescription><SoldByWeight/><Quantity>50.00</Quantity><UnitOfMeasure>גרם     </UnitOfMeasure><QtyInPackage>לא ידוע</QtyInPackage><UnitOfMeasurePrice>0.0760</UnitOfMeasurePrice><AllowDiscount>1</AllowDiscount><ItemStatus>1</ItemStatus><ItemPrice>3.80</ItemPrice></item><item><PriceUpdateDate>2016-06-28 07:03:22</PriceUpdateDate><ItemCode>7290000081311</ItemCode><ItemType>1</ItemType><ItemName>ג'ויה גלידת וניל משו</ItemName><ManufacturerName>ג'ויה</ManufacturerName><ManufactureCountry>ישראל</ManufactureCountry><ManufacturerItemDescription>גלידה וניל משובח 500 מל</ManufacturerItemDescription><SoldByWeight/><Quantity>500.00</Quantity><UnitOfMeasure>מ"ל</UnitOfMeasure><QtyInPackage>לא ידוע</QtyInPackage><UnitOfMeasurePrice>0.0478</UnitOfMeasurePrice><AllowDiscount>1</AllowDiscount><ItemStatus>1</ItemStatus><ItemPrice>23.90</ItemPrice></item><item><PriceUpdateDate>2015-10-19 10:44:22</PriceUpdateDate><ItemCode>7290000103389</ItemCode><ItemType>1</ItemType><ItemName>שעועית ירוקה חתוכה 6</ItemName><ManufacturerName>סנפרוסט</ManufacturerName><ManufactureCountry>לא ידוע</ManufactureCountry><ManufacturerItemDescription>שעועית ירוקה חתוכה 6</ManufacturerItemDescription><SoldByWeight/><Quantity>600.00</Quantity><UnitOfMeasure>גרם     </UnitOfMeasure><QtyInPackage>לא ידוע</QtyInPackage><UnitOfMeasurePrice>0.0203</UnitOfMeasurePrice><AllowDiscount>1</AllowDiscount><ItemStatus>1</ItemStatus><ItemPrice>12.20</ItemPrice></item><item><PriceUpdateDate>2016-08-02 09:29:35</PriceUpdateDate><ItemCode>7290000103808</ItemCode><ItemType>1</ItemType><ItemName>מב לקט להקפצה בסגנון</ItemName><ManufacturerName>.N.Y.C</ManufacturerName><ManufactureCountry>ישראל</ManufactureCountry><ManufacturerItemDescription>לקט להקפצה סיני 800 גר</ManufacturerItemDescription><SoldByWeight/><Quantity>800.00</Quantity><UnitOfMeasure>גרם     </UnitOfMeasure><QtyInPackage>לא ידוע</QtyInPackage><UnitOfMeasurePrice>0.0211</UnitOfMeasurePrice><AllowDiscount>1</AllowDiscount><ItemStatus>1</ItemStatus><ItemPrice>16.90</ItemPrice></item><item><PriceUpdateDate>2016-05-01 10:31:10</PriceUpdateDate><ItemCode>7290000103860</ItemCode><ItemType>1</ItemType><ItemName>מרק עדשים סנפרוסט</ItemName><ManufacturerName>סנפרוסט</ManufacturerName><ManufactureCountry>ישראל</ManufactureCountry><ManufacturerItemDescription>מרק עדשים קפוא 572 גר</ManufacturerItemDescription><SoldByWeight/><Quantity>572.00</Quantity><UnitOfMeasure>גרם     </UnitOfMeasure><QtyInPackage>לא ידוע</QtyInPackage><UnitOfMeasurePrice>0.0348</UnitOfMeasurePrice><AllowDiscount>1</AllowDiscount><ItemStatus>1</ItemStatus><ItemPrice>19.90</ItemPrice></item><item><PriceUpdateDate>2016-05-31 06:15:38</PriceUpdateDate><ItemCode>7290000104201</ItemCode><ItemType>1</ItemType><ItemName>אפונה עדינה 600 גרם</ItemName><ManufacturerName>סנפרוסט</ManufacturerName><ManufactureCountry>ישראל</ManufactureCountry><ManufacturerItemDescription>אפונה עדינה 600 גר</ManufacturerItemDescription><SoldByWeight/><Quantity>600.00</Quantity><UnitOfMeasure>גרם     </UnitOfMeasure><QtyInPackage>לא ידוע</QtyInPackage><UnitOfMeasurePrice>0.0298</UnitOfMeasurePrice><AllowDiscount>1</AllowDiscount><ItemStatus>1</ItemStatus><ItemPrice>17.90</ItemPrice></item><item><PriceUpdateDate>2016-08-07 20:04:27</PriceUpdateDate><ItemCode>7290000104218</ItemCode><ItemType>1</ItemType><ItemName>במיה סנפרוסט</ItemName><ManufacturerName>סנפרוסט</ManufacturerName><ManufactureCountry>ישראל</ManufactureCountry><ManufacturerItemDescription>במיה 600 גר</ManufacturerItemDescription><SoldByWeight/><Quantity>600.00</Quantity><UnitOfMeasure>גרם     </UnitOfMeasure><QtyInPackage>לא ידוע</QtyInPackage><UnitOfMeasurePrice>0.0332</UnitOfMeasurePrice><AllowDiscount>1</AllowDiscount><ItemStatus>1</ItemStatus><ItemPrice>19.90</ItemPrice></item><item><PriceUpdateDate>2016-05-31 06:15:38</PriceUpdateDate><ItemCode>7290000104676</ItemCode><ItemType>1</ItemType><ItemName>אפונת גינה סנפרוסט 8</ItemName><ManufacturerName>סנפרוסט</ManufacturerName><ManufactureCountry>ישראל</ManufactureCountry><ManufacturerItemDescription>אפונת גינה 800 גר</ManufacturerItemDescription><SoldByWeight/><Quantity>800.00</Quantity><UnitOfMeasure>גרם     </UnitOfMeasure><QtyInPackage>לא ידוע</QtyInPackage><UnitOfMeasurePrice>0.0199</UnitOfMeasurePrice><AllowDiscount>1</AllowDiscount><ItemStatus>1</ItemStatus><ItemPrice>15.90</ItemPrice></item><item><PriceUpdateDate>2016-08-02 09:29:35</PriceUpdateDate><ItemCode>7290000104683</ItemCode><ItemType>1</ItemType><ItemName>מב שעועית שלמה סנפרו</ItemName><ManufacturerName>סנפרוסט</ManufacturerName><ManufactureCountry>ישראל</ManufactureCountry><ManufacturerItemDescription>שעועית ירוקה שלמה 800 גר</ManufacturerItemDescription><SoldByWeight/><Quantity>800.00</Quantity><UnitOfMeasure>גרם     </UnitOfMeasure><QtyInPackage>לא ידוע</QtyInPackage><UnitOfMeasurePrice>0.0186</UnitOfMeasurePrice><AllowDiscount>1</AllowDiscount><ItemStatus>1</ItemStatus><ItemPrice>14.90</ItemPrice></item><item><PriceUpdateDate>2016-08-02 09:29:36</PriceUpdateDate><ItemCode>7290000104706</ItemCode><ItemType>1</ItemType><ItemName>מב גזר גמדי סנפרוסט</ItemName><ManufacturerName>סנפרוסט</ManufacturerName><ManufactureCountry>ישראל</ManufactureCountry><ManufacturerItemDescription>גזר גמדי 800 גר</ManufacturerItemDescription><SoldByWeight/><Quantity>800.00</Quantity><UnitOfMeasure>גרם     </UnitOfMeasure><QtyInPackage>לא ידוע</QtyInPackage><UnitOfMeasurePrice>0.0186</UnitOfMeasurePrice><AllowDiscount>1</AllowDiscount><ItemStatus>1</ItemStatus><ItemPrice>14.90</ItemPrice></item><item><PriceUpdateDate>2016-05-01 06:10:38</PriceUpdateDate><ItemCode>7290000104713</ItemCode><ItemType>1</ItemType><ItemName>פול ירוק 800 גרם</ItemName><ManufacturerName>סנפרוסט</ManufacturerName><ManufactureCountry>ישראל</ManufactureCountry><ManufacturerItemDescription>פול ירוק 800 גר</ManufacturerItemDescription><SoldByWeight/><Quantity>800.00</Quantity><UnitOfMeasure>גרם     </UnitOfMeasure><QtyInPackage>לא ידוע</QtyInPackage><UnitOfMeasurePrice>0.0349</UnitOfMeasurePrice><AllowDiscount>1</AllowDiscount><ItemStatus>1</ItemStatus><ItemPrice>27.90</ItemPrice></item><item><PriceUpdateDate>2016-08-07 20:04:27</PriceUpdateDate><ItemCode>7290000104720</ItemCode><ItemType>1</ItemType><ItemName>שעועית ירוקה חתוכה 8</ItemName><ManufacturerName>סנפרוסט</ManufacturerName><ManufactureCountry>ישראל</ManufactureCountry><ManufacturerItemDescription>שעועית ירוקה חתוכה 800 גר</ManufacturerItemDescription><SoldByWeight/><Quantity>800.00</Quantity><UnitOfMeasure>גרם     </UnitOfMeasure><QtyInPackage>לא ידוע</QtyInPackage><UnitOfMeasurePrice>0.0211</UnitOfMeasurePrice><AllowDiscount>1</AllowDiscount><ItemStatus>1</ItemStatus><ItemPrice>16.90</ItemPrice></item><item><PriceUpdateDate>2016-08-02 09:29:36</PriceUpdateDate><ItemCode>7290000104737</ItemCode><ItemType>1</ItemType><ItemName>מב שעועית צהובה חתוך</ItemName><ManufacturerName>סנפרוסט</ManufacturerName><ManufactureCountry>ישראל</ManufactureCountry><ManufacturerItemDescription>מב שעועית צהובה חתוך</ManufacturerItemDescription><SoldByWeight/><Quantity>800.00</Quantity><UnitOfMeasure>גרם     </UnitOfMeasure><QtyInPackage>לא ידוע</QtyInPackage><UnitOfMeasurePrice>0.0186</UnitOfMeasurePrice><AllowDiscount>1</AllowDiscount><ItemStatus>1</ItemStatus><ItemPrice>14.90</ItemPrice></item><item><PriceUpdateDate>2016-05-01 06:10:39</PriceUpdateDate><ItemCode>7290000104744</ItemCode><ItemType>1</ItemType><ItemName>כרובית 800 גרם</ItemName><ManufacturerName>סנפרוסט</ManufacturerName><ManufactureCountry>ישראל</ManufactureCountry><ManufacturerItemDescription>כרובית 800-גר</ManufacturerItemDescription><SoldByWeight/><Quantity>800.00</Quantity><UnitOfMeasure>גרם     </UnitOfMeasure><QtyInPackage>לא ידוע</QtyInPackage><UnitOfMeasurePrice>0.0311</UnitOfMeasurePrice><AllowDiscount>1</AllowDiscount><ItemStatus>1</ItemStatus><ItemPrice>24.90</ItemPrice></item><item><PriceUpdateDate>2016-06-28 07:03:22</PriceUpdateDate><ItemCode>7290000104751</ItemCode><ItemType>1</ItemType><ItemName>כרוב ניצנים 800 גרם</ItemName><ManufacturerName>סנפרוסט</ManufacturerName><ManufactureCountry>ישראל</ManufactureCountry><ManufacturerItemDescription>כרוב ניצנים 800 גרם</ManufacturerItemDescription><SoldByWeight/><Quantity>800.00</Quantity><UnitOfMeasure>גרם     </UnitOfMeasure><QtyInPackage>לא ידוע</QtyInPackage><UnitOfMeasurePrice>0.0367</UnitOfMeasurePrice><AllowDiscount>1</AllowDiscount><ItemStatus>1</ItemStatus><ItemPrice>29.40</ItemPrice></item><item><PriceUpdateDate>2016-08-02 09:29:36</PriceUpdateDate><ItemCode>7290000104775</ItemCode><ItemType>1</ItemType><ItemName>מב תרד מדליונים 800</ItemName><ManufacturerName>סנפרוסט</ManufacturerName><ManufactureCountry>ישראל</ManufactureCountry><ManufacturerItemDescription>ת.מדליונים 800-גר</ManufacturerItemDescription><SoldByWeight/><Quantity>800.00</Quantity><UnitOfMeasure>גרם     </UnitOfMeasure><QtyInPackage>לא ידוע</QtyInPackage><UnitOfMeasurePrice>0.0225</UnitOfMeasurePrice><AllowDiscount>1</AllowDiscount><ItemStatus>1</ItemStatus><ItemPrice>18.00</ItemPrice></item><item><PriceUpdateDate>2016-08-07 20:04:27</PriceUpdateDate><ItemCode>7290000104874</ItemCode><ItemType>1</ItemType><ItemName>לקט לקוסקוס 800 גרם</ItemName><ManufacturerName>סנפרוסט</ManufacturerName><ManufactureCountry>ישראל</ManufactureCountry><ManufacturerItemDescription>לקט לקוסקוס</ManufacturerItemDescription><SoldByWeight/><Quantity>800.00</Quantity><UnitOfMeasure>גרם     </UnitOfMeasure><QtyInPackage>לא ידוע</QtyInPackage><UnitOfMeasurePrice>0.0324</UnitOfMeasurePrice><AllowDiscount>1</AllowDiscount><ItemStatus>1</ItemStatus><ItemPrice>25.90</ItemPrice></item><item><PriceUpdateDate>2016-05-31 06:15:39</PriceUpdateDate><ItemCode>7290000104881</ItemCode><ItemType>1</ItemType><ItemName>אפונה וגזר 800 גרם</ItemName><ManufacturerName>סנפרוסט</ManufacturerName><ManufactureCountry>ישראל</ManufactureCountry><ManufacturerItemDescription>אפונה וגזר800 גר</ManufacturerItemDescription><SoldByWeight/><Quantity>800.00</Quantity><UnitOfMeasure>גרם     </UnitOfMeasure><QtyInPackage>לא ידוע</QtyInPackage><UnitOfMeasurePrice>0.0238</UnitOfMeasurePrice><AllowDiscount>1</AllowDiscount><ItemStatus>1</ItemStatus><ItemPrice>19.00</ItemPrice></item><item><PriceUpdateDate>2016-08-07 20:04:27</PriceUpdateDate><ItemCode>7290000104904</ItemCode><ItemType>1</ItemType><ItemName>לקט ירקות מעורבים 80</ItemName><ManufacturerName>סנפרוסט</ManufacturerName><ManufactureCountry>ישראל</ManufactureCountry><ManufacturerItemDescription>לקט ירקות מעורבים 80</ManufacturerItemDescription><SoldByWeight/><Quantity>800.00</Quantity><UnitOfMeasure>גרם     </UnitOfMeasure><QtyInPackage>לא ידוע</QtyInPackage><UnitOfMeasurePrice>0.0324</UnitOfMeasurePrice><AllowDiscount>1</AllowDiscount><ItemStatus>1</ItemStatus><ItemPrice>25.90</ItemPrice></item><item><PriceUpdateDate>2016-08-02 09:29:36</PriceUpdateDate><ItemCode>7290000107165</ItemCode><ItemType>1</ItemType><ItemName>מב חטיף סויה אדממה 4</ItemName><ManufacturerName>סנפרוסט</ManufacturerName><ManufactureCountry>ישראל</ManufactureCountry><ManufacturerItemDescription>חטיף פולי סויה אדממה 400</ManufacturerItemDescription><SoldByWeight/><Quantity>400.00</Quantity><UnitOfMeasure>גרם     </UnitOfMeasure><QtyInPackage>לא ידוע</QtyInPackage><UnitOfMeasurePrice>0.0248</UnitOfMeasurePrice><AllowDiscount>1</AllowDiscount><ItemStatus>1</ItemStatus><ItemPrice>9.90</ItemPrice></item><item><PriceUpdateDate>2016-08-07 20:04:27</PriceUpdateDate><ItemCode>7290000107189</ItemCode><ItemType>1</ItemType><ItemName>תחתיות ארטישוק 400 ג</ItemName><ManufacturerName>סנפרוסט</ManufacturerName><ManufactureCountry>ישראל</ManufactureCountry><ManufacturerItemDescription>תחתיות ארטישוק 400 גר</ManufacturerItemDescription><SoldByWeight/><Quantity>400.00</Quantity><UnitOfMeasure>גרם     </UnitOfMeasure><QtyInPackage>לא ידוע</QtyInPackage><UnitOfMeasurePrice>0.0622</UnitOfMeasurePrice><AllowDiscount>1</AllowDiscount><ItemStatus>1</ItemStatus><ItemPrice>24.90</ItemPrice></item><item><PriceUpdateDate>2016-05-01 06:10:40</PriceUpdateDate><ItemCode>7290000107295</ItemCode><ItemType>1</ItemType><ItemName>תפרחת ברוקולי סנפרוס</ItemName><ManufacturerName>סנפרוסט</ManufacturerName><ManufactureCountry>ישראל</ManufactureCountry><ManufacturerItemDescription>תפרחות ברוקולי 800 גר</ManufacturerItemDescription><SoldByWeight/><Quantity>800.00</Quantity><UnitOfMeasure>גרם     </UnitOfMeasure><QtyInPackage>לא ידוע</QtyInPackage><UnitOfMeasurePrice>0.0355</UnitOfMeasurePrice><AllowDiscount>1</AllowDiscount><ItemStatus>1</ItemStatus><ItemPrice>28.40</ItemPrice></item><item><PriceUpdateDate>2016-05-31 06:15:39</PriceUpdateDate><ItemCode>7290000110059</ItemCode><ItemType>1</ItemType><ItemName>מרגרינה בלו בנד בלי</ItemName><ManufacturerName>בלובנד</ManufacturerName><ManufactureCountry>ישראל</ManufactureCountry><ManufacturerItemDescription>מרגרינה בלו בנד בלי</ManufacturerItemDescription><SoldByWeight/><Quantity>200.00</Quantity><UnitOfMeasure>מ"ל</UnitOfMeasure><QtyInPackage>לא ידוע</QtyInPackage><UnitOfMeasurePrice>0.0235</UnitOfMeasurePrice><AllowDiscount>1</AllowDiscount><ItemStatus>1</ItemStatus><ItemPrice>4.70</ItemPrice></item><item><PriceUpdateDate>2015-10-11 06:43:42</PriceUpdateDate><ItemCode>7290000110073</ItemCode><ItemType>1</ItemType><ItemName>מרגרינה בטעם חמאה 20</ItemName><ManufacturerName>בלובנד</ManufacturerName><ManufactureCountry>ישראל</ManufactureCountry><ManufacturerItemDescription>מרגרינה בטעם חמאה 20</ManufacturerItemDescription><SoldByWeight/><Quantity>200.00</Quantity><UnitOfMeasure>מ"ל</UnitOfMeasure><QtyInPackage>לא ידוע</QtyInPackage><UnitOfMeasurePrice>0.0270</UnitOfMeasurePrice><AllowDiscount>1</AllowDiscount><ItemStatus>1</ItemStatus><ItemPrice>5.40</ItemPrice></item><item><PriceUpdateDate>2016-05-01 10:31:10</PriceUpdateDate><ItemCode>7290000111063</ItemCode><ItemType>1</ItemType><ItemName>מיונז 250 גרם</ItemName><ManufacturerName>תלמה</ManufacturerName><ManufactureCountry>ישראל</ManufactureCountry><ManufacturerItemDescription>מיונז 250 גרם</ManufacturerItemDescription><SoldByWeight/><Quantity>250.00</Quantity><UnitOfMeasure>גרם     </UnitOfMeasure><QtyInPackage>לא ידוע</QtyInPackage><UnitOfMeasurePrice>0.0308</UnitOfMeasurePrice><AllowDiscount>1</AllowDiscount><ItemStatus>1</ItemStatus><ItemPrice>7.70</ItemPrice></item><item><PriceUpdateDate>2016-05-31 06:15:39</PriceUpdateDate><ItemCode>7290000111117</ItemCode><ItemType>1</ItemType><ItemName>מרכך כביסה בדין לבן</ItemName><ManufacturerName>בדין</ManufacturerName><ManufactureCountry>ישראל</ManufactureCountry><ManufacturerItemDescription>מרכך כביסה בדין לבן</ManufacturerItemDescription><SoldByWeight/><Quantity>4000.00</Quantity><UnitOfMeasure>מ"ל</UnitOfMeasure><QtyInPackage>לא ידוע</QtyInPackage><UnitOfMeasurePrice>0.0050</UnitOfMeasurePrice><AllowDiscount>1</AllowDiscount><ItemStatus>1</ItemStatus><ItemPrice>19.90</ItemPrice></item><item><PriceUpdateDate>2016-05-31 06:15:39</PriceUpdateDate><ItemCode>7290000111186</ItemCode><ItemType>1</ItemType><ItemName>מיונז אמיתי תלמה 500</ItemName><ManufacturerName>תלמה</ManufacturerName><ManufactureCountry>ישראל</ManufactureCountry><ManufacturerItemDescription>מיונז אמיתי תלמה 500</ManufacturerItemDescription><SoldByWeight/><Quantity>500.00</Quantity><UnitOfMeasure>גרם     </UnitOfMeasure><QtyInPackage>לא ידוע</QtyInPackage><UnitOfMeasurePrice>0.0190</UnitOfMeasurePrice><AllowDiscount>1</AllowDiscount><ItemStatus>1</ItemStatus><ItemPrice>9.50</ItemPrice></item><item><PriceUpdateDate>2015-11-10 07:31:40</PriceUpdateDate><ItemCode>7290000111360</ItemCode><ItemType>1</ItemType><ItemName>חרדל אמיתי 250 גרם</ItemName><ManufacturerName>תלמה</ManufacturerName><ManufactureCountry>ישראל</ManufactureCountry><ManufacturerItemDescription>חרדל אמיתי 250 גרם</ManufacturerItemDescription><SoldByWeight/><Quantity>250.00</Quantity><UnitOfMeasure>גרם     </UnitOfMeasure><QtyInPackage>לא ידוע</QtyInPackage><UnitOfMeasurePrice>0.0348</UnitOfMeasurePrice><AllowDiscount>1</AllowDiscount><ItemStatus>1</ItemStatus><ItemPrice>8.70</ItemPrice></item><item><PriceUpdateDate>2016-05-01 10:31:11</PriceUpdateDate><ItemCode>7290000111384</ItemCode><ItemType>1</ItemType><ItemName>חרדל אמיתי תלמה 550</ItemName><ManufacturerName>תלמה</ManufacturerName><ManufactureCountry>ישראל</ManufactureCountry><ManufacturerItemDescription>חרדל אמיתי תלמה 550</ManufacturerItemDescription><SoldByWeight/><Quantity>550.00</Quantity><UnitOfMeasure>גרם     </UnitOfMeasure><QtyInPackage>לא ידוע</QtyInPackage><UnitOfMeasurePrice>0.0233</UnitOfMeasurePrice><AllowDiscount>1</AllowDiscount><ItemStatus>1</ItemStatus><ItemPrice>12.80</ItemPrice></item><item><PriceUpdateDate>2016-05-31 06:15:39</PriceUpdateDate><ItemCode>7290000112220</ItemCode><ItemType>1</ItemType><ItemName>טחינה בארכה 500 גרם</ItemName><ManufacturerName>בארכה</ManufacturerName><ManufactureCountry>ישראל</ManufactureCountry><ManufacturerItemDescription>טחינה קלאסית 500 גרם</ManufacturerItemDescription><SoldByWeight/><Quantity>500.00</Quantity><UnitOfMeasure>גרם     </UnitOfMeasure><QtyInPackage>לא ידוע</QtyInPackage><UnitOfMeasurePrice>0.0258</UnitOfMeasurePrice><AllowDiscount>1</AllowDiscount><ItemStatus>1</ItemStatus><ItemPrice>12.90</ItemPrice></item><item><PriceUpdateDate>2016-05-01 10:31:11</PriceUpdateDate><ItemCode>7290000112510</ItemCode><ItemType>1</ItemType><ItemName>מרק קנור פטריות עשיר</ItemName><ManufacturerName>קנור</ManufacturerName><ManufactureCountry>ישראל</ManufactureCountry><ManufacturerItemDescription>מרקנור עשיר פטריות</ManufacturerItemDescription><SoldByWeight/><Quantity>68.00</Quantity><UnitOfMeasure>גרם     </UnitOfMeasure><QtyInPackage>לא ידוע</QtyInPackage><UnitOfMeasurePrice>0.1706</UnitOfMeasurePrice><AllowDiscount>1</AllowDiscount><ItemStatus>1</ItemStatus><ItemPrice>11.60</ItemPrice></item><item><PriceUpdateDate>2016-05-31 06:15:39</PriceUpdateDate><ItemCode>7290000112619</ItemCode><ItemType>1</ItemType><ItemName>קנור מרק עוף 400 גרם</ItemName><ManufacturerName>קנור</ManufacturerName><ManufactureCountry>ישראל</ManufactureCountry><ManufacturerItemDescription>מרק עוף אמיתי 400 גרם קופ</ManufacturerItemDescription><SoldByWeight/><Quantity>400.00</Quantity><UnitOfMeasure>גרם     </UnitOfMeasure><QtyInPackage>לא ידוע</QtyInPackage><UnitOfMeasurePrice>0.0472</UnitOfMeasurePrice><AllowDiscount>1</AllowDiscount><ItemStatus>1</ItemStatus><ItemPrice>18.90</ItemPrice></item><item><PriceUpdateDate>2016-05-01 10:31:12</PriceUpdateDate><ItemCode>7290000114897</ItemCode><ItemType>1</ItemType><ItemName>קורנפלקס כספי תלמה 7</ItemName><ManufacturerName>לא ממותג</ManufacturerName><ManufactureCountry>ישראל</ManufactureCountry><ManufacturerItemDescription>קורנפלקס של אלופים 750 גר</ManufacturerItemDescription><SoldByWeight/><Quantity>750.00</Quantity><UnitOfMeasure>גרם     </UnitOfMeasure><QtyInPackage>לא ידוע</QtyInPackage><UnitOfMeasurePrice>0.0199</UnitOfMeasurePrice><AllowDiscount>0</AllowDiscount><ItemStatus>1</ItemStatus><ItemPrice>14.90</ItemPrice></item><item><PriceUpdateDate>2016-06-28 07:03:23</PriceUpdateDate><ItemCode>7290000116945</ItemCode><ItemType>1</ItemType><ItemName>רוטב סויה קנור 300 ג</ItemName><ManufacturerName>קנור</ManufacturerName><ManufactureCountry>ישראל</ManufactureCountry><ManufacturerItemDescription>רוטב סויה קנור 300 ג</ManufacturerItemDescription><SoldByWeight/><Quantity>300.00</Quantity><UnitOfMeasure>גרם     </UnitOfMeasure><QtyInPackage>לא ידוע</QtyInPackage><UnitOfMeasurePrice>0.0463</UnitOfMeasurePrice><AllowDiscount>1</AllowDiscount><ItemStatus>1</ItemStatus><ItemPrice>13.90</ItemPrice></item><item><PriceUpdateDate>2016-08-07 20:02:45</PriceUpdateDate><ItemCode>7290000117393</ItemCode><ItemType>1</ItemType><ItemName>חטיף דגנים שוגי שוקו</ItemName><ManufacturerName>שוגי</ManufacturerName><ManufactureCountry>ישראל</ManufactureCountry><ManufacturerItemDescription>חטיף דגנים שוקו שוגי208 1</ManufacturerItemDescription><SoldByWeight/><Quantity>208.00</Quantity><UnitOfMeasure>גרם     </UnitOfMeasure><QtyInPackage>לא ידוע</QtyInPackage><UnitOfMeasurePrice>0.1101</UnitOfMeasurePrice><AllowDiscount>1</AllowDiscount><ItemStatus>1</ItemStatus><ItemPrice>22.90</ItemPrice></item><item><PriceUpdateDate>2016-05-01 10:31:13</PriceUpdateDate><ItemCode>7290000120836</ItemCode><ItemType>1</ItemType><ItemName>מיונז הלמנס 394 גרם</ItemName><ManufacturerName>הלמנס</ManufacturerName><ManufactureCountry>ארצות הברית</ManufactureCountry><ManufacturerItemDescription>שוקולד מריר 60% קטה3*100</ManufacturerItemDescription><SoldByWeight/><Quantity>394.00</Quantity><UnitOfMeasure>גרם     </UnitOfMeasure><QtyInPackage>לא ידוע</QtyInPackage><UnitOfMeasurePrice>0.0378</UnitOfMeasurePrice><AllowDiscount>1</AllowDiscount><ItemStatus>1</ItemStatus><ItemPrice>14.90</ItemPrice></item><item><PriceUpdateDate>2016-05-01 10:31:13</PriceUpdateDate><ItemCode>7290000120874</ItemCode><ItemType>1</ItemType><ItemName>מיונז הלמנס 424 גרם</ItemName><ManufacturerName>הלמנס</ManufacturerName><ManufactureCountry>ארצות הברית</ManufactureCountry><ManufacturerItemDescription>מחצלת לגלגול סושי 1 יחיד</ManufacturerItemDescription><SoldByWeight/><Quantity>424.00</Quantity><UnitOfMeasure>גרם     </UnitOfMeasure><QtyInPackage>לא ידוע</QtyInPackage><UnitOfMeasurePrice>0.0351</UnitOfMeasurePrice><AllowDiscount>1</AllowDiscount><ItemStatus>1</ItemStatus><ItemPrice>14.90</ItemPrice></item><item><PriceUpdateDate>2016-08-02 09:29:36</PriceUpdateDate><ItemCode>7290000121369</ItemCode><ItemType>1</ItemType><ItemName>קונפיטורה 778 תות שד</ItemName><ManufacturerName>778</ManufacturerName><ManufactureCountry>ישראל</ManufactureCountry><ManufacturerItemDescription>קונפיטורה 778 תות שד</ManufacturerItemDescription><SoldByWeight/><Quantity>285.00</Quantity><UnitOfMeasure>גרם     </UnitOfMeasure><QtyInPackage>לא ידוע</QtyInPackage><UnitOfMeasurePrice>0.0568</UnitOfMeasurePrice><AllowDiscount>1</AllowDiscount><ItemStatus>1</ItemStatus><ItemPrice>16.20</ItemPrice></item><item><PriceUpdateDate>2016-08-02 09:29:36</PriceUpdateDate><ItemCode>7290000121383</ItemCode><ItemType>1</ItemType><ItemName>קונפיטורה 778 משמש ל</ItemName><ManufacturerName>778</ManufacturerName><ManufactureCountry>ישראל</ManufactureCountry><ManufacturerItemDescription>קונפיטורה 778 משמש ל</ManufacturerItemDescription><SoldByWeight/><Quantity>285.00</Quantity><UnitOfMeasure>גרם     </UnitOfMeasure><QtyInPackage>לא ידוע</QtyInPackage><UnitOfMeasurePrice>0.0568</UnitOfMeasurePrice><AllowDiscount>1</AllowDiscount><ItemStatus>1</ItemStatus><ItemPrice>16.20</ItemPrice></item><item><PriceUpdateDate>2015-10-19 10:44:22</PriceUpdateDate><ItemCode>7290000123158</ItemCode><ItemType>1</ItemType><ItemName>מרגרינה מזולה 250גרם</ItemName><ManufacturerName>מזולה</ManufacturerName><ManufactureCountry>ישראל</ManufactureCountry><ManufacturerItemDescription>מרגרינה מזולה 250גרם</ManufacturerItemDescription><SoldByWeight/><Quantity>250.00</Quantity><UnitOfMeasure>גרם     </UnitOfMeasure><QtyInPackage>לא ידוע</QtyInPackage><UnitOfMeasurePrice>0.0448</UnitOfMeasurePrice><AllowDiscount>1</AllowDiscount><ItemStatus>1</ItemStatus><ItemPrice>11.20</ItemPrice></item><item><PriceUpdateDate>2015-11-10 07:31:41</PriceUpdateDate><ItemCode>7290000123257</ItemCode><ItemType>1</ItemType><ItemName>מרגרינה מזולה עם שמן</ItemName><ManufacturerName>מזולה</ManufacturerName><ManufactureCountry>ישראל</ManufactureCountry><ManufacturerItemDescription>מרגרינה מזולה עם שמן</ManufacturerItemDescription><SoldByWeight/><Quantity>250.00</Quantity><UnitOfMeasure>מ"ל</UnitOfMeasure><QtyInPackage>לא ידוע</QtyInPackage><UnitOfMeasurePrice>0.0448</UnitOfMeasurePrice><AllowDiscount>1</AllowDiscount><ItemStatus>1</ItemStatus><ItemPrice>11.20</ItemPrice></item><item><PriceUpdateDate>2016-01-05 06:58:21</PriceUpdateDate><ItemCode>7290000124841</ItemCode><ItemType>1</ItemType><ItemName>מאגדת שלישיה חלב ורד</ItemName><ManufacturerName>ורד הגליל</ManufacturerName><ManufactureCountry>ישראל</ManufactureCountry><ManufacturerItemDescription>מאגדת שלישיה חלב ורד</ManufacturerItemDescription><SoldByWeight/><Quantity>300.00</Quantity><UnitOfMeasure>גרם     </UnitOfMeasure><QtyInPackage>לא ידוע</QtyInPackage><UnitOfMeasurePrice>0.0577</UnitOfMeasurePrice><AllowDiscount>1</AllowDiscount><ItemStatus>1</ItemStatus><ItemPrice>17.30</ItemPrice></item><item><PriceUpdateDate>2016-08-02 09:29:36</PriceUpdateDate><ItemCode>7290000127194</ItemCode><ItemType>1</ItemType><ItemName>קונפיטור 778 משמש 33</ItemName><ManufacturerName>778</ManufacturerName><ManufactureCountry>ישראל</ManufactureCountry><ManufacturerItemDescription>קונפיטור 778 משמש 33</ManufacturerItemDescription><SoldByWeight/><Quantity>330.00</Quantity><UnitOfMeasure>גרם     </UnitOfMeasure><QtyInPackage>לא ידוע</QtyInPackage><UnitOfMeasurePrice>0.0491</UnitOfMeasurePrice><AllowDiscount>1</AllowDiscount><ItemStatus>1</ItemStatus><ItemPrice>16.20</ItemPrice></item><item><PriceUpdateDate>2016-08-02 09:29:36</PriceUpdateDate><ItemCode>7290000127224</ItemCode><ItemType>1</ItemType><ItemName>קונפיטור 778 תות שדה</ItemName><ManufacturerName>778</ManufacturerName><ManufactureCountry>ישראל</ManufactureCountry><ManufacturerItemDescription>קונפיטור 778 תות שדה</ManufacturerItemDescription><SoldByWeight/><Quantity>330.00</Quantity><UnitOfMeasure>גרם     </UnitOfMeasure><QtyInPackage>לא ידוע</QtyInPackage><UnitOfMeasurePrice>0.0491</UnitOfMeasurePrice><AllowDiscount>1</AllowDiscount><ItemStatus>1</ItemStatus><ItemPrice>16.20</ItemPrice></item><item><PriceUpdateDate>2016-08-02 09:29:36</PriceUpdateDate><ItemCode>7290000127705</ItemCode><ItemType>1</ItemType><ItemName>מב מאגדת שישיה מריר</ItemName><ManufacturerName>ורד הגליל</ManufacturerName><ManufactureCountry>ישראל</ManufactureCountry><ManufacturerItemDescription>מב מאגדת שישיה מריר</ManufacturerItemDescription><SoldByWeight/><Quantity>600.00</Quantity><UnitOfMeasure>גרם     </UnitOfMeasure><QtyInPackage>לא ידוע</QtyInPackage><UnitOfMeasurePrice>0.0332</UnitOfMeasurePrice><AllowDiscount>1</AllowDiscount><ItemStatus>1</ItemStatus><ItemPrice>19.90</ItemPrice></item><item><PriceUpdateDate>2016-08-07 20:02:46</PriceUpdateDate><ItemCode>7290000129235</ItemCode><ItemType>1</ItemType><ItemName>שוקולד קליק חלב עם א</ItemName><ManufacturerName>לא ידוע</ManufacturerName><ManufactureCountry>ישראל</ManufactureCountry><ManufacturerItemDescription>שוקולד קליק חלב עם א</ManufacturerItemDescription><SoldByWeight/><Quantity>100.00</Quantity><UnitOfMeasure>גרם     </UnitOfMeasure><QtyInPackage>לא ידוע</QtyInPackage><UnitOfMeasurePrice>0.0720</UnitOfMeasurePrice><AllowDiscount>1</AllowDiscount><ItemStatus>1</ItemStatus><ItemPrice>7.20</ItemPrice></item><item><PriceUpdateDate>2015-10-11 06:43:43</PriceUpdateDate><ItemCode>7290000134109</ItemCode><ItemType>1</ItemType><ItemName>כמון מזרחי מיכל 40 ג</ItemName><ManufacturerName>טעם וריח</ManufacturerName><ManufactureCountry>ישראל</ManufactureCountry><ManufacturerItemDescription>כמון מזרחי 40 גר מיכל קטן</ManufacturerItemDescription><SoldByWeight/><Quantity>14.00</Quantity><UnitOfMeasure>גרם     </UnitOfMeasure><QtyInPackage>לא ידוע</QtyInPackage><UnitOfMeasurePrice>0.5286</UnitOfMeasurePrice><AllowDiscount>1</AllowDiscount><ItemStatus>1</ItemStatus><ItemPrice>7.40</ItemPrice></item><item><PriceUpdateDate>2015-11-10 07:31:41</PriceUpdateDate><ItemCode>7290000134147</ItemCode><ItemType>1</ItemType><ItemName>מוסקט טחון 40 גרם</ItemName><ManufacturerName>תבליני טעם וריח</ManufacturerName><ManufactureCountry>ישראל</ManufactureCountry><ManufacturerItemDescription>מוסקט טחון 40 גר פלסטיק ק</ManufacturerItemDescription><SoldByWeight/><Quantity>40.00</Quantity><UnitOfMeasure>גרם     </UnitOfMeasure><QtyInPackage>לא ידוע</QtyInPackage><UnitOfMeasurePrice>0.3650</UnitOfMeasurePrice><AllowDiscount>1</AllowDiscount><ItemStatus>1</ItemStatus><ItemPrice>14.60</ItemPrice></item><item><PriceUpdateDate>2015-10-11 06:43:43</PriceUpdateDate><ItemCode>7290000134680</ItemCode><ItemType>1</ItemType><ItemName>קימל שלם 40 גרם</ItemName><ManufacturerName>לא ידוע</ManufacturerName><ManufactureCountry>ישראל</ManufactureCountry><ManufacturerItemDescription>קימל שלם 40 גרם</ManufacturerItemDescription><SoldByWeight/><Quantity>14.00</Quantity><UnitOfMeasure>גרם     </UnitOfMeasure><QtyInPackage>לא ידוע</QtyInPackage><UnitOfMeasurePrice>0.5286</UnitOfMeasurePrice><AllowDiscount>1</AllowDiscount><ItemStatus>1</ItemStatus><ItemPrice>7.40</ItemPrice></item><item><PriceUpdateDate>2016-03-15 06:36:09</PriceUpdateDate><ItemCode>7290000134895</ItemCode><ItemType>1</ItemType><ItemName>פלפל לבן טחון 50 גרם</ItemName><ManufacturerName>תבליני טעם וריח</ManufacturerName><ManufactureCountry>ישראל</ManufactureCountry><ManufacturerItemDescription>פלפל לבן טחון 50 גרם</ManufacturerItemDescription><SoldByWeight/><Quantity>14.00</Quantity><UnitOfMeasure>גרם     </UnitOfMeasure><QtyInPackage>לא ידוע</QtyInPackage><UnitOfMeasurePrice>0.9071</UnitOfMeasurePrice><AllowDiscount>1</AllowDiscount><ItemStatus>1</ItemStatus><ItemPrice>12.70</ItemPrice></item><item><PriceUpdateDate>2016-02-26 06:49:19</PriceUpdateDate><ItemCode>7290000136738</ItemCode><ItemType>1</ItemType><ItemName>משקה ג'אמפ אשכוליות</ItemName><ManufacturerName>גאמפ</ManufacturerName><ManufactureCountry>ישראל</ManufactureCountry><ManufacturerItemDescription>משקל גאמפ אשכוליות 1.5 ל</ManufacturerItemDescription><SoldByWeight/><Quantity>1500.00</Quantity><UnitOfMeasure>מ"ל</UnitOfMeasure><QtyInPackage>לא ידוע</QtyInPackage><UnitOfMeasurePrice>0.0046</UnitOfMeasurePrice><AllowDiscount>1</AllowDiscount><ItemStatus>1</ItemStatus><ItemPrice>6.90</ItemPrice></item><item><PriceUpdateDate>2016-02-26 06:49:19</PriceUpdateDate><ItemCode>7290000136745</ItemCode><ItemType>1</ItemType><ItemName>משקה ג'אמפ תות בננה</ItemName><ManufacturerName>גאמפ</ManufacturerName><ManufactureCountry>ישראל</ManufactureCountry><ManufacturerItemDescription>משקה ג'אמפ תות בננה</ManufacturerItemDescription><SoldByWeight/><Quantity>1500.00</Quantity><UnitOfMeasure>מ"ל</UnitOfMeasure><QtyInPackage>לא ידוע</QtyInPackage><UnitOfMeasurePrice>0.0046</UnitOfMeasurePrice><AllowDiscount>1</AllowDiscount><ItemStatus>1</ItemStatus><ItemPrice>6.90</ItemPrice></item><item><PriceUpdateDate>2016-03-15 11:31:34</PriceUpdateDate><ItemCode>7290000143217</ItemCode><ItemType>1</ItemType><ItemName>שמפו הוואי לשיער יבש</ItemName><ManufacturerName>הוואי</ManufacturerName><ManufactureCountry>ישראל</ManufactureCountry><ManufacturerItemDescription>הוואי שמפו לשיער יבש 700</ManufacturerItemDescription><SoldByWeight/><Quantity>700.00</Quantity><UnitOfMeasure>מ"ל</UnitOfMeasure><QtyInPackage>לא ידוע</QtyInPackage><UnitOfMeasurePrice>0.0141</UnitOfMeasurePrice><AllowDiscount>0</AllowDiscount><ItemStatus>1</ItemStatus><ItemPrice>9.90</ItemPrice></item><item><PriceUpdateDate>2016-03-15 11:31:34</PriceUpdateDate><ItemCode>7290000143255</ItemCode><ItemType>1</ItemType><ItemName>שמפו הוואי לשיער רגי</ItemName><ManufacturerName>הוואי</ManufacturerName><ManufactureCountry>ישראל</ManufactureCountry><ManufacturerItemDescription>הוואי שמפו לשיער רגיל 700</ManufacturerItemDescription><SoldByWeight/><Quantity>700.00</Quantity><UnitOfMeasure>מ"ל</UnitOfMeasure><QtyInPackage>לא ידוע</QtyInPackage><UnitOfMeasurePrice>0.0141</UnitOfMeasurePrice><AllowDiscount>0</AllowDiscount><ItemStatus>1</ItemStatus><ItemPrice>9.90</ItemPrice></item><item><PriceUpdateDate>2016-03-15 11:31:34</PriceUpdateDate><ItemCode>7290000143262</ItemCode><ItemType>1</ItemType><ItemName>שמפו הוואי לילדים 70</ItemName><ManufacturerName>הוואי</ManufacturerName><ManufactureCountry>ישראל</ManufactureCountry><ManufacturerItemDescription>שמפו הוואי לילדים 70</ManufacturerItemDescription><SoldByWeight/><Quantity>700.00</Quantity><UnitOfMeasure>מ"ל</UnitOfMeasure><QtyInPackage>לא ידוע</QtyInPackage><UnitOfMeasurePrice>0.0141</UnitOfMeasurePrice><AllowDiscount>0</AllowDiscount><ItemStatus>1</ItemStatus><ItemPrice>9.90</ItemPrice></item><item><PriceUpdateDate>2016-03-15 11:31:34</PriceUpdateDate><ItemCode>7290000143279</ItemCode><ItemType>1</ItemType><ItemName>שמפו הוואי למניעת קש</ItemName><ManufacturerName>הוואי</ManufacturerName><ManufactureCountry>ישראל</ManufactureCountry><ManufacturerItemDescription>הוואי שמפו למניעת קשקשים7</ManufacturerItemDescription><SoldByWeight/><Quantity>700.00</Quantity><UnitOfMeasure>מ"ל</UnitOfMeasure><QtyInPackage>לא ידוע</QtyInPackage><UnitOfMeasurePrice>0.0141</UnitOfMeasurePrice><AllowDiscount>0</AllowDiscount><ItemStatus>1</ItemStatus><ItemPrice>9.90</ItemPrice></item><item><PriceUpdateDate>2016-06-07 15:00:53</PriceUpdateDate><ItemCode>7290000144160</ItemCode><ItemType>1</ItemType><ItemName>שמן זית כתית מעולה א</ItemName><ManufacturerName>עץ הזית</ManufacturerName><ManufactureCountry>ישראל</ManufactureCountry><ManufacturerItemDescription>שמן זית כתית מעולה א</ManufacturerItemDescription><SoldByWeight/><Quantity>750.00</Quantity><UnitOfMeasure>מ"ל</UnitOfMeasure><QtyInPackage>לא ידוע</QtyInPackage><UnitOfMeasurePrice>0.0532</UnitOfMeasurePrice><AllowDiscount>1</AllowDiscount><ItemStatus>1</ItemStatus><ItemPrice>39.90</ItemPrice></item><item><PriceUpdateDate>2016-05-31 06:15:40</PriceUpdateDate><ItemCode>7290000144467</ItemCode><ItemType>1</ItemType><ItemName>שמן בריאות חמניות 1</ItemName><ManufacturerName>עץ הזית</ManufacturerName><ManufactureCountry>ישראל</ManufactureCountry><ManufacturerItemDescription>שמן חמניות בריאות 1 ליטר</ManufacturerItemDescription><SoldByWeight/><Quantity>1000.00</Quantity><UnitOfMeasure>מ"ל</UnitOfMeasure><QtyInPackage>לא ידוע</QtyInPackage><UnitOfMeasurePrice>0.0149</UnitOfMeasurePrice><AllowDiscount>1</AllowDiscount><ItemStatus>1</ItemStatus><ItemPrice>14.90</ItemPrice></item><item><PriceUpdateDate>2016-02-08 14:14:15</PriceUpdateDate><ItemCode>7290000145341</ItemCode><ItemType>1</ItemType><ItemName>טבליות לכביסה פרסיל</ItemName><ManufacturerName>פרסיל</ManufacturerName><ManufactureCountry>גרמניה</ManufactureCountry><ManufacturerItemDescription>מקלות לסושי</ManufacturerItemDescription><SoldByWeight/><Quantity>112.00</Quantity><UnitOfMeasure>גרם     </UnitOfMeasure><QtyInPackage>לא ידוע</QtyInPackage><UnitOfMeasurePrice>0.3116</UnitOfMeasurePrice><AllowDiscount>1</AllowDiscount><ItemStatus>1</ItemStatus><ItemPrice>34.90</ItemPrice></item><item><PriceUpdateDate>2016-08-02 09:29:36</PriceUpdateDate><ItemCode>7290000148298</ItemCode><ItemType>1</ItemType><ItemName>מב מיץ פריגת סחוט תפ</ItemName><ManufacturerName>פריגת</ManufacturerName><ManufactureCountry>ישראל</ManufactureCountry><ManufacturerItemDescription>מיץ סחוט תפוזים2 ל</ManufacturerItemDescription><SoldByWeight/><Quantity>2000.00</Quantity><UnitOfMeasure>מ"ל</UnitOfMeasure><QtyInPackage>לא ידוע</QtyInPackage><UnitOfMeasurePrice>0.0109</UnitOfMeasurePrice><AllowDiscount>1</AllowDiscount><ItemStatus>1</ItemStatus><ItemPrice>21.90</ItemPrice></item><item><PriceUpdateDate>2016-08-02 09:29:36</PriceUpdateDate><ItemCode>7290000148618</ItemCode><ItemType>1</ItemType><ItemName>קשיו 200 גרם קליית ג</ItemName><ManufacturerName>ליימן חטיבת המותגים</ManufacturerName><ManufactureCountry>ישראל</ManufactureCountry><ManufacturerItemDescription>אגוז קשיו מטוגן 200 גרם</ManufacturerItemDescription><SoldByWeight/><Quantity>200.00</Quantity><UnitOfMeasure>גרם     </UnitOfMeasure><QtyInPackage>לא ידוע</QtyInPackage><UnitOfMeasurePrice>0.1185</UnitOfMeasurePrice><AllowDiscount>1</AllowDiscount><ItemStatus>1</ItemStatus><ItemPrice>23.70</ItemPrice></item><item><PriceUpdateDate>2015-10-19 10:44:23</PriceUpdateDate><ItemCode>7290000148748</ItemCode><ItemType>1</ItemType><ItemName>גת גרעיני חמניה 200</ItemName><ManufacturerName>ליימן חטיבת המותגים</ManufacturerName><ManufactureCountry>ישראל</ManufactureCountry><ManufacturerItemDescription>גרעיני חמניה 200 גרם</ManufacturerItemDescription><SoldByWeight/><Quantity>200.00</Quantity><UnitOfMeasure>גרם     </UnitOfMeasure><QtyInPackage>לא ידוע</QtyInPackage><UnitOfMeasurePrice>0.0405</UnitOfMeasurePrice><AllowDiscount>0</AllowDiscount><ItemStatus>1</ItemStatus><ItemPrice>8.10</ItemPrice></item><item><PriceUpdateDate>2016-06-28 07:03:24</PriceUpdateDate><ItemCode>7290000148939</ItemCode><ItemType>1</ItemType><ItemName>גת שקד קלוי שקית 200</ItemName><ManufacturerName>ליימן חטיבת המותגים</ManufacturerName><ManufactureCountry>ישראל</ManufactureCountry><ManufacturerItemDescription>שקדים קלויים 200 גרם</ManufacturerItemDescription><SoldByWeight/><Quantity>200.00</Quantity><UnitOfMeasure>גרם     </UnitOfMeasure><QtyInPackage>לא ידוע</QtyInPackage><UnitOfMeasurePrice>0.1135</UnitOfMeasurePrice><AllowDiscount>1</AllowDiscount><ItemStatus>1</ItemStatus><ItemPrice>22.70</ItemPrice></item><item><PriceUpdateDate>2015-11-10 07:31:42</PriceUpdateDate><ItemCode>7290000149844</ItemCode><ItemType>1</ItemType><ItemName>סבון כביסה סינטבון א</ItemName><ManufacturerName>סינטבון</ManufacturerName><ManufactureCountry>ישראל</ManufactureCountry><ManufacturerItemDescription>סבון כביסה סינטבון א</ManufacturerItemDescription><SoldByWeight/><Quantity>230.00</Quantity><UnitOfMeasure>גרם     </UnitOfMeasure><QtyInPackage>לא ידוע</QtyInPackage><UnitOfMeasurePrice>0.0452</UnitOfMeasurePrice><AllowDiscount>1</AllowDiscount><ItemStatus>1</ItemStatus><ItemPrice>10.40</ItemPrice></item><item><PriceUpdateDate>2015-11-10 07:31:42</PriceUpdateDate><ItemCode>7290000149905</ItemCode><ItemType>1</ItemType><ItemName>שמפו כביסה טקסטיל נו</ItemName><ManufacturerName>טקסטיל שמפו</ManufacturerName><ManufactureCountry>ישראל</ManufactureCountry><ManufacturerItemDescription>טקסטיל שמפו נוזלי1 ל</ManufacturerItemDescription><SoldByWeight/><Quantity>1000.00</Quantity><UnitOfMeasure>מ"ל</UnitOfMeasure><QtyInPackage>לא ידוע</QtyInPackage><UnitOfMeasurePrice>0.0187</UnitOfMeasurePrice><AllowDiscount>1</AllowDiscount><ItemStatus>1</ItemStatus><ItemPrice>18.70</ItemPrice></item><item><PriceUpdateDate>2016-06-28 07:03:24</PriceUpdateDate><ItemCode>7290000151281</ItemCode><ItemType>1</ItemType><ItemName>מב עוף טוב חזה הודו</ItemName><ManufacturerName>עוף טוב</ManufacturerName><ManufactureCountry>ישראל</ManufactureCountry><ManufacturerItemDescription>פסטרמה ברביקיו דל 300 גר</ManufacturerItemDescription><SoldByWeight/><Quantity>300.00</Quantity><UnitOfMeasure>גרם     </UnitOfMeasure><QtyInPackage>לא ידוע</QtyInPackage><UnitOfMeasurePrice>0.0730</UnitOfMeasurePrice><AllowDiscount>1</AllowDiscount><ItemStatus>1</ItemStatus><ItemPrice>21.90</ItemPrice></item><item><PriceUpdateDate>2016-06-28 07:03:24</PriceUpdateDate><ItemCode>7290000151472</ItemCode><ItemType>1</ItemType><ItemName>מב נקניק עוף טוב פסט</ItemName><ManufacturerName>עוף טוב</ManufacturerName><ManufactureCountry>ישראל</ManufactureCountry><ManufacturerItemDescription>פסטרמה אמריקאית 300 גר</ManufacturerItemDescription><SoldByWeight/><Quantity>300.00</Quantity><UnitOfMeasure>גרם     </UnitOfMeasure><QtyInPackage>לא ידוע</QtyInPackage><UnitOfMeasurePrice>0.0730</UnitOfMeasurePrice><AllowDiscount>1</AllowDiscount><ItemStatus>1</ItemStatus><ItemPrice>21.90</ItemPrice></item><item><PriceUpdateDate>2016-08-02 09:29:36</PriceUpdateDate><ItemCode>7290000152288</ItemCode><ItemType>1</ItemType><ItemName>נקניקיות עוף 400 גרם</ItemName><ManufacturerName>עוף טוב</ManufacturerName><ManufactureCountry>ישראל</ManufactureCountry><ManufacturerItemDescription>נקניקיות עוף עוף טוב 400</ManufacturerItemDescription><SoldByWeight/><Quantity>400.00</Quantity><UnitOfMeasure>גרם     </UnitOfMeasure><QtyInPackage>לא ידוע</QtyInPackage><UnitOfMeasurePrice>0.0298</UnitOfMeasurePrice><AllowDiscount>1</AllowDiscount><ItemStatus>1</ItemStatus><ItemPrice>11.90</ItemPrice></item><item><PriceUpdateDate>2016-06-28 07:03:25</PriceUpdateDate><ItemCode>7290000156545</ItemCode><ItemType>1</ItemType><ItemName>מב פסטרמה מקסיקנית 3</ItemName><ManufacturerName>עוף טוב</ManufacturerName><ManufactureCountry>ישראל</ManufactureCountry><ManufacturerItemDescription>מב פסטרמה מקסיקנית 3</ManufacturerItemDescription><SoldByWeight/><Quantity>300.00</Quantity><UnitOfMeasure>גרם     </UnitOfMeasure><QtyInPackage>לא ידוע</QtyInPackage><UnitOfMeasurePrice>0.0730</UnitOfMeasurePrice><AllowDiscount>1</AllowDiscount><ItemStatus>1</ItemStatus><ItemPrice>21.90</ItemPrice></item><item><PriceUpdateDate>2016-05-02 14:55:55</PriceUpdateDate><ItemCode>7290000158211</ItemCode><ItemType>1</ItemType><ItemName>שניצל עוף טוב דק ענק</ItemName><ManufacturerName>עוף טוב</ManufacturerName><ManufactureCountry>ישראל</ManufactureCountry><ManufacturerItemDescription>שניצל עוף דק ענק 700 100%</ManufacturerItemDescription><SoldByWeight/><Quantity>700.00</Quantity><UnitOfMeasure>גרם     </UnitOfMeasure><QtyInPackage>לא ידוע</QtyInPackage><UnitOfMeasurePrice>0.0570</UnitOfMeasurePrice><AllowDiscount>1</AllowDiscount><ItemStatus>1</ItemStatus><ItemPrice>39.90</ItemPrice></item><item><PriceUpdateDate>2016-06-28 07:03:25</PriceUpdateDate><ItemCode>7290000160771</ItemCode><ItemType>1</ItemType><ItemName>כריות וניל 750 גרם</ItemName><ManufacturerName>כריות</ManufacturerName><ManufactureCountry>ישראל</ManufactureCountry><ManufacturerItemDescription>כריות וניל בדצ 750 גרם</ManufacturerItemDescription><SoldByWeight/><Quantity>750.00</Quantity><UnitOfMeasure>גרם     </UnitOfMeasure><QtyInPackage>לא ידוע</QtyInPackage><UnitOfMeasurePrice>0.0380</UnitOfMeasurePrice><AllowDiscount>1</AllowDiscount><ItemStatus>1</ItemStatus><ItemPrice>28.50</ItemPrice></item><item><PriceUpdateDate>2016-05-01 06:10:43</PriceUpdateDate><ItemCode>7290000161358</ItemCode><ItemType>1</ItemType><ItemName>מיונז אמיתי משמן קנו</ItemName><ManufacturerName>תלמה</ManufacturerName><ManufactureCountry>ישראל</ManufactureCountry><ManufacturerItemDescription>מיונז אמיתי משמן קנו</ManufacturerItemDescription><SoldByWeight/><Quantity>500.00</Quantity><UnitOfMeasure>גרם     </UnitOfMeasure><QtyInPackage>לא ידוע</QtyInPackage><UnitOfMeasurePrice>0.0318</UnitOfMeasurePrice><AllowDiscount>1</AllowDiscount><ItemStatus>1</ItemStatus><ItemPrice>15.90</ItemPrice></item><item><PriceUpdateDate>2016-05-01 10:31:17</PriceUpdateDate><ItemCode>7290000161631</ItemCode><ItemType>1</ItemType><ItemName>חטיף קליק IN במילוי</ItemName><ManufacturerName>קליק ורד הגליל</ManufacturerName><ManufactureCountry>ישראל</ManufactureCountry><ManufacturerItemDescription>חטיף קליק IN במילוי נוגט</ManufacturerItemDescription><SoldByWeight/><Quantity>14.00</Quantity><UnitOfMeasure>גרם     </UnitOfMeasure><QtyInPackage>לא ידוע</QtyInPackage><UnitOfMeasurePrice>0.4071</UnitOfMeasurePrice><AllowDiscount>1</AllowDiscount><ItemStatus>1</ItemStatus><ItemPrice>5.70</ItemPrice></item><item><PriceUpdateDate>2015-01-27 10:34:31</PriceUpdateDate><ItemCode>7290000162012</ItemCode><ItemType>1</ItemType><ItemName>דגל לרכב</ItemName><ManufacturerName>לא ממותג</ManufacturerName><ManufactureCountry>ישראל</ManufactureCountry><ManufacturerItemDescription>דגל לרכב</ManufacturerItemDescription><SoldByWeight/><Quantity>0.00</Quantity><UnitOfMeasure>יח'</UnitOfMeasure><QtyInPackage>לא ידוע</QtyInPackage><UnitOfMeasurePrice>0.0000</UnitOfMeasurePrice><AllowDiscount>1</AllowDiscount><ItemStatus>1</ItemStatus><ItemPrice>5.00</ItemPrice></item><item><PriceUpdateDate>2016-06-28 07:03:25</PriceUpdateDate><ItemCode>7290000162560</ItemCode><ItemType>1</ItemType><ItemName>קורנפלקס דבש 500 גרם</ItemName><ManufacturerName>לא ממותג</ManufacturerName><ManufactureCountry>ישראל</ManufactureCountry><ManufacturerItemDescription>קורנפלקס דבש 500 בדצ</ManufacturerItemDescription><SoldByWeight/><Quantity>500.00</Quantity><UnitOfMeasure>גרם     </UnitOfMeasure><QtyInPackage>לא ידוע</QtyInPackage><UnitOfMeasurePrice>0.0406</UnitOfMeasurePrice><AllowDiscount>1</AllowDiscount><ItemStatus>1</ItemStatus><ItemPrice>20.30</ItemPrice></item><item><PriceUpdateDate>2016-06-28 07:03:25</PriceUpdateDate><ItemCode>7290000163024</ItemCode><ItemType>1</ItemType><ItemName>מב הלמנס רוטב חרדל ל</ItemName><ManufacturerName>הלמנס</ManufacturerName><ManufactureCountry>ישראל</ManufactureCountry><ManufacturerItemDescription>מב הלמנס רוטב חרדל ל</ManufacturerItemDescription><SoldByWeight/><Quantity>300.00</Quantity><UnitOfMeasure>גרם     </UnitOfMeasure><QtyInPackage>לא ידוע</QtyInPackage><UnitOfMeasurePrice>0.0333</UnitOfMeasurePrice><AllowDiscount>1</AllowDiscount><ItemStatus>1</ItemStatus><ItemPrice>10.00</ItemPrice></item><item><PriceUpdateDate>2016-05-01 06:10:43</PriceUpdateDate><ItemCode>7290000165158</ItemCode><ItemType>1</ItemType><ItemName>דאו' ספריי דאב אינבי</ItemName><ManufacturerName>דאב</ManufacturerName><ManufactureCountry>ישראל</ManufactureCountry><ManufacturerItemDescription>דאו' ספריי דאב אינבי</ManufacturerItemDescription><SoldByWeight/><Quantity>170.00</Quantity><UnitOfMeasure>מ"ל</UnitOfMeasure><QtyInPackage>לא ידוע</QtyInPackage><UnitOfMeasurePrice>0.1524</UnitOfMeasurePrice><AllowDiscount>1</AllowDiscount><ItemStatus>1</ItemStatus><ItemPrice>25.90</ItemPrice></item><item><PriceUpdateDate>2015-01-27 10:34:51</PriceUpdateDate><ItemCode>7290000165493</ItemCode><ItemType>1</ItemType><ItemName>תחליב רחצה פינוק ילד</ItemName><ManufacturerName>פינוק</ManufacturerName><ManufactureCountry>ישראל</ManufactureCountry><ManufacturerItemDescription>תחליב רחצה פינוק ילד</ManufacturerItemDescription><SoldByWeight/><Quantity>700.00</Quantity><UnitOfMeasure>מ"ל</UnitOfMeasure><QtyInPackage>לא ידוע</QtyInPackage><UnitOfMeasurePrice>0.0219</UnitOfMeasurePrice><AllowDiscount>1</AllowDiscount><ItemStatus>1</ItemStatus><ItemPrice>15.30</ItemPrice></item><item><PriceUpdateDate>2016-03-29 07:50:45</PriceUpdateDate><ItemCode>7290000165684</ItemCode><ItemType>1</ItemType><ItemName>שמפו פינוק שמן אבוקד</ItemName><ManufacturerName>פינוק</ManufacturerName><ManufactureCountry>ישראל</ManufactureCountry><ManufacturerItemDescription>שמפו פינוק שמן אבוקד</ManufacturerItemDescription><SoldByWeight/><Quantity>700.00</Quantity><UnitOfMeasure>מ"ל</UnitOfMeasure><QtyInPackage>לא ידוע</QtyInPackage><UnitOfMeasurePrice>0.0184</UnitOfMeasurePrice><AllowDiscount>1</AllowDiscount><ItemStatus>1</ItemStatus><ItemPrice>12.90</ItemPrice></item><item><PriceUpdateDate>2015-10-19 10:44:23</PriceUpdateDate><ItemCode>7290000166414</ItemCode><ItemType>1</ItemType><ItemName>מזולה לאפיה ללא מלח</ItemName><ManufacturerName>מזולה</ManufacturerName><ManufactureCountry>ישראל</ManufactureCountry><ManufacturerItemDescription>מזולה לאפיה ללא מלח</ManufacturerItemDescription><SoldByWeight/><Quantity>200.00</Quantity><UnitOfMeasure>גרם     </UnitOfMeasure><QtyInPackage>לא ידוע</QtyInPackage><UnitOfMeasurePrice>0.0355</UnitOfMeasurePrice><AllowDiscount>1</AllowDiscount><ItemStatus>1</ItemStatus><ItemPrice>7.10</ItemPrice></item><item><PriceUpdateDate>2016-05-31 06:15:42</PriceUpdateDate><ItemCode>7290000166605</ItemCode><ItemType>1</ItemType><ItemName>סיף פנטסטיק לניקוי כ</ItemName><ManufacturerName>סיף</ManufacturerName><ManufactureCountry>ישראל</ManufactureCountry><ManufacturerItemDescription>סיף פנטסטיק לניקוי כ</ManufacturerItemDescription><SoldByWeight/><Quantity>4000.00</Quantity><UnitOfMeasure>מ"ל</UnitOfMeasure><QtyInPackage>לא ידוע</QtyInPackage><UnitOfMeasurePrice>0.0055</UnitOfMeasurePrice><AllowDiscount>1</AllowDiscount><ItemStatus>1</ItemStatus><ItemPrice>21.90</ItemPrice></item><item><PriceUpdateDate>2016-05-01 10:27:42</PriceUpdateDate><ItemCode>7290000167291</ItemCode><ItemType>1</ItemType><ItemName>חצי באגט 165 גרם</ItemName><ManufacturerName>מאפה צרפתי</ManufacturerName><ManufactureCountry>ישראל</ManufactureCountry><ManufacturerItemDescription>חצי באגט 165 גרם</ManufacturerItemDescription><SoldByWeight/><Quantity>1000.00</Quantity><UnitOfMeasure>קג</UnitOfMeasure><QtyInPackage>לא ידוע</QtyInPackage><UnitOfMeasurePrice>0.0041</UnitOfMeasurePrice><AllowDiscount>1</AllowDiscount><ItemStatus>1</ItemStatus><ItemPrice>4.10</ItemPrice></item><item><PriceUpdateDate>2016-05-01 10:27:42</PriceUpdateDate><ItemCode>7290000167299</ItemCode><ItemType>1</ItemType><ItemName>חצי באגט 165 גרם</ItemName><ManufacturerName>מאפה צרפתי</ManufacturerName><ManufactureCountry>ישראל</ManufactureCountry><ManufacturerItemDescription>חצי באגט 165 גרם</ManufacturerItemDescription><SoldByWeight/><Quantity>1000.00</Quantity><UnitOfMeasure>קג</UnitOfMeasure><QtyInPackage>לא ידוע</QtyInPackage><UnitOfMeasurePrice>0.0041</UnitOfMeasurePrice><AllowDiscount>1</AllowDiscount><ItemStatus>1</ItemStatus><ItemPrice>4.10</ItemPrice></item><item><PriceUpdateDate>2016-05-01 10:27:44</PriceUpdateDate><ItemCode>7290000167466</ItemCode><ItemType>1</ItemType><ItemName>לחם איטלקי 380 גרם</ItemName><ManufacturerName>מאפה צרפתי</ManufacturerName><ManufactureCountry>ישראל</ManufactureCountry><ManufacturerItemDescription>לחם איטלקי 380 גרם</ManufacturerItemDescription><SoldByWeight/><Quantity>1000.00</Quantity><UnitOfMeasure>קג</UnitOfMeasure><QtyInPackage>לא ידוע</QtyInPackage><UnitOfMeasurePrice>0.0074</UnitOfMeasurePrice><AllowDiscount>1</AllowDiscount><ItemStatus>1</ItemStatus><ItemPrice>7.40</ItemPrice></item><item><PriceUpdateDate>2016-05-01 10:27:44</PriceUpdateDate><ItemCode>7290000167468</ItemCode><ItemType>1</ItemType><ItemName>לחם איטלקי 380 גרם</ItemName><ManufacturerName>מאפה צרפתי</ManufacturerName><ManufactureCountry>ישראל</ManufactureCountry><ManufacturerItemDescription>לחם איטלקי 380 גרם</ManufacturerItemDescription><SoldByWeight/><Quantity>1000.00</Quantity><UnitOfMeasure>קג</UnitOfMeasure><QtyInPackage>לא ידוע</QtyInPackage><UnitOfMeasurePrice>0.0074</UnitOfMeasurePrice><AllowDiscount>1</AllowDiscount><ItemStatus>1</ItemStatus><ItemPrice>7.40</ItemPrice></item><item><PriceUpdateDate>2016-05-01 10:27:44</PriceUpdateDate><ItemCode>7290000167543</ItemCode><ItemType>1</ItemType><ItemName>חלה רגילה 500 גרם</ItemName><ManufacturerName>מאפה צרפתי</ManufacturerName><ManufactureCountry>ישראל</ManufactureCountry><ManufacturerItemDescription>חלה רגילה 500 גרם</ManufacturerItemDescription><SoldByWeight/><Quantity>1000.00</Quantity><UnitOfMeasure>קג</UnitOfMeasure><QtyInPackage>לא ידוע</QtyInPackage><UnitOfMeasurePrice>0.0101</UnitOfMeasurePrice><AllowDiscount>1</AllowDiscount><ItemStatus>1</ItemStatus><ItemPrice>10.10</ItemPrice></item><item><PriceUpdateDate>2016-05-01 10:27:45</PriceUpdateDate><ItemCode>7290000167666</ItemCode><ItemType>1</ItemType><ItemName>לחמניה קשר 80 גרם</ItemName><ManufacturerName>מאפה צרפתי</ManufacturerName><ManufactureCountry>ישראל</ManufactureCountry><ManufacturerItemDescription>לחמניה קשר 80 גרם</ManufacturerItemDescription><SoldByWeight/><Quantity>1000.00</Quantity><UnitOfMeasure>קג</UnitOfMeasure><QtyInPackage>לא ידוע</QtyInPackage><UnitOfMeasurePrice>0.0036</UnitOfMeasurePrice><AllowDiscount>1</AllowDiscount><ItemStatus>1</ItemStatus><ItemPrice>3.60</ItemPrice></item><item><PriceUpdateDate>2016-05-01 10:27:45</PriceUpdateDate><ItemCode>7290000167671</ItemCode><ItemType>1</ItemType><ItemName>לחמניה קלועה 150גרם</ItemName><ManufacturerName>מאפה צרפתי</ManufacturerName><ManufactureCountry>ישראל</ManufactureCountry><ManufacturerItemDescription>לחמניה קלועה 150גרם</ManufacturerItemDescription><SoldByWeight/><Quantity>1000.00</Quantity><UnitOfMeasure>קג</UnitOfMeasure><QtyInPackage>לא ידוע</QtyInPackage><UnitOfMeasurePrice>0.0044</UnitOfMeasurePrice><AllowDiscount>1</AllowDiscount><ItemStatus>1</ItemStatus><ItemPrice>4.40</ItemPrice></item><item><PriceUpdateDate>2016-05-01 10:27:45</PriceUpdateDate><ItemCode>7290000167673</ItemCode><ItemType>1</ItemType><ItemName>לחמניה קלועה 150גרם</ItemName><ManufacturerName>מאפה צרפתי</ManufacturerName><ManufactureCountry>ישראל</ManufactureCountry><ManufacturerItemDescription>לחמניה קלועה 150גרם</ManufacturerItemDescription><SoldByWeight/><Quantity>1000.00</Quantity><UnitOfMeasure>קג</UnitOfMeasure><QtyInPackage>לא ידוע</QtyInPackage><UnitOfMeasurePrice>0.0044</UnitOfMeasurePrice><AllowDiscount>1</AllowDiscount><ItemStatus>1</ItemStatus><ItemPrice>4.40</ItemPrice></item><item><PriceUpdateDate>2016-08-02 09:29:03</PriceUpdateDate><ItemCode>7290000167741</ItemCode><ItemType>1</ItemType><ItemName>בייגל אמריקאי  רגיל</ItemName><ManufacturerName>מאפה צרפתי</ManufacturerName><ManufactureCountry>ישראל</ManufactureCountry><ManufacturerItemDescription>בייגל אמריקאי  רגיל</ManufacturerItemDescription><SoldByWeight/><Quantity>1000.00</Quantity><UnitOfMeasure>קג</UnitOfMeasure><QtyInPackage>לא ידוע</QtyInPackage><UnitOfMeasurePrice>0.0046</UnitOfMeasurePrice><AllowDiscount>1</AllowDiscount><ItemStatus>1</ItemStatus><ItemPrice>4.60</ItemPrice></item><item><PriceUpdateDate>2016-05-01 10:27:45</PriceUpdateDate><ItemCode>7290000167787</ItemCode><ItemType>1</ItemType><ItemName>בייגלה ירושלמי</ItemName><ManufacturerName>מאפה צרפתי</ManufacturerName><ManufactureCountry>ישראל</ManufactureCountry><ManufacturerItemDescription>בייגלה ירושלמי</ManufacturerItemDescription><SoldByWeight/><Quantity>1000.00</Quantity><UnitOfMeasure>קג</UnitOfMeasure><QtyInPackage>לא ידוע</QtyInPackage><UnitOfMeasurePrice>0.0039</UnitOfMeasurePrice><AllowDiscount>1</AllowDiscount><ItemStatus>1</ItemStatus><ItemPrice>3.90</ItemPrice></item><item><PriceUpdateDate>2016-05-01 10:27:45</PriceUpdateDate><ItemCode>7290000167789</ItemCode><ItemType>1</ItemType><ItemName>בייגלה ירושלמי</ItemName><ManufacturerName>מאפה צרפתי</ManufacturerName><ManufactureCountry>ישראל</ManufactureCountry><ManufacturerItemDescription>בייגלה ירושלמי</ManufacturerItemDescription><SoldByWeight/><Quantity>1000.00</Quantity><UnitOfMeasure>קג</UnitOfMeasure><QtyInPackage>לא ידוע</QtyInPackage><UnitOfMeasurePrice>0.0039</UnitOfMeasurePrice><AllowDiscount>1</AllowDiscount><ItemStatus>1</ItemStatus><ItemPrice>3.90</ItemPrice></item><item><PriceUpdateDate>2016-08-02 09:29:37</PriceUpdateDate><ItemCode>7290000167833</ItemCode><ItemType>3</ItemType><ItemName>רוגלך במאפית</ItemName><ManufacturerName>מאפה צרפתי</ManufacturerName><ManufactureCountry>ישראל</ManufactureCountry><ManufacturerItemDescription>רוגלך במאפית</ManufacturerItemDescription><SoldByWeight/><Quantity>1.00</Quantity><UnitOfMeasure>ק"ג</UnitOfMeasure><QtyInPackage>לא ידוע</QtyInPackage><UnitOfMeasurePrice>37.0000</UnitOfMeasurePrice><AllowDiscount>1</AllowDiscount><ItemStatus>1</ItemStatus><ItemPrice>37.00</ItemPrice></item><item><PriceUpdateDate>2016-02-01 19:32:51</PriceUpdateDate><ItemCode>7290000167985</ItemCode><ItemType>1</ItemType><ItemName>דאו' ספריי דאב מן קל</ItemName><ManufacturerName>דאב מן</ManufacturerName><ManufactureCountry>ישראל</ManufactureCountry><ManufacturerItemDescription>דאו' ספריי דאב מן קל</ManufacturerItemDescription><SoldByWeight/><Quantity>150.00</Quantity><UnitOfMeasure>מ"ל</UnitOfMeasure><QtyInPackage>לא ידוע</QtyInPackage><UnitOfMeasurePrice>0.1740</UnitOfMeasurePrice><AllowDiscount>1</AllowDiscount><ItemStatus>1</ItemStatus><ItemPrice>26.10</ItemPrice></item><item><PriceUpdateDate>2016-05-31 06:15:42</PriceUpdateDate><ItemCode>7290000168173</ItemCode><ItemType>1</ItemType><ItemName>ברנפלקס קראנצ'ים 375</ItemName><ManufacturerName>ברנפלקס - תלמה</ManufacturerName><ManufactureCountry>ישראל</ManufactureCountry><ManufacturerItemDescription>ברנפלקס קראנצ'ים 375</ManufacturerItemDescription><SoldByWeight/><Quantity>375.00</Quantity><UnitOfMeasure>גרם     </UnitOfMeasure><QtyInPackage>לא ידוע</QtyInPackage><UnitOfMeasurePrice>0.0531</UnitOfMeasurePrice><AllowDiscount>1</AllowDiscount><ItemStatus>1</ItemStatus><ItemPrice>19.90</ItemPrice></item><item><PriceUpdateDate>2016-03-29 07:50:45</PriceUpdateDate><ItemCode>7290000168289</ItemCode><ItemType>1</ItemType><ItemName>שמפו פינוק שמן מרוקא</ItemName><ManufacturerName>פינוק</ManufacturerName><ManufactureCountry>ישראל</ManufactureCountry><ManufacturerItemDescription>שמפו פינוק שמן מרוקא</ManufacturerItemDescription><SoldByWeight/><Quantity>700.00</Quantity><UnitOfMeasure>מ"ל</UnitOfMeasure><QtyInPackage>לא ידוע</QtyInPackage><UnitOfMeasurePrice>0.0184</UnitOfMeasurePrice><AllowDiscount>1</AllowDiscount><ItemStatus>1</ItemStatus><ItemPrice>12.90</ItemPrice></item><item><PriceUpdateDate>2016-06-28 07:03:25</PriceUpdateDate><ItemCode>7290000168425</ItemCode><ItemType>1</ItemType><ItemName>רוטב צ'ילי מתוק מופח</ItemName><ManufacturerName>קנור</ManufacturerName><ManufactureCountry>ישראל</ManufactureCountry><ManufacturerItemDescription>רוטב צ'ילי מתוק מופח</ManufacturerItemDescription><SoldByWeight/><Quantity>300.00</Quantity><UnitOfMeasure>מ"ל</UnitOfMeasure><QtyInPackage>לא ידוע</QtyInPackage><UnitOfMeasurePrice>0.0463</UnitOfMeasurePrice><AllowDiscount>1</AllowDiscount><ItemStatus>1</ItemStatus><ItemPrice>13.90</ItemPrice></item><item><PriceUpdateDate>2016-06-28 07:03:26</PriceUpdateDate><ItemCode>7290000168838</ItemCode><ItemType>1</ItemType><ItemName>כריות וניל ועוגיות</ItemName><ManufacturerName>כריות</ManufacturerName><ManufactureCountry>ישראל</ManufactureCountry><ManufacturerItemDescription>כריות וניל עוגיות 750 גרם</ManufacturerItemDescription><SoldByWeight/><Quantity>750.00</Quantity><UnitOfMeasure>גרם     </UnitOfMeasure><QtyInPackage>לא ידוע</QtyInPackage><UnitOfMeasurePrice>0.0380</UnitOfMeasurePrice><AllowDiscount>1</AllowDiscount><ItemStatus>1</ItemStatus><ItemPrice>28.50</ItemPrice></item><item><PriceUpdateDate>2016-08-07 20:02:46</PriceUpdateDate><ItemCode>7290000169071</ItemCode><ItemType>1</ItemType><ItemName>מרק גורמה בטטה 82 גר</ItemName><ManufacturerName>קנור</ManufacturerName><ManufactureCountry>ישראל</ManufactureCountry><ManufacturerItemDescription>מרק גורמה בטטה עם נגיעות</ManufacturerItemDescription><SoldByWeight/><Quantity>82.00</Quantity><UnitOfMeasure>גרם     </UnitOfMeasure><QtyInPackage>לא ידוע</QtyInPackage><UnitOfMeasurePrice>0.1756</UnitOfMeasurePrice><AllowDiscount>1</AllowDiscount><ItemStatus>1</ItemStatus><ItemPrice>14.40</ItemPrice></item><item><PriceUpdateDate>2016-03-01 07:00:24</PriceUpdateDate><ItemCode>7290000169156</ItemCode><ItemType>1</ItemType><ItemName>דאו' רקסונה ספרי V8ג</ItemName><ManufacturerName>רקסונה</ManufacturerName><ManufactureCountry>ישראל</ManufactureCountry><ManufacturerItemDescription>דאו' רקסונה ספרי V8ג</ManufacturerItemDescription><SoldByWeight/><Quantity>150.00</Quantity><UnitOfMeasure>מ"ל</UnitOfMeasure><QtyInPackage>לא ידוע</QtyInPackage><UnitOfMeasurePrice>0.1627</UnitOfMeasurePrice><AllowDiscount>1</AllowDiscount><ItemStatus>1</ItemStatus><ItemPrice>24.40</ItemPrice></item><item><PriceUpdateDate>2016-03-01 07:00:24</PriceUpdateDate><ItemCode>7290000169163</ItemCode><ItemType>1</ItemType><ItemName>דאו' רקסונה ספריי אק</ItemName><ManufacturerName>רקסונה</ManufacturerName><ManufactureCountry>ישראל</ManufactureCountry><ManufacturerItemDescription>דאו' רקסונה ספריי אק</ManufacturerItemDescription><SoldByWeight/><Quantity>150.00</Quantity><UnitOfMeasure>מ"ל</UnitOfMeasure><QtyInPackage>לא ידוע</QtyInPackage><UnitOfMeasurePrice>0.1627</UnitOfMeasurePrice><AllowDiscount>1</AllowDiscount><ItemStatus>1</ItemStatus><ItemPrice>24.40</ItemPrice></item><item><PriceUpdateDate>2016-05-01 10:31:20</PriceUpdateDate><ItemCode>7290000169521</ItemCode><ItemType>1</ItemType><ItemName>מרק נמס בכוס ירקות 5</ItemName><ManufacturerName>קנור</ManufacturerName><ManufactureCountry>ישראל</ManufactureCountry><ManufacturerItemDescription>מרק נמס בכוס ירקות קרוטונ</ManufacturerItemDescription><SoldByWeight/><Quantity>14.00</Quantity><UnitOfMeasure>גרם     </UnitOfMeasure><QtyInPackage>לא ידוע</QtyInPackage><UnitOfMeasurePrice>0.5929</UnitOfMeasurePrice><AllowDiscount>1</AllowDiscount><ItemStatus>1</ItemStatus><ItemPrice>8.30</ItemPrice></item><item><PriceUpdateDate>2016-05-01 06:10:44</PriceUpdateDate><ItemCode>7290000169798</ItemCode><ItemType>1</ItemType><ItemName>דגני בוקר עוגי מופחת</ItemName><ManufacturerName>עוגי</ManufacturerName><ManufactureCountry>ישראל</ManufactureCountry><ManufacturerItemDescription>דגני בוקר עוגי מופחת</ManufacturerItemDescription><SoldByWeight/><Quantity>500.00</Quantity><UnitOfMeasure>גרם     </UnitOfMeasure><QtyInPackage>לא ידוע</QtyInPackage><UnitOfMeasurePrice>0.0532</UnitOfMeasurePrice><AllowDiscount>1</AllowDiscount><ItemStatus>1</ItemStatus><ItemPrice>26.60</ItemPrice></item><item><PriceUpdateDate>2016-05-31 06:15:42</PriceUpdateDate><ItemCode>7290000170077</ItemCode><ItemType>1</ItemType><ItemName>שוקולד פרה מריר 100</ItemName><ManufacturerName>פרה</ManufacturerName><ManufactureCountry>ישראל</ManufactureCountry><ManufacturerItemDescription>שוקולד פרה מריר שטוח 100</ManufacturerItemDescription><SoldByWeight/><Quantity>100.00</Quantity><UnitOfMeasure>גרם     </UnitOfMeasure><QtyInPackage>לא ידוע</QtyInPackage><UnitOfMeasurePrice>0.0540</UnitOfMeasurePrice><AllowDiscount>0</AllowDiscount><ItemStatus>1</ItemStatus><ItemPrice>5.40</ItemPrice></item><item><PriceUpdateDate>2016-02-16 09:21:53</PriceUpdateDate><ItemCode>7290000170275</ItemCode><ItemType>1</ItemType><ItemName>שוקולד פרה קרם נוגט</ItemName><ManufacturerName>פרה</ManufacturerName><ManufactureCountry>ישראל</ManufactureCountry><ManufacturerItemDescription>שוקולד פרה קרם נוגט 100 ג</ManufacturerItemDescription><SoldByWeight/><Quantity>100.00</Quantity><UnitOfMeasure>גרם     </UnitOfMeasure><QtyInPackage>לא ידוע</QtyInPackage><UnitOfMeasurePrice>0.0690</UnitOfMeasurePrice><AllowDiscount>0</AllowDiscount><ItemStatus>1</ItemStatus><ItemPrice>6.90</ItemPrice></item><item><PriceUpdateDate>2016-05-01 10:31:20</PriceUpdateDate><ItemCode>7290000171470</ItemCode><ItemType>1</ItemType><ItemName>חטיף כיף כף בודד 45</ItemName><ManufacturerName>כיף כף</ManufacturerName><ManufactureCountry>ישראל</ManufactureCountry><ManufacturerItemDescription>חטיף כיף כף45 גר</ManufacturerItemDescription><SoldByWeight/><Quantity>0.00</Quantity><UnitOfMeasure>גרם     </UnitOfMeasure><QtyInPackage>לא ידוע</QtyInPackage><UnitOfMeasurePrice>0.0000</UnitOfMeasurePrice><AllowDiscount>1</AllowDiscount><ItemStatus>1</ItemStatus><ItemPrice>5.00</ItemPrice></item><item><PriceUpdateDate>2016-05-31 06:15:42</PriceUpdateDate><ItemCode>7290000174044</ItemCode><ItemType>1</ItemType><ItemName>בפלות שוקולד 1 ק"ג ע</ItemName><ManufacturerName>עלית</ManufacturerName><ManufactureCountry>ישראל</ManufactureCountry><ManufacturerItemDescription>בפלות שוקולד 1 ק"ג ע</ManufacturerItemDescription><SoldByWeight/><Quantity>1000.00</Quantity><UnitOfMeasure>גרם     </UnitOfMeasure><QtyInPackage>לא ידוע</QtyInPackage><UnitOfMeasurePrice>0.0193</UnitOfMeasurePrice><AllowDiscount>1</AllowDiscount><ItemStatus>1</ItemStatus><ItemPrice>19.30</ItemPrice></item><item><PriceUpdateDate>2016-05-01 06:43:39</PriceUpdateDate><ItemCode>7290000174099</ItemCode><ItemType>1</ItemType><ItemName>בפלות בטעם שוקו 500</ItemName><ManufacturerName>עלית</ManufacturerName><ManufactureCountry>ישראל</ManufactureCountry><ManufacturerItemDescription>וופל שוקולד 500 גר</ManufacturerItemDescription><SoldByWeight/><Quantity>500.00</Quantity><UnitOfMeasure>גרם     </UnitOfMeasure><QtyInPackage>לא ידוע</QtyInPackage><UnitOfMeasurePrice>0.0278</UnitOfMeasurePrice><AllowDiscount>1</AllowDiscount><ItemStatus>1</ItemStatus><ItemPrice>13.90</ItemPrice></item><item><PriceUpdateDate>2016-05-31 06:15:42</PriceUpdateDate><ItemCode>7290000174723</ItemCode><ItemType>1</ItemType><ItemName>אבקת שוקולית 500 גרם</ItemName><ManufacturerName>שוקולית</ManufacturerName><ManufactureCountry>ישראל</ManufactureCountry><ManufacturerItemDescription>שוקולית עלית 500 גרם</ManufacturerItemDescription><SoldByWeight/><Quantity>500.00</Quantity><UnitOfMeasure>גרם     </UnitOfMeasure><QtyInPackage>לא ידוע</QtyInPackage><UnitOfMeasurePrice>0.0270</UnitOfMeasurePrice><AllowDiscount>1</AllowDiscount><ItemStatus>1</ItemStatus><ItemPrice>13.50</ItemPrice></item><item><PriceUpdateDate>2016-03-15 11:31:34</PriceUpdateDate><ItemCode>7290000176062</ItemCode><ItemType>1</ItemType><ItemName>קפה טורקי עלית בשקית</ItemName><ManufacturerName>עלית</ManufacturerName><ManufactureCountry>ישראל</ManufactureCountry><ManufacturerItemDescription>קפה טורקי בצלופן 100 גרם</ManufacturerItemDescription><SoldByWeight/><Quantity>100.00</Quantity><UnitOfMeasure>גרם     </UnitOfMeasure><QtyInPackage>לא ידוע</QtyInPackage><UnitOfMeasurePrice>0.0880</UnitOfMeasurePrice><AllowDiscount>0</AllowDiscount><ItemStatus>1</ItemStatus><ItemPrice>8.80</ItemPrice></item><item><PriceUpdateDate>2016-05-01 10:31:20</PriceUpdateDate><ItemCode>7290000176079</ItemCode><ItemType>1</ItemType><ItemName>קפה טורקי עלית עם הל</ItemName><ManufacturerName>טורקי עלית</ManufacturerName><ManufactureCountry>ישראל</ManufactureCountry><ManufacturerItemDescription>קפה עם הל 100 גר</ManufacturerItemDescription><SoldByWeight/><Quantity>100.00</Quantity><UnitOfMeasure>גרם     </UnitOfMeasure><QtyInPackage>לא ידוע</QtyInPackage><UnitOfMeasurePrice>0.0990</UnitOfMeasurePrice><AllowDiscount>1</AllowDiscount><ItemStatus>1</ItemStatus><ItemPrice>9.90</ItemPrice></item><item><PriceUpdateDate>2016-08-07 20:04:28</PriceUpdateDate><ItemCode>7290000176147</ItemCode><ItemType>1</ItemType><ItemName>קפה מוקה 500  גרם</ItemName><ManufacturerName>מוקה מס.1</ManufacturerName><ManufactureCountry>ישראל</ManufactureCountry><ManufacturerItemDescription>קפה מוקה 500  גרם</ManufacturerItemDescription><SoldByWeight/><Quantity>500.00</Quantity><UnitOfMeasure>גרם     </UnitOfMeasure><QtyInPackage>לא ידוע</QtyInPackage><UnitOfMeasurePrice>0.1198</UnitOfMeasurePrice><AllowDiscount>1</AllowDiscount><ItemStatus>1</ItemStatus><ItemPrice>59.90</ItemPrice></item><item><PriceUpdateDate>2016-08-04 07:14:41</PriceUpdateDate><ItemCode>7290000176192</ItemCode><ItemType>1</ItemType><ItemName>מב קפה האג בואקום 20</ItemName><ManufacturerName>האג</ManufacturerName><ManufactureCountry>ישראל</ManufactureCountry><ManufacturerItemDescription>מב קפה האג בואקום 20</ManufacturerItemDescription><SoldByWeight/><Quantity>200.00</Quantity><UnitOfMeasure>גרם     </UnitOfMeasure><QtyInPackage>לא ידוע</QtyInPackage><UnitOfMeasurePrice>0.1095</UnitOfMeasurePrice><AllowDiscount>1</AllowDiscount><ItemStatus>1</ItemStatus><ItemPrice>21.90</ItemPrice></item><item><PriceUpdateDate>2016-07-25 07:52:50</PriceUpdateDate><ItemCode>7290000176413</ItemCode><ItemType>1</ItemType><ItemName>קפה נמס עלית 50 גרם</ItemName><ManufacturerName>עלית נמס</ManufacturerName><ManufactureCountry>ישראל</ManufactureCountry><ManufacturerItemDescription>קפה נמס עלית 50 גר</ManufacturerItemDescription><SoldByWeight/><Quantity>14.00</Quantity><UnitOfMeasure>גרם     </UnitOfMeasure><QtyInPackage>לא ידוע</QtyInPackage><UnitOfMeasurePrice>0.7071</UnitOfMeasurePrice><AllowDiscount>0</AllowDiscount><ItemStatus>1</ItemStatus><ItemPrice>9.90</ItemPrice></item><item><PriceUpdateDate>2016-03-15 11:31:34</PriceUpdateDate><ItemCode>7290000176420</ItemCode><ItemType>1</ItemType><ItemName>קפה נמס עלית 200 גרם</ItemName><ManufacturerName>עלית נמס</ManufacturerName><ManufactureCountry>ישראל</ManufactureCountry><ManufacturerItemDescription>קפה נמס עלית פחית 200 גר</ManufacturerItemDescription><SoldByWeight/><Quantity>200.00</Quantity><UnitOfMeasure>גרם     </UnitOfMeasure><QtyInPackage>לא ידוע</QtyInPackage><UnitOfMeasurePrice>0.0995</UnitOfMeasurePrice><AllowDiscount>1</AllowDiscount><ItemStatus>1</ItemStatus><ItemPrice>19.90</ItemPrice></item><item><PriceUpdateDate>2016-05-31 06:15:43</PriceUpdateDate><ItemCode>7290000177694</ItemCode><ItemType>1</ItemType><ItemName>קפה טורקי עלית בואקו</ItemName><ManufacturerName>עלית</ManufacturerName><ManufactureCountry>ישראל</ManufactureCountry><ManufacturerItemDescription>קפה טורקי קלוי טחוןבואקום</ManufacturerItemDescription><SoldByWeight/><Quantity>200.00</Quantity><UnitOfMeasure>גרם     </UnitOfMeasure><QtyInPackage>לא ידוע</QtyInPackage><UnitOfMeasurePrice>0.0945</UnitOfMeasurePrice><AllowDiscount>1</AllowDiscount><ItemStatus>1</ItemStatus><ItemPrice>18.90</ItemPrice></item><item><PriceUpdateDate>2015-10-01 00:29:07</PriceUpdateDate><ItemCode>7290000178707</ItemCode><ItemType>1</ItemType><ItemName>חטיף תפוציפס טבעי 50</ItemName><ManufacturerName>תפוצ'יפס</ManufacturerName><ManufactureCountry>ישראל</ManufactureCountry><ManufacturerItemDescription>תפוציפס מלוח 50 גר</ManufacturerItemDescription><SoldByWeight/><Quantity>14.00</Quantity><UnitOfMeasure>גרם     </UnitOfMeasure><QtyInPackage>לא ידוע</QtyInPackage><UnitOfMeasurePrice>0.2786</UnitOfMeasurePrice><AllowDiscount>1</AllowDiscount><ItemStatus>1</ItemStatus><ItemPrice>3.90</ItemPrice></item><item><PriceUpdateDate>2016-06-28 07:03:26</PriceUpdateDate><ItemCode>7290000178721</ItemCode><ItemType>1</ItemType><ItemName>תפוצ'יפס טבעי 200 גר</ItemName><ManufacturerName>תפוצ'יפס</ManufacturerName><ManufactureCountry>ישראל</ManufactureCountry><ManufacturerItemDescription>תפוציפס מלוח 200 גר</ManufacturerItemDescription><SoldByWeight/><Quantity>200.00</Quantity><UnitOfMeasure>גרם     </UnitOfMeasure><QtyInPackage>לא ידוע</QtyInPackage><UnitOfMeasurePrice>0.0610</UnitOfMeasurePrice><AllowDiscount>1</AllowDiscount><ItemStatus>1</ItemStatus><ItemPrice>12.20</ItemPrice></item><item><PriceUpdateDate>2016-05-01 10:31:20</PriceUpdateDate><ItemCode>7290000181103</ItemCode><ItemType>1</ItemType><ItemName>ביסקוויט עד חצות חלב</ItemName><ManufacturerName>פרה</ManufacturerName><ManufactureCountry>ישראל</ManufactureCountry><ManufacturerItemDescription>ביסקוויט חלב 200 גר</ManufacturerItemDescription><SoldByWeight/><Quantity>200.00</Quantity><UnitOfMeasure>גרם     </UnitOfMeasure><QtyInPackage>לא ידוע</QtyInPackage><UnitOfMeasurePrice>0.0745</UnitOfMeasurePrice><AllowDiscount>1</AllowDiscount><ItemStatus>1</ItemStatus><ItemPrice>14.90</ItemPrice></item><item><PriceUpdateDate>2016-05-01 06:10:45</PriceUpdateDate><ItemCode>7290000186535</ItemCode><ItemType>1</ItemType><ItemName>נייר טואלט לילי טריו</ItemName><ManufacturerName>לילי</ManufacturerName><ManufactureCountry>ישראל</ManufactureCountry><ManufacturerItemDescription>לילי טריו לבן נייר טואלט</ManufacturerItemDescription><SoldByWeight/><Quantity>535.00</Quantity><UnitOfMeasure>מטר</UnitOfMeasure><QtyInPackage>לא ידוע</QtyInPackage><UnitOfMeasurePrice>0.0914</UnitOfMeasurePrice><AllowDiscount>1</AllowDiscount><ItemStatus>1</ItemStatus><ItemPrice>48.90</ItemPrice></item><item><PriceUpdateDate>2016-05-01 10:27:53</PriceUpdateDate><ItemCode>7290000187824</ItemCode><ItemType>1</ItemType><ItemName>חלה חיטה מלאה</ItemName><ManufacturerName>מאפה צרפתי</ManufacturerName><ManufactureCountry>ישראל</ManufactureCountry><ManufacturerItemDescription>חלה חיטה מלאה</ManufacturerItemDescription><SoldByWeight/><Quantity>1000.00</Quantity><UnitOfMeasure>קג</UnitOfMeasure><QtyInPackage>לא ידוע</QtyInPackage><UnitOfMeasurePrice>0.0119</UnitOfMeasurePrice><AllowDiscount>1</AllowDiscount><ItemStatus>1</ItemStatus><ItemPrice>11.90</ItemPrice></item><item><PriceUpdateDate>2016-05-31 06:15:43</PriceUpdateDate><ItemCode>7290000187921</ItemCode><ItemType>1</ItemType><ItemName>נ.טואלט לילי קלאסיק</ItemName><ManufacturerName>לילי</ManufacturerName><ManufactureCountry>ישראל</ManufactureCountry><ManufacturerItemDescription>נייר טואלט לילי לבן 32 יח</ManufacturerItemDescription><SoldByWeight/><Quantity>589.00</Quantity><UnitOfMeasure>מטר</UnitOfMeasure><QtyInPackage>לא ידוע</QtyInPackage><UnitOfMeasurePrice>0.0657</UnitOfMeasurePrice><AllowDiscount>1</AllowDiscount><ItemStatus>1</ItemStatus><ItemPrice>38.70</ItemPrice></item><item><PriceUpdateDate>2016-08-02 09:29:37</PriceUpdateDate><ItemCode>7290000187938</ItemCode><ItemType>1</ItemType><ItemName>נייר טואלט לילי פסטל</ItemName><ManufacturerName>לילי</ManufacturerName><ManufactureCountry>ישראל</ManufactureCountry><ManufacturerItemDescription>נייר טואלט לילי פסטל</ManufacturerItemDescription><SoldByWeight/><Quantity>589.00</Quantity><UnitOfMeasure>מטר</UnitOfMeasure><QtyInPackage>לא ידוע</QtyInPackage><UnitOfMeasurePrice>0.0691</UnitOfMeasurePrice><AllowDiscount>1</AllowDiscount><ItemStatus>1</ItemStatus><ItemPrice>40.70</ItemPrice></item><item><PriceUpdateDate>2016-08-07 20:02:46</PriceUpdateDate><ItemCode>7290000187952</ItemCode><ItemType>1</ItemType><ItemName>נייר טואלט לילי טריו</ItemName><ManufacturerName>לילי</ManufacturerName><ManufactureCountry>ישראל</ManufactureCountry><ManufacturerItemDescription>לילי טריו 32 יחידות</ManufacturerItemDescription><SoldByWeight/><Quantity>535.00</Quantity><UnitOfMeasure>מטר</UnitOfMeasure><QtyInPackage>לא ידוע</QtyInPackage><UnitOfMeasurePrice>0.0933</UnitOfMeasurePrice><AllowDiscount>1</AllowDiscount><ItemStatus>1</ItemStatus><ItemPrice>49.90</ItemPrice></item><item><PriceUpdateDate>2016-01-05 07:13:58</PriceUpdateDate><ItemCode>7290000188355</ItemCode><ItemType>1</ItemType><ItemName>מב מגבת נייר ניקול ש</ItemName><ManufacturerName>ניקול</ManufacturerName><ManufactureCountry>ישראל</ManufactureCountry><ManufacturerItemDescription>מגבת נייר ניקול</ManufacturerItemDescription><SoldByWeight/><Quantity>6.00</Quantity><UnitOfMeasure>מטר</UnitOfMeasure><QtyInPackage>לא ידוע</QtyInPackage><UnitOfMeasurePrice>1.6500</UnitOfMeasurePrice><AllowDiscount>1</AllowDiscount><ItemStatus>1</ItemStatus><ItemPrice>9.90</ItemPrice></item><item><PriceUpdateDate>2016-08-02 09:29:37</PriceUpdateDate><ItemCode>7290000189079</ItemCode><ItemType>1</ItemType><ItemName>מב מגשיות אלומיניום</ItemName><ManufacturerName>ניקול</ManufacturerName><ManufactureCountry>ישראל</ManufactureCountry><ManufacturerItemDescription>מב מגשיות אלומיניום</ManufacturerItemDescription><SoldByWeight/><Quantity>6.00</Quantity><UnitOfMeasure>יח'</UnitOfMeasure><QtyInPackage>לא ידוע</QtyInPackage><UnitOfMeasurePrice>1.8167</UnitOfMeasurePrice><AllowDiscount>1</AllowDiscount><ItemStatus>1</ItemStatus><ItemPrice>10.90</ItemPrice></item><item><PriceUpdateDate>2016-05-01 06:10:46</PriceUpdateDate><ItemCode>7290000189192</ItemCode><ItemType>1</ItemType><ItemName>ניקול סופר מטלית</ItemName><ManufacturerName>ניקול</ManufacturerName><ManufactureCountry>ישראל</ManufactureCountry><ManufacturerItemDescription>מגבת ניקול סופר מטלית</ManufacturerItemDescription><SoldByWeight/><Quantity>1.00</Quantity><UnitOfMeasure>יח'</UnitOfMeasure><QtyInPackage>לא ידוע</QtyInPackage><UnitOfMeasurePrice>19.9000</UnitOfMeasurePrice><AllowDiscount>1</AllowDiscount><ItemStatus>1</ItemStatus><ItemPrice>19.90</ItemPrice></item><item><PriceUpdateDate>2016-08-02 09:29:37</PriceUpdateDate><ItemCode>7290000189208</ItemCode><ItemType>1</ItemType><ItemName>מב מטלית הקסם לשיש נ</ItemName><ManufacturerName>ניקול</ManufacturerName><ManufactureCountry>סין</ManufactureCountry><ManufacturerItemDescription>דאודורנט        ורט50גרם</ManufacturerItemDescription><SoldByWeight/><Quantity>1.00</Quantity><UnitOfMeasure>יח'</UnitOfMeasure><QtyInPackage>לא ידוע</QtyInPackage><UnitOfMeasurePrice>5.0000</UnitOfMeasurePrice><AllowDiscount>1</AllowDiscount><ItemStatus>1</ItemStatus><ItemPrice>5.00</ItemPrice></item><item><PriceUpdateDate>2016-06-28 07:03:26</PriceUpdateDate><ItemCode>7290000189215</ItemCode><ItemType>1</ItemType><ItemName>מב מטלית הקסם לרצפה</ItemName><ManufacturerName>ניקול</ManufacturerName><ManufactureCountry>ישראל</ManufactureCountry><ManufacturerItemDescription>מטלית הקסם ניקול לרצפה</ManufacturerItemDescription><SoldByWeight/><Quantity>1.00</Quantity><UnitOfMeasure>יח'</UnitOfMeasure><QtyInPackage>לא ידוע</QtyInPackage><UnitOfMeasurePrice>9.9000</UnitOfMeasurePrice><AllowDiscount>1</AllowDiscount><ItemStatus>1</ItemStatus><ItemPrice>9.90</ItemPrice></item><item><PriceUpdateDate>2015-10-19 10:44:24</PriceUpdateDate><ItemCode>7290000189499</ItemCode><ItemType>1</ItemType><ItemName>תבניות אפייה חד פעמי</ItemName><ManufacturerName>ניקול</ManufacturerName><ManufactureCountry>ישראל</ManufactureCountry><ManufacturerItemDescription>תבניות אפייה חד פעמי</ManufacturerItemDescription><SoldByWeight/><Quantity>3.00</Quantity><UnitOfMeasure>בודד</UnitOfMeasure><QtyInPackage>לא ידוע</QtyInPackage><UnitOfMeasurePrice>4.1333</UnitOfMeasurePrice><AllowDiscount>1</AllowDiscount><ItemStatus>1</ItemStatus><ItemPrice>12.40</ItemPrice></item><item><PriceUpdateDate>2015-10-19 10:44:24</PriceUpdateDate><ItemCode>7290000189505</ItemCode><ItemType>1</ItemType><ItemName>תבניות אפייה חד פעמי</ItemName><ManufacturerName>ניקול</ManufacturerName><ManufactureCountry>ישראל</ManufactureCountry><ManufacturerItemDescription>תבנית אפייה קרטון אינגליש</ManufacturerItemDescription><SoldByWeight/><Quantity>5.00</Quantity><UnitOfMeasure>בודד</UnitOfMeasure><QtyInPackage>לא ידוע</QtyInPackage><UnitOfMeasurePrice>2.4800</UnitOfMeasurePrice><AllowDiscount>1</AllowDiscount><ItemStatus>1</ItemStatus><ItemPrice>12.40</ItemPrice></item><item><PriceUpdateDate>2016-08-02 09:29:37</PriceUpdateDate><ItemCode>7290000189598</ItemCode><ItemType>1</ItemType><ItemName>מב מטליות לחות חד"פ</ItemName><ManufacturerName>ניקול</ManufacturerName><ManufactureCountry>ישראל</ManufactureCountry><ManufacturerItemDescription>מגבוני ניקול לניקוי כללי5</ManufacturerItemDescription><SoldByWeight/><Quantity>50.00</Quantity><UnitOfMeasure>יח'</UnitOfMeasure><QtyInPackage>לא ידוע</QtyInPackage><UnitOfMeasurePrice>0.2180</UnitOfMeasurePrice><AllowDiscount>1</AllowDiscount><ItemStatus>1</ItemStatus><ItemPrice>10.90</ItemPrice></item><item><PriceUpdateDate>2016-05-31 06:15:43</PriceUpdateDate><ItemCode>7290000189871</ItemCode><ItemType>1</ItemType><ItemName>אשפתון 60 שקיות ניקו</ItemName><ManufacturerName>ניקול</ManufacturerName><ManufactureCountry>ישראל</ManufactureCountry><ManufacturerItemDescription>ש.אשפה מתכלות 60 יח</ManufacturerItemDescription><SoldByWeight/><Quantity>60.00</Quantity><UnitOfMeasure>חב'</UnitOfMeasure><QtyInPackage>לא ידוע</QtyInPackage><UnitOfMeasurePrice>0.3650</UnitOfMeasurePrice><AllowDiscount>1</AllowDiscount><ItemStatus>1</ItemStatus><ItemPrice>21.90</ItemPrice></item><item><PriceUpdateDate>2016-05-31 06:15:43</PriceUpdateDate><ItemCode>7290000191539</ItemCode><ItemType>1</ItemType><ItemName>נייר טישו לילי צבעונ</ItemName><ManufacturerName>לילי</ManufacturerName><ManufactureCountry>ישראל</ManufactureCountry><ManufacturerItemDescription>נייר טישו לילי צבעונ</ManufacturerItemDescription><SoldByWeight/><Quantity>5.00</Quantity><UnitOfMeasure>חב'</UnitOfMeasure><QtyInPackage>לא ידוע</QtyInPackage><UnitOfMeasurePrice>2.5000</UnitOfMeasurePrice><AllowDiscount>1</AllowDiscount><ItemStatus>1</ItemStatus><ItemPrice>12.50</ItemPrice></item><item><PriceUpdateDate>2016-05-01 06:43:41</PriceUpdateDate><ItemCode>7290000191546</ItemCode><ItemType>1</ItemType><ItemName>מב מארז שלישייה מגבו</ItemName><ManufacturerName>לילי</ManufacturerName><ManufactureCountry>ישראל</ManufactureCountry><ManufacturerItemDescription>מגבוני לילי צבעוני בניילו</ManufacturerItemDescription><SoldByWeight/><Quantity>0.00</Quantity><UnitOfMeasure>יח'</UnitOfMeasure><QtyInPackage>לא ידוע</QtyInPackage><UnitOfMeasurePrice>0.0000</UnitOfMeasurePrice><AllowDiscount>1</AllowDiscount><ItemStatus>1</ItemStatus><ItemPrice>8.90</ItemPrice></item><item><PriceUpdateDate>2015-10-19 10:44:24</PriceUpdateDate><ItemCode>7290000193083</ItemCode><ItemType>1</ItemType><ItemName>תחבושות נובה לי 28 י</ItemName><ManufacturerName>לא ידוע</ManufacturerName><ManufactureCountry>ישראל</ManufactureCountry><ManufacturerItemDescription>תחבושות נובה לי בודד 28 י</ManufacturerItemDescription><SoldByWeight/><Quantity>28.00</Quantity><UnitOfMeasure>בודד</UnitOfMeasure><QtyInPackage>לא ידוע</QtyInPackage><UnitOfMeasurePrice>0.4714</UnitOfMeasurePrice><AllowDiscount>1</AllowDiscount><ItemStatus>1</ItemStatus><ItemPrice>13.20</ItemPrice></item><item><PriceUpdateDate>2016-01-05 06:58:22</PriceUpdateDate><ItemCode>7290000193656</ItemCode><ItemType>1</ItemType><ItemName>תחבושות לילי סופר +</ItemName><ManufacturerName>לילי</ManufacturerName><ManufactureCountry>ישראל</ManufactureCountry><ManufacturerItemDescription>תחבושות לילי סופר +</ManufacturerItemDescription><SoldByWeight/><Quantity>24.00</Quantity><UnitOfMeasure>בודד</UnitOfMeasure><QtyInPackage>לא ידוע</QtyInPackage><UnitOfMeasurePrice>0.8208</UnitOfMeasurePrice><AllowDiscount>1</AllowDiscount><ItemStatus>1</ItemStatus><ItemPrice>19.70</ItemPrice></item><item><PriceUpdateDate>2016-05-01 06:10:48</PriceUpdateDate><ItemCode>7290000197326</ItemCode><ItemType>1</ItemType><ItemName>זוג רדיד אלומיניום ק</ItemName><ManufacturerName>ניקול</ManufacturerName><ManufactureCountry>ישראל</ManufactureCountry><ManufacturerItemDescription>רדיד אלומיניום 7.5*30 זוג</ManufacturerItemDescription><SoldByWeight/><Quantity>2.00</Quantity><UnitOfMeasure>יח'</UnitOfMeasure><QtyInPackage>לא ידוע</QtyInPackage><UnitOfMeasurePrice>5.4500</UnitOfMeasurePrice><AllowDiscount>1</AllowDiscount><ItemStatus>1</ItemStatus><ItemPrice>10.90</ItemPrice></item><item><PriceUpdateDate>2016-05-31 06:15:43</PriceUpdateDate><ItemCode>7290000197456</ItemCode><ItemType>1</ItemType><ItemName>חיתולי האגיס פרידום</ItemName><ManufacturerName>האגיס</ManufacturerName><ManufactureCountry>לא ידוע</ManufactureCountry><ManufacturerItemDescription>חיתולי האגיס פרידום</ManufacturerItemDescription><SoldByWeight/><Quantity>44.00</Quantity><UnitOfMeasure>בודד</UnitOfMeasure><QtyInPackage>לא ידוע</QtyInPackage><UnitOfMeasurePrice>0.9750</UnitOfMeasurePrice><AllowDiscount>1</AllowDiscount><ItemStatus>1</ItemStatus><ItemPrice>42.90</ItemPrice></item><item><PriceUpdateDate>2016-05-31 06:15:43</PriceUpdateDate><ItemCode>7290000197463</ItemCode><ItemType>1</ItemType><ItemName>חיתולי האגיס פרידום</ItemName><ManufacturerName>האגיס</ManufacturerName><ManufactureCountry>לא ידוע</ManufactureCountry><ManufacturerItemDescription>חיתולי האגיס פרידום</ManufacturerItemDescription><SoldByWeight/><Quantity>42.00</Quantity><UnitOfMeasure>בודד</UnitOfMeasure><QtyInPackage>לא ידוע</QtyInPackage><UnitOfMeasurePrice>1.0214</UnitOfMeasurePrice><AllowDiscount>1</AllowDiscount><ItemStatus>1</ItemStatus><ItemPrice>42.90</ItemPrice></item><item><PriceUpdateDate>2016-05-31 06:15:43</PriceUpdateDate><ItemCode>7290000197548</ItemCode><ItemType>1</ItemType><ItemName>חיתולי האגיס פרידום</ItemName><ManufacturerName>האגיס</ManufacturerName><ManufactureCountry>לא ידוע</ManufactureCountry><ManufacturerItemDescription>חיתולי האגיס פרידום</ManufacturerItemDescription><SoldByWeight/><Quantity>38.00</Quantity><UnitOfMeasure>בודד</UnitOfMeasure><QtyInPackage>לא ידוע</QtyInPackage><UnitOfMeasurePrice>1.1289</UnitOfMeasurePrice><AllowDiscount>1</AllowDiscount><ItemStatus>1</ItemStatus><ItemPrice>42.90</ItemPrice></item><item><PriceUpdateDate>2016-08-02 09:29:38</PriceUpdateDate><ItemCode>7290000197654</ItemCode><ItemType>1</ItemType><ItemName>מב אשפתון ניקול 50 י</ItemName><ManufacturerName>ניקול</ManufacturerName><ManufactureCountry>ישראל</ManufactureCountry><ManufacturerItemDescription>אשפתון ענק 50 75*90 יחידו</ManufacturerItemDescription><SoldByWeight/><Quantity>50.00</Quantity><UnitOfMeasure>בודד</UnitOfMeasure><QtyInPackage>לא ידוע</QtyInPackage><UnitOfMeasurePrice>0.4380</UnitOfMeasurePrice><AllowDiscount>1</AllowDiscount><ItemStatus>1</ItemStatus><ItemPrice>21.90</ItemPrice></item><item><PriceUpdateDate>2016-05-31 06:15:43</PriceUpdateDate><ItemCode>7290000197678</ItemCode><ItemType>1</ItemType><ItemName>חיתולי האגיס פרידום</ItemName><ManufacturerName>האגיס</ManufacturerName><ManufactureCountry>לא ידוע</ManufactureCountry><ManufacturerItemDescription>חיתולי האגיס פרידום</ManufacturerItemDescription><SoldByWeight/><Quantity>34.00</Quantity><UnitOfMeasure>בודד</UnitOfMeasure><QtyInPackage>לא ידוע</QtyInPackage><UnitOfMeasurePrice>1.2618</UnitOfMeasurePrice><AllowDiscount>1</AllowDiscount><ItemStatus>1</ItemStatus><ItemPrice>42.90</ItemPrice></item><item><PriceUpdateDate>2016-08-02 09:29:38</PriceUpdateDate><ItemCode>7290000197753</ItemCode><ItemType>1</ItemType><ItemName>מב זוג ניילון נצמד נ</ItemName><ManufacturerName>ניקול</ManufacturerName><ManufactureCountry>ישראל</ManufactureCountry><ManufacturerItemDescription>ניילונית ניקול זוג</ManufacturerItemDescription><SoldByWeight/><Quantity>60.00</Quantity><UnitOfMeasure>מטר</UnitOfMeasure><QtyInPackage>לא ידוע</QtyInPackage><UnitOfMeasurePrice>0.1817</UnitOfMeasurePrice><AllowDiscount>1</AllowDiscount><ItemStatus>1</ItemStatus><ItemPrice>10.90</ItemPrice></item><item><PriceUpdateDate>2016-06-28 07:03:28</PriceUpdateDate><ItemCode>7290000197876</ItemCode><ItemType>1</ItemType><ItemName>מב תבניות אפייה חד פ</ItemName><ManufacturerName>ניקול</ManufacturerName><ManufactureCountry>ישראל</ManufactureCountry><ManufacturerItemDescription>תבנית אלומיניום קטן 4 יח</ManufacturerItemDescription><SoldByWeight/><Quantity>4.00</Quantity><UnitOfMeasure>יח'</UnitOfMeasure><QtyInPackage>לא ידוע</QtyInPackage><UnitOfMeasurePrice>1.9750</UnitOfMeasurePrice><AllowDiscount>1</AllowDiscount><ItemStatus>1</ItemStatus><ItemPrice>7.90</ItemPrice></item><item><PriceUpdateDate>2016-06-28 07:03:28</PriceUpdateDate><ItemCode>7290000197883</ItemCode><ItemType>1</ItemType><ItemName>מב תבניות אפייה חד פ</ItemName><ManufacturerName>ניקול</ManufacturerName><ManufactureCountry>ישראל</ManufactureCountry><ManufacturerItemDescription>תבנית אלומיניום גדול 4 יח</ManufacturerItemDescription><SoldByWeight/><Quantity>0.00</Quantity><UnitOfMeasure>יח'</UnitOfMeasure><QtyInPackage>לא ידוע</QtyInPackage><UnitOfMeasurePrice>0.0000</UnitOfMeasurePrice><AllowDiscount>1</AllowDiscount><ItemStatus>1</ItemStatus><ItemPrice>7.90</ItemPrice></item><item><PriceUpdateDate>2016-06-28 07:03:28</PriceUpdateDate><ItemCode>7290000197951</ItemCode><ItemType>1</ItemType><ItemName>מב תבנית אפיה חד פעמ</ItemName><ManufacturerName>ניקול</ManufacturerName><ManufactureCountry>ישראל</ManufactureCountry><ManufacturerItemDescription>תבנית אלומיניום ענק 2 יח</ManufacturerItemDescription><SoldByWeight/><Quantity>1.00</Quantity><UnitOfMeasure>יח'</UnitOfMeasure><QtyInPackage>לא ידוע</QtyInPackage><UnitOfMeasurePrice>7.9000</UnitOfMeasurePrice><AllowDiscount>1</AllowDiscount><ItemStatus>1</ItemStatus><ItemPrice>7.90</ItemPrice></item><item><PriceUpdateDate>2016-06-28 07:03:28</PriceUpdateDate><ItemCode>7290000199313</ItemCode><ItemType>1</ItemType><ItemName>מב תחבושות קוטקס לנע</ItemName><ManufacturerName>קוטקס</ManufacturerName><ManufactureCountry>ישראל</ManufactureCountry><ManufacturerItemDescription>קוטקס תחבושות לנערות 28</ManufacturerItemDescription><SoldByWeight/><Quantity>28.00</Quantity><UnitOfMeasure>בודד</UnitOfMeasure><QtyInPackage>לא ידוע</QtyInPackage><UnitOfMeasurePrice>0.6393</UnitOfMeasurePrice><AllowDiscount>1</AllowDiscount><ItemStatus>1</ItemStatus><ItemPrice>17.90</ItemPrice></item><item><PriceUpdateDate>2016-05-31 06:15:44</PriceUpdateDate><ItemCode>7290000201849</ItemCode><ItemType>1</ItemType><ItemName>טיטולים פרמיום שלב 4</ItemName><ManufacturerName>טיטולים פרמיום</ManufacturerName><ManufactureCountry>ישראל</ManufactureCountry><ManufacturerItemDescription>טיטולים פרמיום שלב 4</ManufacturerItemDescription><SoldByWeight/><Quantity>42.00</Quantity><UnitOfMeasure>בודד</UnitOfMeasure><QtyInPackage>לא ידוע</QtyInPackage><UnitOfMeasurePrice>0.7833</UnitOfMeasurePrice><AllowDiscount>1</AllowDiscount><ItemStatus>1</ItemStatus><ItemPrice>32.90</ItemPrice></item><item><PriceUpdateDate>2016-05-31 06:15:44</PriceUpdateDate><ItemCode>7290000201856</ItemCode><ItemType>1</ItemType><ItemName>טיטולים פרמיום שלב 4</ItemName><ManufacturerName>טיטולים פרמיום</ManufacturerName><ManufactureCountry>ישראל</ManufactureCountry><ManufacturerItemDescription>טיטולים פרמיום שלב 4</ManufacturerItemDescription><SoldByWeight/><Quantity>40.00</Quantity><UnitOfMeasure>בודד</UnitOfMeasure><QtyInPackage>לא ידוע</QtyInPackage><UnitOfMeasurePrice>0.8225</UnitOfMeasurePrice><AllowDiscount>1</AllowDiscount><ItemStatus>1</ItemStatus><ItemPrice>32.90</ItemPrice></item><item><PriceUpdateDate>2016-05-31 06:15:44</PriceUpdateDate><ItemCode>7290000201870</ItemCode><ItemType>1</ItemType><ItemName>טיטולים פרמיום שלב 6</ItemName><ManufacturerName>טיטולים פרמיום</ManufacturerName><ManufactureCountry>ישראל</ManufactureCountry><ManufacturerItemDescription>טיטולים פרמיום שלב 6</ManufacturerItemDescription><SoldByWeight/><Quantity>34.00</Quantity><UnitOfMeasure>בודד</UnitOfMeasure><QtyInPackage>לא ידוע</QtyInPackage><UnitOfMeasurePrice>0.9676</UnitOfMeasurePrice><AllowDiscount>1</AllowDiscount><ItemStatus>1</ItemStatus><ItemPrice>32.90</ItemPrice></item><item><PriceUpdateDate>2016-08-02 09:29:38</PriceUpdateDate><ItemCode>7290000204086</ItemCode><ItemType>1</ItemType><ItemName>מב כרית קירצוף ניקול</ItemName><ManufacturerName>ניקול</ManufacturerName><ManufactureCountry>ישראל</ManufactureCountry><ManufacturerItemDescription>כרית קירצוף ניקול</ManufacturerItemDescription><SoldByWeight/><Quantity>0.00</Quantity><UnitOfMeasure>יח'</UnitOfMeasure><QtyInPackage>לא ידוע</QtyInPackage><UnitOfMeasurePrice>0.0000</UnitOfMeasurePrice><AllowDiscount>1</AllowDiscount><ItemStatus>1</ItemStatus><ItemPrice>10.90</ItemPrice></item><item><PriceUpdateDate>2015-11-10 07:31:48</PriceUpdateDate><ItemCode>7290000204147</ItemCode><ItemType>1</ItemType><ItemName>כריות יפניות 2 ב-1 נ</ItemName><ManufacturerName>ניקול</ManufacturerName><ManufactureCountry>ישראל</ManufactureCountry><ManufacturerItemDescription>כרית יפנית עבה ניקול</ManufacturerItemDescription><SoldByWeight/><Quantity>0.00</Quantity><UnitOfMeasure>יח'</UnitOfMeasure><QtyInPackage>לא ידוע</QtyInPackage><UnitOfMeasurePrice>0.0000</UnitOfMeasurePrice><AllowDiscount>1</AllowDiscount><ItemStatus>1</ItemStatus><ItemPrice>16.40</ItemPrice></item><item><PriceUpdateDate>2016-05-01 06:43:42</PriceUpdateDate><ItemCode>7290000204215</ItemCode><ItemType>1</ItemType><ItemName>כרית יפנית שישייה ני</ItemName><ManufacturerName>ניקול</ManufacturerName><ManufactureCountry>ישראל</ManufactureCountry><ManufacturerItemDescription>כרית יפנית 2+4 ניקול</ManufacturerItemDescription><SoldByWeight/><Quantity>0.00</Quantity><UnitOfMeasure>יח'</UnitOfMeasure><QtyInPackage>לא ידוע</QtyInPackage><UnitOfMeasurePrice>0.0000</UnitOfMeasurePrice><AllowDiscount>1</AllowDiscount><ItemStatus>1</ItemStatus><ItemPrice>10.90</ItemPrice></item><item><PriceUpdateDate>2016-08-02 09:29:38</PriceUpdateDate><ItemCode>7290000204307</ItemCode><ItemType>1</ItemType><ItemName>מב מטליות רב שימושיו</ItemName><ManufacturerName>ניקול</ManufacturerName><ManufactureCountry>ישראל</ManufactureCountry><ManufacturerItemDescription>מב מטליות רב שימושיו</ManufacturerItemDescription><SoldByWeight/><Quantity>40.00</Quantity><UnitOfMeasure>חב'</UnitOfMeasure><QtyInPackage>לא ידוע</QtyInPackage><UnitOfMeasurePrice>0.4225</UnitOfMeasurePrice><AllowDiscount>1</AllowDiscount><ItemStatus>1</ItemStatus><ItemPrice>16.90</ItemPrice></item><item><PriceUpdateDate>2016-04-08 06:42:06</PriceUpdateDate><ItemCode>7290000207162</ItemCode><ItemType>1</ItemType><ItemName>רסק עגבניות יכין 100</ItemName><ManufacturerName>יכין</ManufacturerName><ManufactureCountry>ישראל</ManufactureCountry><ManufacturerItemDescription>רסק עגבניות יכין 100</ManufacturerItemDescription><SoldByWeight/><Quantity>100.00</Quantity><UnitOfMeasure>גרם     </UnitOfMeasure><QtyInPackage>לא ידוע</QtyInPackage><UnitOfMeasurePrice>0.0200</UnitOfMeasurePrice><AllowDiscount>0</AllowDiscount><ItemStatus>1</ItemStatus><ItemPrice>2.00</ItemPrice></item><item><PriceUpdateDate>2016-08-07 20:04:28</PriceUpdateDate><ItemCode>7290000208145</ItemCode><ItemType>1</ItemType><ItemName>תירס לייט יכין A2 60</ItemName><ManufacturerName>יכין</ManufacturerName><ManufactureCountry>ישראל</ManufactureCountry><ManufacturerItemDescription>תירס לייט 550  גרם</ManufacturerItemDescription><SoldByWeight/><Quantity>335.00</Quantity><UnitOfMeasure>גרם     </UnitOfMeasure><QtyInPackage>לא ידוע</QtyInPackage><UnitOfMeasurePrice>0.0266</UnitOfMeasurePrice><AllowDiscount>1</AllowDiscount><ItemStatus>1</ItemStatus><ItemPrice>8.90</ItemPrice></item><item><PriceUpdateDate>2016-02-08 14:14:15</PriceUpdateDate><ItemCode>7290000208312</ItemCode><ItemType>1</ItemType><ItemName>תירס ווקום 12 אונס 2</ItemName><ManufacturerName>לא ממותג</ManufacturerName><ManufactureCountry>ישראל</ManufactureCountry><ManufacturerItemDescription>תירס גרעינים 340 גרם</ManufacturerItemDescription><SoldByWeight/><Quantity>285.00</Quantity><UnitOfMeasure>גרם     </UnitOfMeasure><QtyInPackage>לא ידוע</QtyInPackage><UnitOfMeasurePrice>0.0242</UnitOfMeasurePrice><AllowDiscount>0</AllowDiscount><ItemStatus>1</ItemStatus><ItemPrice>6.90</ItemPrice></item><item><PriceUpdateDate>2016-05-31 06:15:44</PriceUpdateDate><ItemCode>7290000208329</ItemCode><ItemType>1</ItemType><ItemName>תירס גרעינים A2 560</ItemName><ManufacturerName>יכין</ManufacturerName><ManufactureCountry>ישראל</ManufactureCountry><ManufacturerItemDescription>תירס גרעינים560 גר .יכין</ManufacturerItemDescription><SoldByWeight/><Quantity>335.00</Quantity><UnitOfMeasure>גרם     </UnitOfMeasure><QtyInPackage>לא ידוע</QtyInPackage><UnitOfMeasurePrice>0.0176</UnitOfMeasurePrice><AllowDiscount>1</AllowDiscount><ItemStatus>1</ItemStatus><ItemPrice>5.90</ItemPrice></item><item><PriceUpdateDate>2015-10-11 06:43:45</PriceUpdateDate><ItemCode>7290000208336</ItemCode><ItemType>1</ItemType><ItemName>רסק 22% יכין 260 גרם</ItemName><ManufacturerName>יכין</ManufacturerName><ManufactureCountry>ישראל</ManufactureCountry><ManufacturerItemDescription>רסק עגבניות 260 22% ג</ManufacturerItemDescription><SoldByWeight/><Quantity>260.00</Quantity><UnitOfMeasure>גרם     </UnitOfMeasure><QtyInPackage>לא ידוע</QtyInPackage><UnitOfMeasurePrice>0.0208</UnitOfMeasurePrice><AllowDiscount>1</AllowDiscount><ItemStatus>1</ItemStatus><ItemPrice>5.40</ItemPrice></item><item><PriceUpdateDate>2016-03-01 07:00:26</PriceUpdateDate><ItemCode>7290000208480</ItemCode><ItemType>1</ItemType><ItemName>תירס A3 בטעם חמאה 60</ItemName><ManufacturerName>יכין</ManufacturerName><ManufactureCountry>ישראל</ManufactureCountry><ManufacturerItemDescription>תירס A3 בטעם חמאה 60</ManufacturerItemDescription><SoldByWeight/><Quantity>600.00</Quantity><UnitOfMeasure>גרם     </UnitOfMeasure><QtyInPackage>לא ידוע</QtyInPackage><UnitOfMeasurePrice>0.0153</UnitOfMeasurePrice><AllowDiscount>1</AllowDiscount><ItemStatus>1</ItemStatus><ItemPrice>9.20</ItemPrice></item><item><PriceUpdateDate>2016-03-01 07:00:26</PriceUpdateDate><ItemCode>7290000208534</ItemCode><ItemType>1</ItemType><ItemName>תירס קיד A2 600 גרם</ItemName><ManufacturerName>לא ממותג</ManufacturerName><ManufactureCountry>ישראל</ManufactureCountry><ManufacturerItemDescription>תירס קיד A2 600 גרם</ManufacturerItemDescription><SoldByWeight/><Quantity>335.00</Quantity><UnitOfMeasure>גרם     </UnitOfMeasure><QtyInPackage>לא ידוע</QtyInPackage><UnitOfMeasurePrice>0.0281</UnitOfMeasurePrice><AllowDiscount>1</AllowDiscount><ItemStatus>1</ItemStatus><ItemPrice>9.40</ItemPrice></item><item><PriceUpdateDate>2015-11-10 07:31:48</PriceUpdateDate><ItemCode>7290000208893</ItemCode><ItemType>1</ItemType><ItemName>תירס לייט 12 אונס  י</ItemName><ManufacturerName>יכין</ManufacturerName><ManufactureCountry>ישראל</ManufactureCountry><ManufacturerItemDescription>תירס לייט 12 אונס  י</ManufacturerItemDescription><SoldByWeight/><Quantity>285.00</Quantity><UnitOfMeasure>גרם     </UnitOfMeasure><QtyInPackage>לא ידוע</QtyInPackage><UnitOfMeasurePrice>0.0295</UnitOfMeasurePrice><AllowDiscount>1</AllowDiscount><ItemStatus>1</ItemStatus><ItemPrice>8.40</ItemPrice></item><item><PriceUpdateDate>2015-10-11 06:43:45</PriceUpdateDate><ItemCode>7290000208947</ItemCode><ItemType>1</ItemType><ItemName>עגבניות מרוסקות יכין</ItemName><ManufacturerName>יכין</ManufacturerName><ManufactureCountry>ישראל</ManufactureCountry><ManufacturerItemDescription>עגבניות מרוסקות 260 גרם</ManufacturerItemDescription><SoldByWeight/><Quantity>260.00</Quantity><UnitOfMeasure>גרם     </UnitOfMeasure><QtyInPackage>לא ידוע</QtyInPackage><UnitOfMeasurePrice>0.0254</UnitOfMeasurePrice><AllowDiscount>0</AllowDiscount><ItemStatus>1</ItemStatus><ItemPrice>6.60</ItemPrice></item><item><PriceUpdateDate>2016-06-28 07:03:28</PriceUpdateDate><ItemCode>7290000209043</ItemCode><ItemType>1</ItemType><ItemName>מיץ לימון משומר יכין</ItemName><ManufacturerName>לא ממותג</ManufacturerName><ManufactureCountry>ישראל</ManufactureCountry><ManufacturerItemDescription>מיץ לימון משומר 1 ל</ManufacturerItemDescription><SoldByWeight/><Quantity>1000.00</Quantity><UnitOfMeasure>מ"ל</UnitOfMeasure><QtyInPackage>לא ידוע</QtyInPackage><UnitOfMeasurePrice>0.0082</UnitOfMeasurePrice><AllowDiscount>1</AllowDiscount><ItemStatus>1</ItemStatus><ItemPrice>8.20</ItemPrice></item><item><PriceUpdateDate>2016-05-31 06:15:44</PriceUpdateDate><ItemCode>7290000209371</ItemCode><ItemType>1</ItemType><ItemName>שלישיית תירס מתוק יכ</ItemName><ManufacturerName>יכין</ManufacturerName><ManufactureCountry>לא ידוע</ManufactureCountry><ManufacturerItemDescription>שלישיית תירס מתוק יכ</ManufacturerItemDescription><SoldByWeight/><Quantity>165.00</Quantity><UnitOfMeasure>גרם     </UnitOfMeasure><QtyInPackage>לא ידוע</QtyInPackage><UnitOfMeasurePrice>0.0861</UnitOfMeasurePrice><AllowDiscount>1</AllowDiscount><ItemStatus>1</ItemStatus><ItemPrice>14.20</ItemPrice></item><item><PriceUpdateDate>2015-10-11 06:43:45</PriceUpdateDate><ItemCode>7290000209708</ItemCode><ItemType>1</ItemType><ItemName>עגבניות מרוסקות בזיל</ItemName><ManufacturerName>יכין</ManufacturerName><ManufactureCountry>ישראל</ManufactureCountry><ManufacturerItemDescription>עגבניות מרוסקות בזיל</ManufacturerItemDescription><SoldByWeight/><Quantity>260.00</Quantity><UnitOfMeasure>גרם     </UnitOfMeasure><QtyInPackage>לא ידוע</QtyInPackage><UnitOfMeasurePrice>0.0254</UnitOfMeasurePrice><AllowDiscount>0</AllowDiscount><ItemStatus>1</ItemStatus><ItemPrice>6.60</ItemPrice></item><item><PriceUpdateDate>2015-01-27 10:35:10</PriceUpdateDate><ItemCode>7290000209715</ItemCode><ItemType>1</ItemType><ItemName>רסק עגבניות 22% A2 5</ItemName><ManufacturerName>לא ידוע</ManufacturerName><ManufactureCountry>ישראל</ManufactureCountry><ManufacturerItemDescription>רסק עגבניות 22% A2 5</ManufacturerItemDescription><SoldByWeight/><Quantity>560.00</Quantity><UnitOfMeasure>גרם     </UnitOfMeasure><QtyInPackage>לא ידוע</QtyInPackage><UnitOfMeasurePrice>0.0146</UnitOfMeasurePrice><AllowDiscount>1</AllowDiscount><ItemStatus>1</ItemStatus><ItemPrice>8.20</ItemPrice></item><item><PriceUpdateDate>2015-10-11 06:43:45</PriceUpdateDate><ItemCode>7290000209906</ItemCode><ItemType>1</ItemType><ItemName>עגבניות מרוסקות בצל</ItemName><ManufacturerName>יכין</ManufacturerName><ManufactureCountry>ישראל</ManufactureCountry><ManufacturerItemDescription>עגבניות מרוסקות+בצל 260 ג</ManufacturerItemDescription><SoldByWeight/><Quantity>260.00</Quantity><UnitOfMeasure>גרם     </UnitOfMeasure><QtyInPackage>לא ידוע</QtyInPackage><UnitOfMeasurePrice>0.0254</UnitOfMeasurePrice><AllowDiscount>1</AllowDiscount><ItemStatus>1</ItemStatus><ItemPrice>6.60</ItemPrice></item><item><PriceUpdateDate>2015-10-11 06:43:45</PriceUpdateDate><ItemCode>7290000209913</ItemCode><ItemType>1</ItemType><ItemName>עגבניות קוביות 260 ג</ItemName><ManufacturerName>לא ידוע</ManufacturerName><ManufactureCountry>ישראל</ManufactureCountry><ManufacturerItemDescription>עגבניות קוביות 260 ג</ManufacturerItemDescription><SoldByWeight/><Quantity>260.00</Quantity><UnitOfMeasure>גרם     </UnitOfMeasure><QtyInPackage>לא ידוע</QtyInPackage><UnitOfMeasurePrice>0.0254</UnitOfMeasurePrice><AllowDiscount>0</AllowDiscount><ItemStatus>1</ItemStatus><ItemPrice>6.60</ItemPrice></item><item><PriceUpdateDate>2015-10-11 06:43:45</PriceUpdateDate><ItemCode>7290000209944</ItemCode><ItemType>1</ItemType><ItemName>עגבניות לשקשוקה 260</ItemName><ManufacturerName>יכין</ManufacturerName><ManufactureCountry>ישראל</ManufactureCountry><ManufacturerItemDescription>עגבניות לשקשוקה 260</ManufacturerItemDescription><SoldByWeight/><Quantity>260.00</Quantity><UnitOfMeasure>גרם     </UnitOfMeasure><QtyInPackage>לא ידוע</QtyInPackage><UnitOfMeasurePrice>0.0254</UnitOfMeasurePrice><AllowDiscount>1</AllowDiscount><ItemStatus>1</ItemStatus><ItemPrice>6.60</ItemPrice></item><item><PriceUpdateDate>2015-01-27 10:35:10</PriceUpdateDate><ItemCode>7290000210469</ItemCode><ItemType>1</ItemType><ItemName>עגבניות שלמות 800 גר</ItemName><ManufacturerName>יכין</ManufacturerName><ManufactureCountry>ישראל</ManufactureCountry><ManufacturerItemDescription>עגבניות שלמות 800 גר</ManufacturerItemDescription><SoldByWeight/><Quantity>465.00</Quantity><UnitOfMeasure>גרם     </UnitOfMeasure><QtyInPackage>לא ידוע</QtyInPackage><UnitOfMeasurePrice>0.0206</UnitOfMeasurePrice><AllowDiscount>1</AllowDiscount><ItemStatus>1</ItemStatus><ItemPrice>9.60</ItemPrice></item><item><PriceUpdateDate>2015-10-19 10:44:25</PriceUpdateDate><ItemCode>7290000210896</ItemCode><ItemType>1</ItemType><ItemName>רוטב בולונז 260 גרם</ItemName><ManufacturerName>יכין</ManufacturerName><ManufactureCountry>ישראל</ManufactureCountry><ManufacturerItemDescription>רוטב בולונז 260 גרם</ManufacturerItemDescription><SoldByWeight/><Quantity>260.00</Quantity><UnitOfMeasure>גרם     </UnitOfMeasure><QtyInPackage>לא ידוע</QtyInPackage><UnitOfMeasurePrice>0.0258</UnitOfMeasurePrice><AllowDiscount>1</AllowDiscount><ItemStatus>1</ItemStatus><ItemPrice>6.70</ItemPrice></item><item><PriceUpdateDate>2016-05-01 10:27:53</PriceUpdateDate><ItemCode>7290000210904</ItemCode><ItemType>1</ItemType><ItemName>לחמניה אצבע</ItemName><ManufacturerName>מאפה צרפתי</ManufacturerName><ManufactureCountry>ישראל</ManufactureCountry><ManufacturerItemDescription>לחמניה אצבע</ManufacturerItemDescription><SoldByWeight/><Quantity>1000.00</Quantity><UnitOfMeasure>קג</UnitOfMeasure><QtyInPackage>לא ידוע</QtyInPackage><UnitOfMeasurePrice>0.0025</UnitOfMeasurePrice><AllowDiscount>1</AllowDiscount><ItemStatus>1</ItemStatus><ItemPrice>2.50</ItemPrice></item><item><PriceUpdateDate>2016-02-26 06:49:19</PriceUpdateDate><ItemCode>7290000211169</ItemCode><ItemType>1</ItemType><ItemName>אורז תאילנדי 1 ק"ג</ItemName><ManufacturerName>סוגת</ManufacturerName><ManufactureCountry>ישראל</ManufactureCountry><ManufacturerItemDescription>אורז תאילנדי 1 קג</ManufacturerItemDescription><SoldByWeight/><Quantity>1000.00</Quantity><UnitOfMeasure>גרם     </UnitOfMeasure><QtyInPackage>לא ידוע</QtyInPackage><UnitOfMeasurePrice>0.0069</UnitOfMeasurePrice><AllowDiscount>1</AllowDiscount><ItemStatus>1</ItemStatus><ItemPrice>6.90</ItemPrice></item><item><PriceUpdateDate>2016-03-15 11:31:35</PriceUpdateDate><ItemCode>7290000211442</ItemCode><ItemType>1</ItemType><ItemName>אורז פרסי קלאסי 1 קג</ItemName><ManufacturerName>וילי פוד</ManufacturerName><ManufactureCountry>ישראל</ManufactureCountry><ManufacturerItemDescription>אורז פרסי אחד אחד1 קג</ManufacturerItemDescription><SoldByWeight/><Quantity>1000.00</Quantity><UnitOfMeasure>גרם     </UnitOfMeasure><QtyInPackage>לא ידוע</QtyInPackage><UnitOfMeasurePrice>0.0088</UnitOfMeasurePrice><AllowDiscount>1</AllowDiscount><ItemStatus>1</ItemStatus><ItemPrice>8.80</ItemPrice></item><item><PriceUpdateDate>2016-03-15 11:31:35</PriceUpdateDate><ItemCode>7290000211503</ItemCode><ItemType>1</ItemType><ItemName>סוכר 1 ק"ג</ItemName><ManufacturerName>סוגת</ManufacturerName><ManufactureCountry>ישראל</ManufactureCountry><ManufacturerItemDescription>סוכר לבן ארוז בשקית 1 קג</ManufacturerItemDescription><SoldByWeight/><Quantity>1000.00</Quantity><UnitOfMeasure>גרם     </UnitOfMeasure><QtyInPackage>לא ידוע</QtyInPackage><UnitOfMeasurePrice>0.0039</UnitOfMeasurePrice><AllowDiscount>1</AllowDiscount><ItemStatus>1</ItemStatus><ItemPrice>3.90</ItemPrice></item><item><PriceUpdateDate>2015-11-10 07:31:48</PriceUpdateDate><ItemCode>7290000211626</ItemCode><ItemType>1</ItemType><ItemName>אורז סוגת חיש 1 ק"ג</ItemName><ManufacturerName>סוגת</ManufacturerName><ManufactureCountry>ישראל</ManufactureCountry><ManufacturerItemDescription>אורז סוגת חיש 1 ק"ג</ManufacturerItemDescription><SoldByWeight/><Quantity>1000.00</Quantity><UnitOfMeasure>גרם     </UnitOfMeasure><QtyInPackage>לא ידוע</QtyInPackage><UnitOfMeasurePrice>0.0155</UnitOfMeasurePrice><AllowDiscount>1</AllowDiscount><ItemStatus>1</ItemStatus><ItemPrice>15.50</ItemPrice></item><item><PriceUpdateDate>2015-10-19 10:44:25</PriceUpdateDate><ItemCode>7290000211985</ItemCode><ItemType>1</ItemType><ItemName>אורז סוגת עגול 1  ק"</ItemName><ManufacturerName>סוגת</ManufacturerName><ManufactureCountry>ישראל</ManufactureCountry><ManufacturerItemDescription>אורז עגול1 קג</ManufacturerItemDescription><SoldByWeight/><Quantity>1000.00</Quantity><UnitOfMeasure>גרם     </UnitOfMeasure><QtyInPackage>לא ידוע</QtyInPackage><UnitOfMeasurePrice>0.0119</UnitOfMeasurePrice><AllowDiscount>1</AllowDiscount><ItemStatus>1</ItemStatus><ItemPrice>11.90</ItemPrice></item><item><PriceUpdateDate>2016-05-01 10:27:54</PriceUpdateDate><ItemCode>7290000212373</ItemCode><ItemType>1</ItemType><ItemName>לחמנית שמיניה מתוקה</ItemName><ManufacturerName>מאפית ברמן</ManufacturerName><ManufactureCountry>ישראל</ManufactureCountry><ManufacturerItemDescription>לחמנית שמיניה מתוקה</ManufacturerItemDescription><SoldByWeight/><Quantity>14.00</Quantity><UnitOfMeasure>גרם     </UnitOfMeasure><QtyInPackage>לא ידוע</QtyInPackage><UnitOfMeasurePrice>0.2857</UnitOfMeasurePrice><AllowDiscount>1</AllowDiscount><ItemStatus>1</ItemStatus><ItemPrice>4.00</ItemPrice></item><item><PriceUpdateDate>2016-05-01 10:27:54</PriceUpdateDate><ItemCode>7290000212922</ItemCode><ItemType>1</ItemType><ItemName>לחמניה מונדלך מתוק 8</ItemName><ManufacturerName>אנג'ל</ManufacturerName><ManufactureCountry>ישראל</ManufactureCountry><ManufacturerItemDescription>לחמניה מונדלך מתוק 8</ManufacturerItemDescription><SoldByWeight/><Quantity>14.00</Quantity><UnitOfMeasure>גרם     </UnitOfMeasure><QtyInPackage>לא ידוע</QtyInPackage><UnitOfMeasurePrice>0.2500</UnitOfMeasurePrice><AllowDiscount>1</AllowDiscount><ItemStatus>1</ItemStatus><ItemPrice>3.50</ItemPrice></item><item><PriceUpdateDate>2016-05-01 10:27:54</PriceUpdateDate><ItemCode>7290000232836</ItemCode><ItemType>1</ItemType><ItemName>לחמניה אצבע</ItemName><ManufacturerName>מאפה צרפתי</ManufacturerName><ManufactureCountry>ישראל</ManufactureCountry><ManufacturerItemDescription>לחמניה אצבע</ManufacturerItemDescription><SoldByWeight/><Quantity>1000.00</Quantity><UnitOfMeasure>קג</UnitOfMeasure><QtyInPackage>לא ידוע</QtyInPackage><UnitOfMeasurePrice>0.0025</UnitOfMeasurePrice><AllowDiscount>1</AllowDiscount><ItemStatus>1</ItemStatus><ItemPrice>2.50</ItemPrice></item><item><PriceUpdateDate>2016-08-02 09:29:38</PriceUpdateDate><ItemCode>7290000238036</ItemCode><ItemType>1</ItemType><ItemName>מלווח מעדנות 700 גרם</ItemName><ManufacturerName>מעדנות</ManufacturerName><ManufactureCountry>ישראל</ManufactureCountry><ManufacturerItemDescription>מלווח 700 גר</ManufacturerItemDescription><SoldByWeight/><Quantity>700.00</Quantity><UnitOfMeasure>גרם     </UnitOfMeasure><QtyInPackage>לא ידוע</QtyInPackage><UnitOfMeasurePrice>0.0270</UnitOfMeasurePrice><AllowDiscount>1</AllowDiscount><ItemStatus>1</ItemStatus><ItemPrice>18.90</ItemPrice></item><item><PriceUpdateDate>2016-05-31 06:15:45</PriceUpdateDate><ItemCode>7290000238173</ItemCode><ItemType>1</ItemType><ItemName>בורקס גבינה 800 גרם</ItemName><ManufacturerName>מעדנות</ManufacturerName><ManufactureCountry>ישראל</ManufactureCountry><ManufacturerItemDescription>בורקס גבינה 800 גרם</ManufacturerItemDescription><SoldByWeight/><Quantity>800.00</Quantity><UnitOfMeasure>גרם     </UnitOfMeasure><QtyInPackage>לא ידוע</QtyInPackage><UnitOfMeasurePrice>0.0249</UnitOfMeasurePrice><AllowDiscount>1</AllowDiscount><ItemStatus>1</ItemStatus><ItemPrice>19.90</ItemPrice></item><item><PriceUpdateDate>2016-05-01 06:10:49</PriceUpdateDate><ItemCode>7290000243566</ItemCode><ItemType>1</ItemType><ItemName>שמן קנולה בריאות "עץ</ItemName><ManufacturerName>עץ הזית</ManufacturerName><ManufactureCountry>ישראל</ManufactureCountry><ManufacturerItemDescription>שמן קנולה בריאות "עץ</ManufacturerItemDescription><SoldByWeight/><Quantity>750.00</Quantity><UnitOfMeasure>מ"ל</UnitOfMeasure><QtyInPackage>לא ידוע</QtyInPackage><UnitOfMeasurePrice>0.0185</UnitOfMeasurePrice><AllowDiscount>1</AllowDiscount><ItemStatus>1</ItemStatus><ItemPrice>13.90</ItemPrice></item><item><PriceUpdateDate>2016-08-02 09:29:38</PriceUpdateDate><ItemCode>7290000245157</ItemCode><ItemType>1</ItemType><ItemName>מב מרכך כביסה סוד סנ</ItemName><ManufacturerName>סוד</ManufacturerName><ManufactureCountry>ישראל</ManufactureCountry><ManufacturerItemDescription>מב מרכך כביסה סוד סנ</ManufacturerItemDescription><SoldByWeight/><Quantity>4000.00</Quantity><UnitOfMeasure>מ"ל</UnitOfMeasure><QtyInPackage>לא ידוע</QtyInPackage><UnitOfMeasurePrice>0.0042</UnitOfMeasurePrice><AllowDiscount>1</AllowDiscount><ItemStatus>1</ItemStatus><ItemPrice>16.90</ItemPrice></item><item><PriceUpdateDate>2016-05-31 06:15:45</PriceUpdateDate><ItemCode>7290000245294</ItemCode><ItemType>1</ItemType><ItemName>אבקת כביסה פרסיל אקט</ItemName><ManufacturerName>פרסיל</ManufacturerName><ManufactureCountry>ישראל</ManufactureCountry><ManufacturerItemDescription>אבקת כביסה פרסיל אקט</ManufacturerItemDescription><SoldByWeight/><Quantity>2500.00</Quantity><UnitOfMeasure>גרם     </UnitOfMeasure><QtyInPackage>לא ידוע</QtyInPackage><UnitOfMeasurePrice>0.0120</UnitOfMeasurePrice><AllowDiscount>1</AllowDiscount><ItemStatus>1</ItemStatus><ItemPrice>29.90</ItemPrice></item><item><PriceUpdateDate>2016-05-01 06:10:49</PriceUpdateDate><ItemCode>7290000245355</ItemCode><ItemType>1</ItemType><ItemName>ג'ל כביסה פרסיל קולו</ItemName><ManufacturerName>פרסיל</ManufacturerName><ManufactureCountry>ישראל</ManufactureCountry><ManufacturerItemDescription>ג'ל כביסה פרסיל קולו</ManufacturerItemDescription><SoldByWeight/><Quantity>3000.00</Quantity><UnitOfMeasure>מ"ל</UnitOfMeasure><QtyInPackage>לא ידוע</QtyInPackage><UnitOfMeasurePrice>0.0110</UnitOfMeasurePrice><AllowDiscount>1</AllowDiscount><ItemStatus>1</ItemStatus><ItemPrice>32.90</ItemPrice></item><item><PriceUpdateDate>2016-02-08 14:14:15</PriceUpdateDate><ItemCode>7290000245508</ItemCode><ItemType>1</ItemType><ItemName>אבקת כביסה סוד שושן</ItemName><ManufacturerName>סוד</ManufacturerName><ManufactureCountry>ישראל</ManufactureCountry><ManufacturerItemDescription>אבקת כביסה סוד שושן</ManufacturerItemDescription><SoldByWeight/><Quantity>1250.00</Quantity><UnitOfMeasure>גרם     </UnitOfMeasure><QtyInPackage>לא ידוע</QtyInPackage><UnitOfMeasurePrice>0.0119</UnitOfMeasurePrice><AllowDiscount>1</AllowDiscount><ItemStatus>1</ItemStatus><ItemPrice>14.90</ItemPrice></item><item><PriceUpdateDate>2016-02-08 14:14:16</PriceUpdateDate><ItemCode>7290000245539</ItemCode><ItemType>1</ItemType><ItemName>אבקת כביסה סוד קולור</ItemName><ManufacturerName>סוד</ManufacturerName><ManufactureCountry>ישראל</ManufactureCountry><ManufacturerItemDescription>אבקת כביסה סוד קולור</ManufacturerItemDescription><SoldByWeight/><Quantity>1250.00</Quantity><UnitOfMeasure>גרם     </UnitOfMeasure><QtyInPackage>לא ידוע</QtyInPackage><UnitOfMeasurePrice>0.0119</UnitOfMeasurePrice><AllowDiscount>1</AllowDiscount><ItemStatus>1</ItemStatus><ItemPrice>14.90</ItemPrice></item><item><PriceUpdateDate>2016-05-01 06:10:50</PriceUpdateDate><ItemCode>7290000245775</ItemCode><ItemType>1</ItemType><ItemName>ג'ל כביסה פרסיל רגיל</ItemName><ManufacturerName>פרסיל</ManufacturerName><ManufactureCountry>ישראל</ManufactureCountry><ManufacturerItemDescription>פרסיל גל כביסה 3 ליטר</ManufacturerItemDescription><SoldByWeight/><Quantity>3000.00</Quantity><UnitOfMeasure>מ"ל</UnitOfMeasure><QtyInPackage>לא ידוע</QtyInPackage><UnitOfMeasurePrice>0.0110</UnitOfMeasurePrice><AllowDiscount>1</AllowDiscount><ItemStatus>1</ItemStatus><ItemPrice>32.90</ItemPrice></item><item><PriceUpdateDate>2016-05-01 10:31:24</PriceUpdateDate><ItemCode>7290000256085</ItemCode><ItemType>1</ItemType><ItemName>גלילי ופל רול עדין 1</ItemName><ManufacturerName>עדין</ManufacturerName><ManufactureCountry>ישראל</ManufactureCountry><ManufacturerItemDescription>גליל רול עדין 100 גר</ManufacturerItemDescription><SoldByWeight/><Quantity>100.00</Quantity><UnitOfMeasure>גרם     </UnitOfMeasure><QtyInPackage>לא ידוע</QtyInPackage><UnitOfMeasurePrice>0.0500</UnitOfMeasurePrice><AllowDiscount>0</AllowDiscount><ItemStatus>1</ItemStatus><ItemPrice>5.00</ItemPrice></item><item><PriceUpdateDate>2016-05-31 06:15:45</PriceUpdateDate><ItemCode>7290000260839</ItemCode><ItemType>1</ItemType><ItemName>ספרינג 1.5 ליטר תפוז</ItemName><ManufacturerName>ספרינג</ManufacturerName><ManufactureCountry>ישראל</ManufactureCountry><ManufacturerItemDescription>ספרינג תפוזים 1.5 ל</ManufacturerItemDescription><SoldByWeight/><Quantity>1500.00</Quantity><UnitOfMeasure>מ"ל</UnitOfMeasure><QtyInPackage>לא ידוע</QtyInPackage><UnitOfMeasurePrice>0.0039</UnitOfMeasurePrice><AllowDiscount>1</AllowDiscount><ItemStatus>1</ItemStatus><ItemPrice>5.90</ItemPrice></item><item><PriceUpdateDate>2016-05-31 06:15:45</PriceUpdateDate><ItemCode>7290000260853</ItemCode><ItemType>1</ItemType><ItemName>ספרינג 1.5 ליטר טעם</ItemName><ManufacturerName>ספרינג</ManufacturerName><ManufactureCountry>ישראל</ManufactureCountry><ManufacturerItemDescription>ספרינג מנגו 1.5 ל</ManufacturerItemDescription><SoldByWeight/><Quantity>1500.00</Quantity><UnitOfMeasure>מ"ל</UnitOfMeasure><QtyInPackage>לא ידוע</QtyInPackage><UnitOfMeasurePrice>0.0039</UnitOfMeasurePrice><AllowDiscount>1</AllowDiscount><ItemStatus>1</ItemStatus><ItemPrice>5.90</ItemPrice></item><item><PriceUpdateDate>2016-05-31 06:15:45</PriceUpdateDate><ItemCode>7290000260860</ItemCode><ItemType>1</ItemType><ItemName>ספרינג 1.5 ליטר טעם</ItemName><ManufacturerName>ספרינג</ManufacturerName><ManufactureCountry>ישראל</ManufactureCountry><ManufacturerItemDescription>ספרינג אפרסק 1.5 ל</ManufacturerItemDescription><SoldByWeight/><Quantity>1500.00</Quantity><UnitOfMeasure>מ"ל</UnitOfMeasure><QtyInPackage>לא ידוע</QtyInPackage><UnitOfMeasurePrice>0.0039</UnitOfMeasurePrice><AllowDiscount>1</AllowDiscount><ItemStatus>1</ItemStatus><ItemPrice>5.90</ItemPrice></item><item><PriceUpdateDate>2016-05-31 06:15:45</PriceUpdateDate><ItemCode>7290000260969</ItemCode><ItemType>1</ItemType><ItemName>ספרינג 1.5 ליטר דיאט</ItemName><ManufacturerName>ספרינג</ManufacturerName><ManufactureCountry>ישראל</ManufactureCountry><ManufacturerItemDescription>ספרינג 1.5 ליטר דיאט</ManufacturerItemDescription><SoldByWeight/><Quantity>1500.00</Quantity><UnitOfMeasure>מ"ל</UnitOfMeasure><QtyInPackage>לא ידוע</QtyInPackage><UnitOfMeasurePrice>0.0039</UnitOfMeasurePrice><AllowDiscount>1</AllowDiscount><ItemStatus>1</ItemStatus><ItemPrice>5.90</ItemPrice></item><item><PriceUpdateDate>2016-08-02 09:29:38</PriceUpdateDate><ItemCode>7290000262031</ItemCode><ItemType>1</ItemType><ItemName>נייר טואלט מולט 32 ג</ItemName><ManufacturerName>מולט</ManufacturerName><ManufactureCountry>ישראל</ManufactureCountry><ManufacturerItemDescription>נ.ט.מולט לבבות 32 יחידות</ManufacturerItemDescription><SoldByWeight/><Quantity>0.00</Quantity><UnitOfMeasure>יח'</UnitOfMeasure><QtyInPackage>לא ידוע</QtyInPackage><UnitOfMeasurePrice>0.0000</UnitOfMeasurePrice><AllowDiscount>1</AllowDiscount><ItemStatus>1</ItemStatus><ItemPrice>32.00</ItemPrice></item><item><PriceUpdateDate>2016-08-02 09:29:39</PriceUpdateDate><ItemCode>7290000263250</ItemCode><ItemType>1</ItemType><ItemName>מב מגבונים לחים טיטו</ItemName><ManufacturerName>טיטולים פרמיום</ManufacturerName><ManufactureCountry>ישראל</ManufactureCountry><ManufacturerItemDescription>מב מגבונים לחים טיטו</ManufacturerItemDescription><SoldByWeight/><Quantity>4.00</Quantity><UnitOfMeasure>יח'</UnitOfMeasure><QtyInPackage>לא ידוע</QtyInPackage><UnitOfMeasurePrice>3.9750</UnitOfMeasurePrice><AllowDiscount>1</AllowDiscount><ItemStatus>1</ItemStatus><ItemPrice>15.90</ItemPrice></item><item><PriceUpdateDate>2016-03-15 11:31:35</PriceUpdateDate><ItemCode>7290000272726</ItemCode><ItemType>1</ItemType><ItemName>חומץ עסיס 1 ליטר</ItemName><ManufacturerName>עסיס</ManufacturerName><ManufactureCountry>ישראל</ManufactureCountry><ManufacturerItemDescription>חומץ עסיס 1 ליטר</ManufacturerItemDescription><SoldByWeight/><Quantity>1000.00</Quantity><UnitOfMeasure>מ"ל</UnitOfMeasure><QtyInPackage>לא ידוע</QtyInPackage><UnitOfMeasurePrice>0.0069</UnitOfMeasurePrice><AllowDiscount>1</AllowDiscount><ItemStatus>1</ItemStatus><ItemPrice>6.90</ItemPrice></item><item><PriceUpdateDate>2016-05-01 10:27:56</PriceUpdateDate><ItemCode>7290000280738</ItemCode><ItemType>1</ItemType><ItemName>חצי באגט 165 גרם</ItemName><ManufacturerName>מאפה צרפתי</ManufacturerName><ManufactureCountry>ישראל</ManufactureCountry><ManufacturerItemDescription>חצי באגט 165 גרם</ManufacturerItemDescription><SoldByWeight/><Quantity>1000.00</Quantity><UnitOfMeasure>קג</UnitOfMeasure><QtyInPackage>לא ידוע</QtyInPackage><UnitOfMeasurePrice>0.0041</UnitOfMeasurePrice><AllowDiscount>1</AllowDiscount><ItemStatus>1</ItemStatus><ItemPrice>4.10</ItemPrice></item><item><PriceUpdateDate>2016-08-03 09:18:39</PriceUpdateDate><ItemCode>7290000283352</ItemCode><ItemType>1</ItemType><ItemName>ס.מרלבורו רד קצר בוק</ItemName><ManufacturerName>מרלבורו</ManufacturerName><ManufactureCountry>ישראל</ManufactureCountry><ManufacturerItemDescription>ס.מרלבורו רד קצר בוק</ManufacturerItemDescription><SoldByWeight/><Quantity>0.00</Quantity><UnitOfMeasure>יח'</UnitOfMeasure><QtyInPackage>לא ידוע</QtyInPackage><UnitOfMeasurePrice>0.0000</UnitOfMeasurePrice><AllowDiscount>1</AllowDiscount><ItemStatus>1</ItemStatus><ItemPrice>33.90</ItemPrice></item><item><PriceUpdateDate>2015-10-01 00:29:08</PriceUpdateDate><ItemCode>7290000284316</ItemCode><ItemType>1</ItemType><ItemName>קוקה קולה 1.5 ליטר</ItemName><ManufacturerName>קוקה קולה</ManufacturerName><ManufactureCountry>ישראל</ManufactureCountry><ManufacturerItemDescription>קוקה קולה 1.5 ליטר</ManufacturerItemDescription><SoldByWeight/><Quantity>1500.00</Quantity><UnitOfMeasure>מ"ל</UnitOfMeasure><QtyInPackage>לא ידוע</QtyInPackage><UnitOfMeasurePrice>0.0043</UnitOfMeasurePrice><AllowDiscount>1</AllowDiscount><ItemStatus>1</ItemStatus><ItemPrice>6.40</ItemPrice></item><item><PriceUpdateDate>2016-05-31 06:15:46</PriceUpdateDate><ItemCode>7290000284361</ItemCode><ItemType>1</ItemType><ItemName>קוקה קולה דיאט 1.5 ל</ItemName><ManufacturerName>דיאט קוקה קולה</ManufacturerName><ManufactureCountry>ישראל</ManufactureCountry><ManufacturerItemDescription>קולה דיאט 1.5 ל</ManufacturerItemDescription><SoldByWeight/><Quantity>1500.00</Quantity><UnitOfMeasure>מ"ל</UnitOfMeasure><QtyInPackage>לא ידוע</QtyInPackage><UnitOfMeasurePrice>0.0043</UnitOfMeasurePrice><AllowDiscount>1</AllowDiscount><ItemStatus>1</ItemStatus><ItemPrice>6.40</ItemPrice></item><item><PriceUpdateDate>2016-03-15 11:31:35</PriceUpdateDate><ItemCode>7290000284743</ItemCode><ItemType>1</ItemType><ItemName>קוקה קולה נטול קופאי</ItemName><ManufacturerName>דיאט קולה נטול קופאי</ManufacturerName><ManufactureCountry>ישראל</ManufactureCountry><ManufacturerItemDescription>קולה דיאט נטול קפאין 1.5</ManufacturerItemDescription><SoldByWeight/><Quantity>1500.00</Quantity><UnitOfMeasure>מ"ל</UnitOfMeasure><QtyInPackage>לא ידוע</QtyInPackage><UnitOfMeasurePrice>0.0046</UnitOfMeasurePrice><AllowDiscount>1</AllowDiscount><ItemStatus>1</ItemStatus><ItemPrice>6.90</ItemPrice></item><item><PriceUpdateDate>2016-08-03 09:18:39</PriceUpdateDate><ItemCode>7290000285272</ItemCode><ItemType>1</ItemType><ItemName>ס.אל אם בלו קצר בודד</ItemName><ManufacturerName>אל אם</ManufacturerName><ManufactureCountry>ישראל</ManufactureCountry><ManufacturerItemDescription>ס.אל אם בלו קצר בודד</ManufacturerItemDescription><SoldByWeight/><Quantity>0.00</Quantity><UnitOfMeasure>יח'</UnitOfMeasure><QtyInPackage>לא ידוע</QtyInPackage><UnitOfMeasurePrice>0.0000</UnitOfMeasurePrice><AllowDiscount>1</AllowDiscount><ItemStatus>1</ItemStatus><ItemPrice>30.50</ItemPrice></item><item><PriceUpdateDate>2016-08-07 20:02:46</PriceUpdateDate><ItemCode>7290000285849</ItemCode><ItemType>1</ItemType><ItemName>שוופס סודה 5. 1 ליטר</ItemName><ManufacturerName>שוופס</ManufacturerName><ManufactureCountry>ישראל</ManufactureCountry><ManufacturerItemDescription>סודה שוופס 1.5 ל</ManufacturerItemDescription><SoldByWeight/><Quantity>1500.00</Quantity><UnitOfMeasure>מ"ל</UnitOfMeasure><QtyInPackage>לא ידוע</QtyInPackage><UnitOfMeasurePrice>0.0033</UnitOfMeasurePrice><AllowDiscount>1</AllowDiscount><ItemStatus>1</ItemStatus><ItemPrice>4.90</ItemPrice></item><item><PriceUpdateDate>2016-06-28 07:03:29</PriceUpdateDate><ItemCode>7290000286549</ItemCode><ItemType>1</ItemType><ItemName>מטלית לניקוי כללי 9</ItemName><ManufacturerName>סנו סושי</ManufacturerName><ManufactureCountry>ישראל</ManufactureCountry><ManufacturerItemDescription>מטלית סנו סושי לכל 9 יח</ManufacturerItemDescription><SoldByWeight/><Quantity>9.00</Quantity><UnitOfMeasure>בודד</UnitOfMeasure><QtyInPackage>לא ידוע</QtyInPackage><UnitOfMeasurePrice>1.4333</UnitOfMeasurePrice><AllowDiscount>1</AllowDiscount><ItemStatus>1</ItemStatus><ItemPrice>12.90</ItemPrice></item><item><PriceUpdateDate>2015-05-04 07:02:13</PriceUpdateDate><ItemCode>7290000286877</ItemCode><ItemType>1</ItemType><ItemName>סנו רב מתכת 300 מ''ל</ItemName><ManufacturerName>סנו</ManufacturerName><ManufactureCountry>ישראל</ManufactureCountry><ManufacturerItemDescription>סנו רב מתכת 300 מ''ל</ManufacturerItemDescription><SoldByWeight/><Quantity>300.00</Quantity><UnitOfMeasure>מ"ל</UnitOfMeasure><QtyInPackage>לא ידוע</QtyInPackage><UnitOfMeasurePrice>0.0947</UnitOfMeasurePrice><AllowDiscount>1</AllowDiscount><ItemStatus>1</ItemStatus><ItemPrice>28.40</ItemPrice></item><item><PriceUpdateDate>2016-05-01 06:10:51</PriceUpdateDate><ItemCode>7290000286914</ItemCode><ItemType>1</ItemType><ItemName>ספריי לגיהוץ סנו עמי</ItemName><ManufacturerName>גהץ לי</ManufacturerName><ManufactureCountry>ישראל</ManufactureCountry><ManufacturerItemDescription>ספריי לגיהוץ סנו עמי</ManufacturerItemDescription><SoldByWeight/><Quantity>500.00</Quantity><UnitOfMeasure>מ"ל</UnitOfMeasure><QtyInPackage>לא ידוע</QtyInPackage><UnitOfMeasurePrice>0.0426</UnitOfMeasurePrice><AllowDiscount>1</AllowDiscount><ItemStatus>1</ItemStatus><ItemPrice>21.30</ItemPrice></item><item><PriceUpdateDate>2016-05-31 06:15:46</PriceUpdateDate><ItemCode>7290000288024</ItemCode><ItemType>1</ItemType><ItemName>סנו ז'אוול אקונומיקה</ItemName><ManufacturerName>ז'אוול</ManufacturerName><ManufactureCountry>ישראל</ManufactureCountry><ManufacturerItemDescription>אקונומיקה JAVEL ל .לימון</ManufacturerItemDescription><SoldByWeight/><Quantity>4000.00</Quantity><UnitOfMeasure>מ"ל</UnitOfMeasure><QtyInPackage>לא ידוע</QtyInPackage><UnitOfMeasurePrice>0.0040</UnitOfMeasurePrice><AllowDiscount>0</AllowDiscount><ItemStatus>1</ItemStatus><ItemPrice>15.90</ItemPrice></item><item><PriceUpdateDate>2015-11-10 07:31:50</PriceUpdateDate><ItemCode>7290000288031</ItemCode><ItemType>1</ItemType><ItemName>סנו אקונומיקה תו תקן</ItemName><ManufacturerName>ז'אוול</ManufacturerName><ManufactureCountry>ישראל</ManufactureCountry><ManufacturerItemDescription>סנו אקונומיקה תו תקן</ManufacturerItemDescription><SoldByWeight/><Quantity>4000.00</Quantity><UnitOfMeasure>מ"ל</UnitOfMeasure><QtyInPackage>לא ידוע</QtyInPackage><UnitOfMeasurePrice>0.0034</UnitOfMeasurePrice><AllowDiscount>1</AllowDiscount><ItemStatus>1</ItemStatus><ItemPrice>13.50</ItemPrice></item><item><PriceUpdateDate>2016-05-31 06:15:46</PriceUpdateDate><ItemCode>7290000288079</ItemCode><ItemType>1</ItemType><ItemName>סנו ז'אוול אקונומיקה</ItemName><ManufacturerName>ז'אוול</ManufacturerName><ManufactureCountry>ישראל</ManufactureCountry><ManufacturerItemDescription>סנו ז'אוול אקונומיקה</ManufacturerItemDescription><SoldByWeight/><Quantity>2000.00</Quantity><UnitOfMeasure>מ"ל</UnitOfMeasure><QtyInPackage>לא ידוע</QtyInPackage><UnitOfMeasurePrice>0.0050</UnitOfMeasurePrice><AllowDiscount>1</AllowDiscount><ItemStatus>1</ItemStatus><ItemPrice>10.00</ItemPrice></item><item><PriceUpdateDate>2015-11-10 07:31:50</PriceUpdateDate><ItemCode>7290000288086</ItemCode><ItemType>1</ItemType><ItemName>סנו ג'וול אבקה לניקו</ItemName><ManufacturerName>ז'אוול</ManufacturerName><ManufactureCountry>ישראל</ManufactureCountry><ManufacturerItemDescription>סנו ג'וול אבקה לניקו</ManufacturerItemDescription><SoldByWeight/><Quantity>600.00</Quantity><UnitOfMeasure>גרם     </UnitOfMeasure><QtyInPackage>לא ידוע</QtyInPackage><UnitOfMeasurePrice>0.0225</UnitOfMeasurePrice><AllowDiscount>1</AllowDiscount><ItemStatus>1</ItemStatus><ItemPrice>13.50</ItemPrice></item><item><PriceUpdateDate>2016-05-31 06:15:46</PriceUpdateDate><ItemCode>7290000288352</ItemCode><ItemType>1</ItemType><ItemName>סנו K300 קוטל חרקים</ItemName><ManufacturerName>K-300</ManufacturerName><ManufactureCountry>ישראל</ManufactureCountry><ManufacturerItemDescription>משמיד חרקים K300 סמק</ManufacturerItemDescription><SoldByWeight/><Quantity>630.00</Quantity><UnitOfMeasure>מ"ל</UnitOfMeasure><QtyInPackage>לא ידוע</QtyInPackage><UnitOfMeasurePrice>0.0330</UnitOfMeasurePrice><AllowDiscount>1</AllowDiscount><ItemStatus>1</ItemStatus><ItemPrice>20.80</ItemPrice></item><item><PriceUpdateDate>2016-06-28 07:03:29</PriceUpdateDate><ItemCode>7290000288642</ItemCode><ItemType>1</ItemType><ItemName>מרכך כביסה מקסימה ור</ItemName><ManufacturerName>סנו מקסימה</ManufacturerName><ManufactureCountry>ישראל</ManufactureCountry><ManufacturerItemDescription>מרכך כביסה מקסימה ור</ManufacturerItemDescription><SoldByWeight/><Quantity>4000.00</Quantity><UnitOfMeasure>מ"ל</UnitOfMeasure><QtyInPackage>לא ידוע</QtyInPackage><UnitOfMeasurePrice>0.0057</UnitOfMeasurePrice><AllowDiscount>1</AllowDiscount><ItemStatus>1</ItemStatus><ItemPrice>22.90</ItemPrice></item><item><PriceUpdateDate>2016-08-03 09:18:39</PriceUpdateDate><ItemCode>7290000288692</ItemCode><ItemType>1</ItemType><ItemName>ס.מרלבורו גולד קצר ב</ItemName><ManufacturerName>מרלבורו</ManufacturerName><ManufactureCountry>ישראל</ManufactureCountry><ManufacturerItemDescription>ס.מרלבורו גולד קצר ב</ManufacturerItemDescription><SoldByWeight/><Quantity>0.00</Quantity><UnitOfMeasure>יח'</UnitOfMeasure><QtyInPackage>לא ידוע</QtyInPackage><UnitOfMeasurePrice>0.0000</UnitOfMeasurePrice><AllowDiscount>1</AllowDiscount><ItemStatus>1</ItemStatus><ItemPrice>33.90</ItemPrice></item><item><PriceUpdateDate>2016-06-28 07:03:29</PriceUpdateDate><ItemCode>7290000288727</ItemCode><ItemType>1</ItemType><ItemName>אבקת כביסה מקסימה מא</ItemName><ManufacturerName>סנו מקסימה</ManufacturerName><ManufactureCountry>ישראל</ManufactureCountry><ManufacturerItemDescription>אבקת כביסה מקסימה מא</ManufacturerItemDescription><SoldByWeight/><Quantity>1250.00</Quantity><UnitOfMeasure>גרם     </UnitOfMeasure><QtyInPackage>לא ידוע</QtyInPackage><UnitOfMeasurePrice>0.0135</UnitOfMeasurePrice><AllowDiscount>1</AllowDiscount><ItemStatus>1</ItemStatus><ItemPrice>16.90</ItemPrice></item><item><PriceUpdateDate>2015-10-19 10:44:25</PriceUpdateDate><ItemCode>7290000289472</ItemCode><ItemType>1</ItemType><ItemName>שקיות אשפה 50 יחי  9</ItemName><ManufacturerName>סנו סושי</ManufacturerName><ManufactureCountry>ישראל</ManufactureCountry><ManufacturerItemDescription>שקיות אשפה סנו סושי50 יח</ManufacturerItemDescription><SoldByWeight/><Quantity>0.00</Quantity><UnitOfMeasure>יח'</UnitOfMeasure><QtyInPackage>לא ידוע</QtyInPackage><UnitOfMeasurePrice>0.0000</UnitOfMeasurePrice><AllowDiscount>1</AllowDiscount><ItemStatus>1</ItemStatus><ItemPrice>26.40</ItemPrice></item><item><PriceUpdateDate>2016-06-28 07:03:30</PriceUpdateDate><ItemCode>7290000291932</ItemCode><ItemType>1</ItemType><ItemName>סנובון נוזלי 750 מ"ל</ItemName><ManufacturerName>סנובון</ManufacturerName><ManufactureCountry>ישראל</ManufactureCountry><ManufacturerItemDescription>סנובון נוזלי 750 מ"ל</ManufacturerItemDescription><SoldByWeight/><Quantity>750.00</Quantity><UnitOfMeasure>מ"ל</UnitOfMeasure><QtyInPackage>לא ידוע</QtyInPackage><UnitOfMeasurePrice>0.0199</UnitOfMeasurePrice><AllowDiscount>1</AllowDiscount><ItemStatus>1</ItemStatus><ItemPrice>14.90</ItemPrice></item><item><PriceUpdateDate>2016-08-02 09:29:39</PriceUpdateDate><ItemCode>7290000293943</ItemCode><ItemType>1</ItemType><ItemName>מב סנו אנטי קלאק מרס</ItemName><ManufacturerName>אנטי קאלק</ManufacturerName><ManufactureCountry>ישראל</ManufactureCountry><ManufacturerItemDescription>מסיר אבנית אנטיקאלק מתז1</ManufacturerItemDescription><SoldByWeight/><Quantity>1000.00</Quantity><UnitOfMeasure>מ"ל</UnitOfMeasure><QtyInPackage>לא ידוע</QtyInPackage><UnitOfMeasurePrice>0.0169</UnitOfMeasurePrice><AllowDiscount>1</AllowDiscount><ItemStatus>1</ItemStatus><ItemPrice>16.90</ItemPrice></item><item><PriceUpdateDate>2016-05-31 06:15:46</PriceUpdateDate><ItemCode>7290000294773</ItemCode><ItemType>1</ItemType><ItemName>סנו ז'אוול אקונומיקה</ItemName><ManufacturerName>ז'אוול</ManufacturerName><ManufactureCountry>ישראל</ManufactureCountry><ManufacturerItemDescription>אקונומיקה JAVEL ל לבנדר</ManufacturerItemDescription><SoldByWeight/><Quantity>4000.00</Quantity><UnitOfMeasure>מ"ל</UnitOfMeasure><QtyInPackage>לא ידוע</QtyInPackage><UnitOfMeasurePrice>0.0040</UnitOfMeasurePrice><AllowDiscount>0</AllowDiscount><ItemStatus>1</ItemStatus><ItemPrice>15.90</ItemPrice></item><item><PriceUpdateDate>2016-06-28 07:03:30</PriceUpdateDate><ItemCode>7290000295121</ItemCode><ItemType>1</ItemType><ItemName>מטלית ריצפה זיג זג ש</ItemName><ManufacturerName>לא ידוע</ManufacturerName><ManufactureCountry>ישראל</ManufactureCountry><ManufacturerItemDescription>מטלית רצפה זיג זג</ManufacturerItemDescription><SoldByWeight/><Quantity>0.00</Quantity><UnitOfMeasure>יח'</UnitOfMeasure><QtyInPackage>לא ידוע</QtyInPackage><UnitOfMeasurePrice>0.0000</UnitOfMeasurePrice><AllowDiscount>1</AllowDiscount><ItemStatus>1</ItemStatus><ItemPrice>12.90</ItemPrice></item><item><PriceUpdateDate>2016-06-28 07:03:30</PriceUpdateDate><ItemCode>7290000295336</ItemCode><ItemType>1</ItemType><ItemName>אבקת כביסה מקסימה סנ</ItemName><ManufacturerName>סנו מקסימה</ManufacturerName><ManufactureCountry>ישראל</ManufactureCountry><ManufacturerItemDescription>אבקת כביסה מקסימה סנ</ManufacturerItemDescription><SoldByWeight/><Quantity>1250.00</Quantity><UnitOfMeasure>גרם     </UnitOfMeasure><QtyInPackage>לא ידוע</QtyInPackage><UnitOfMeasurePrice>0.0135</UnitOfMeasurePrice><AllowDiscount>1</AllowDiscount><ItemStatus>1</ItemStatus><ItemPrice>16.90</ItemPrice></item><item><PriceUpdateDate>2016-08-02 09:29:39</PriceUpdateDate><ItemCode>7290000295404</ItemCode><ItemType>1</ItemType><ItemName>מב שקיות אשפה 60 יחי</ItemName><ManufacturerName>סנו סושי</ManufacturerName><ManufactureCountry>ישראל</ManufactureCountry><ManufacturerItemDescription>שקיות אשפה סנו סושי60 יח</ManufacturerItemDescription><SoldByWeight/><Quantity>1.00</Quantity><UnitOfMeasure>יח'</UnitOfMeasure><QtyInPackage>לא ידוע</QtyInPackage><UnitOfMeasurePrice>22.9000</UnitOfMeasurePrice><AllowDiscount>1</AllowDiscount><ItemStatus>1</ItemStatus><ItemPrice>22.90</ItemPrice></item><item><PriceUpdateDate>2016-08-02 09:29:39</PriceUpdateDate><ItemCode>7290000295541</ItemCode><ItemType>1</ItemType><ItemName>מב סנו רב מגבת ג'מבו</ItemName><ManufacturerName>רב מגבת</ManufacturerName><ManufactureCountry>ישראל</ManufactureCountry><ManufacturerItemDescription>מב סנו רב מגבת ג'מבו</ManufacturerItemDescription><SoldByWeight/><Quantity>1.00</Quantity><UnitOfMeasure>יח'</UnitOfMeasure><QtyInPackage>לא ידוע</QtyInPackage><UnitOfMeasurePrice>15.9000</UnitOfMeasurePrice><AllowDiscount>1</AllowDiscount><ItemStatus>1</ItemStatus><ItemPrice>15.90</ItemPrice></item><item><PriceUpdateDate>2016-05-31 06:15:46</PriceUpdateDate><ItemCode>7290000295558</ItemCode><ItemType>1</ItemType><ItemName>רדיד אלמניום סנו סוש</ItemName><ManufacturerName>סנו סושי</ManufacturerName><ManufactureCountry>ישראל</ManufactureCountry><ManufacturerItemDescription>רדיד אלמניום סנו סוש</ManufacturerItemDescription><SoldByWeight/><Quantity>1.00</Quantity><UnitOfMeasure>יח'</UnitOfMeasure><QtyInPackage>לא ידוע</QtyInPackage><UnitOfMeasurePrice>10.4000</UnitOfMeasurePrice><AllowDiscount>1</AllowDiscount><ItemStatus>1</ItemStatus><ItemPrice>10.40</ItemPrice></item><item><PriceUpdateDate>2016-05-01 10:31:26</PriceUpdateDate><ItemCode>7290000300689</ItemCode><ItemType>1</ItemType><ItemName>שניצל ברוקולי 750 גר</ItemName><ManufacturerName>טבעול</ManufacturerName><ManufactureCountry>ישראל</ManufactureCountry><ManufacturerItemDescription>שניצל ברוקולי 750 ג</ManufacturerItemDescription><SoldByWeight/><Quantity>750.00</Quantity><UnitOfMeasure>גרם     </UnitOfMeasure><QtyInPackage>לא ידוע</QtyInPackage><UnitOfMeasurePrice>0.0481</UnitOfMeasurePrice><AllowDiscount>1</AllowDiscount><ItemStatus>1</ItemStatus><ItemPrice>36.10</ItemPrice></item><item><PriceUpdateDate>2016-05-01 10:31:26</PriceUpdateDate><ItemCode>7290000300900</ItemCode><ItemType>1</ItemType><ItemName>שניצל תירס 750 גרם</ItemName><ManufacturerName>טבעול</ManufacturerName><ManufactureCountry>ישראל</ManufactureCountry><ManufacturerItemDescription>שניצל תירס 750 גרם טבעול</ManufacturerItemDescription><SoldByWeight/><Quantity>750.00</Quantity><UnitOfMeasure>גרם     </UnitOfMeasure><QtyInPackage>לא ידוע</QtyInPackage><UnitOfMeasurePrice>0.0372</UnitOfMeasurePrice><AllowDiscount>1</AllowDiscount><ItemStatus>1</ItemStatus><ItemPrice>27.90</ItemPrice></item><item><PriceUpdateDate>2016-05-01 10:31:26</PriceUpdateDate><ItemCode>7290000300924</ItemCode><ItemType>1</ItemType><ItemName>שניצל תרד 750 גרם</ItemName><ManufacturerName>טבעול</ManufacturerName><ManufactureCountry>ישראל</ManufactureCountry><ManufacturerItemDescription>שניצל תרד 750 ג</ManufacturerItemDescription><SoldByWeight/><Quantity>750.00</Quantity><UnitOfMeasure>גרם     </UnitOfMeasure><QtyInPackage>לא ידוע</QtyInPackage><UnitOfMeasurePrice>0.0465</UnitOfMeasurePrice><AllowDiscount>1</AllowDiscount><ItemStatus>1</ItemStatus><ItemPrice>34.90</ItemPrice></item><item><PriceUpdateDate>2016-05-01 10:31:26</PriceUpdateDate><ItemCode>7290000301655</ItemCode><ItemType>1</ItemType><ItemName>חטיפי תירס 600 גרם</ItemName><ManufacturerName>טבעול</ManufacturerName><ManufactureCountry>ישראל</ManufactureCountry><ManufacturerItemDescription>חטיפי תירס 600 גר</ManufacturerItemDescription><SoldByWeight/><Quantity>600.00</Quantity><UnitOfMeasure>גרם     </UnitOfMeasure><QtyInPackage>לא ידוע</QtyInPackage><UnitOfMeasurePrice>0.0490</UnitOfMeasurePrice><AllowDiscount>1</AllowDiscount><ItemStatus>1</ItemStatus><ItemPrice>29.40</ItemPrice></item><item><PriceUpdateDate>2015-10-19 10:44:25</PriceUpdateDate><ItemCode>7290000307046</ItemCode><ItemType>1</ItemType><ItemName>אפונה וגזר 600 גרם</ItemName><ManufacturerName>לא ידוע</ManufacturerName><ManufactureCountry>ישראל</ManufactureCountry><ManufacturerItemDescription>אפונה וגזר550 גר</ManufacturerItemDescription><SoldByWeight/><Quantity>330.00</Quantity><UnitOfMeasure>גרם     </UnitOfMeasure><QtyInPackage>לא ידוע</QtyInPackage><UnitOfMeasurePrice>0.0221</UnitOfMeasurePrice><AllowDiscount>1</AllowDiscount><ItemStatus>1</ItemStatus><ItemPrice>7.30</ItemPrice></item><item><PriceUpdateDate>2016-08-07 20:02:46</PriceUpdateDate><ItemCode>7290000313160</ItemCode><ItemType>1</ItemType><ItemName>עוגיות זהבה שוקו 250</ItemName><ManufacturerName>אסם</ManufacturerName><ManufactureCountry>ישראל</ManufactureCountry><ManufacturerItemDescription>ביסקוויט זהבה ושלשת הדובי</ManufacturerItemDescription><SoldByWeight/><Quantity>250.00</Quantity><UnitOfMeasure>גרם     </UnitOfMeasure><QtyInPackage>לא ידוע</QtyInPackage><UnitOfMeasurePrice>0.0376</UnitOfMeasurePrice><AllowDiscount>1</AllowDiscount><ItemStatus>1</ItemStatus><ItemPrice>9.40</ItemPrice></item><item><PriceUpdateDate>2016-05-31 06:15:47</PriceUpdateDate><ItemCode>7290000316444</ItemCode><ItemType>1</ItemType><ItemName>ברנפלקס ללא סוכר 500</ItemName><ManufacturerName>ברנפלקס - תלמה</ManufacturerName><ManufactureCountry>ישראל</ManufactureCountry><ManufacturerItemDescription>ברנפלקס ללא סוכר בדצ 500</ManufacturerItemDescription><SoldByWeight/><Quantity>500.00</Quantity><UnitOfMeasure>גרם     </UnitOfMeasure><QtyInPackage>לא ידוע</QtyInPackage><UnitOfMeasurePrice>0.0398</UnitOfMeasurePrice><AllowDiscount>1</AllowDiscount><ItemStatus>1</ItemStatus><ItemPrice>19.90</ItemPrice></item><item><PriceUpdateDate>2016-05-31 06:15:47</PriceUpdateDate><ItemCode>7290000316833</ItemCode><ItemType>1</ItemType><ItemName>נשנושי ברנפלקס 375 ג</ItemName><ManufacturerName>ברנפלקס - תלמה</ManufacturerName><ManufactureCountry>ישראל</ManufactureCountry><ManufacturerItemDescription>ברנפלקס נשנושים 375 גרם</ManufacturerItemDescription><SoldByWeight/><Quantity>375.00</Quantity><UnitOfMeasure>גרם     </UnitOfMeasure><QtyInPackage>לא ידוע</QtyInPackage><UnitOfMeasurePrice>0.0531</UnitOfMeasurePrice><AllowDiscount>1</AllowDiscount><ItemStatus>1</ItemStatus><ItemPrice>19.90</ItemPrice></item><item><PriceUpdateDate>2016-08-02 09:29:40</PriceUpdateDate><ItemCode>7290000327624</ItemCode><ItemType>1</ItemType><ItemName>מב סודה טמפו 1.5 ליט</ItemName><ManufacturerName>טמפו</ManufacturerName><ManufactureCountry>ישראל</ManufactureCountry><ManufacturerItemDescription>סודה 1.5 ל</ManufacturerItemDescription><SoldByWeight/><Quantity>1500.00</Quantity><UnitOfMeasure>מ"ל</UnitOfMeasure><QtyInPackage>לא ידוע</QtyInPackage><UnitOfMeasurePrice>0.0019</UnitOfMeasurePrice><AllowDiscount>1</AllowDiscount><ItemStatus>1</ItemStatus><ItemPrice>2.90</ItemPrice></item><item><PriceUpdateDate>2015-11-10 07:31:52</PriceUpdateDate><ItemCode>7290000327778</ItemCode><ItemType>1</ItemType><ItemName>סודה בטעם אבטיח 1.5</ItemName><ManufacturerName>טמפו</ManufacturerName><ManufactureCountry>ישראל</ManufactureCountry><ManufacturerItemDescription>סודה בטעם אבטיח 1.5 ליטר</ManufacturerItemDescription><SoldByWeight/><Quantity>1500.00</Quantity><UnitOfMeasure>מ"ל</UnitOfMeasure><QtyInPackage>לא ידוע</QtyInPackage><UnitOfMeasurePrice>0.0035</UnitOfMeasurePrice><AllowDiscount>1</AllowDiscount><ItemStatus>1</ItemStatus><ItemPrice>5.20</ItemPrice></item><item><PriceUpdateDate>2016-05-31 06:15:48</PriceUpdateDate><ItemCode>7290000334165</ItemCode><ItemType>1</ItemType><ItemName>תפוגן מובחר 700 גרם</ItemName><ManufacturerName>תפוגן</ManufacturerName><ManufactureCountry>ישראל</ManufactureCountry><ManufacturerItemDescription>תפוגן מובחר 700 גרם</ManufacturerItemDescription><SoldByWeight/><Quantity>700.00</Quantity><UnitOfMeasure>גרם     </UnitOfMeasure><QtyInPackage>לא ידוע</QtyInPackage><UnitOfMeasurePrice>0.0199</UnitOfMeasurePrice><AllowDiscount>0</AllowDiscount><ItemStatus>1</ItemStatus><ItemPrice>13.90</ItemPrice></item><item><PriceUpdateDate>2016-05-31 06:15:48</PriceUpdateDate><ItemCode>7290000342832</ItemCode><ItemType>1</ItemType><ItemName>מרכך כביסה בדין צהוב</ItemName><ManufacturerName>בדין</ManufacturerName><ManufactureCountry>ישראל</ManufactureCountry><ManufacturerItemDescription>מרכך כביסה בדין צהוב</ManufacturerItemDescription><SoldByWeight/><Quantity>4000.00</Quantity><UnitOfMeasure>מ"ל</UnitOfMeasure><QtyInPackage>לא ידוע</QtyInPackage><UnitOfMeasurePrice>0.0050</UnitOfMeasurePrice><AllowDiscount>1</AllowDiscount><ItemStatus>1</ItemStatus><ItemPrice>19.90</ItemPrice></item><item><PriceUpdateDate>2015-01-27 10:35:06</PriceUpdateDate><ItemCode>7290000345116</ItemCode><ItemType>1</ItemType><ItemName>/125ירוק</ItemName><ManufacturerName>ויסוצקי</ManufacturerName><ManufactureCountry>ישראל</ManufactureCountry><ManufacturerItemDescription>/125ירוק</ManufacturerItemDescription><SoldByWeight/><Quantity>38.00</Quantity><UnitOfMeasure>גרם     </UnitOfMeasure><QtyInPackage>לא ידוע</QtyInPackage><UnitOfMeasurePrice>0.4395</UnitOfMeasurePrice><AllowDiscount>1</AllowDiscount><ItemStatus>1</ItemStatus><ItemPrice>16.70</ItemPrice></item><item><PriceUpdateDate>2016-06-07 15:00:53</PriceUpdateDate><ItemCode>7290000345215</ItemCode><ItemType>1</ItemType><ItemName>תה ויסוצקי קלאסי 1 ג</ItemName><ManufacturerName>ויסוצקי</ManufacturerName><ManufactureCountry>ישראל</ManufactureCountry><ManufacturerItemDescription>תה קלאסיק 1/100 גרם כחול</ManufacturerItemDescription><SoldByWeight/><Quantity>100.00</Quantity><UnitOfMeasure>גרם     </UnitOfMeasure><QtyInPackage>לא ידוע</QtyInPackage><UnitOfMeasurePrice>0.1990</UnitOfMeasurePrice><AllowDiscount>1</AllowDiscount><ItemStatus>1</ItemStatus><ItemPrice>19.90</ItemPrice></item><item><PriceUpdateDate>2015-11-10 07:31:53</PriceUpdateDate><ItemCode>7290000345260</ItemCode><ItemType>1</ItemType><ItemName>תה קלאסי 25/1.5 גרם</ItemName><ManufacturerName>ויסוצקי</ManufacturerName><ManufactureCountry>ישראל</ManufactureCountry><ManufacturerItemDescription>תה קלאסיק 1.5 גרם 25 שקיו</ManufacturerItemDescription><SoldByWeight/><Quantity>14.00</Quantity><UnitOfMeasure>גרם     </UnitOfMeasure><QtyInPackage>לא ידוע</QtyInPackage><UnitOfMeasurePrice>0.5857</UnitOfMeasurePrice><AllowDiscount>1</AllowDiscount><ItemStatus>1</ItemStatus><ItemPrice>8.20</ItemPrice></item><item><PriceUpdateDate>2016-03-15 11:31:35</PriceUpdateDate><ItemCode>7290000345284</ItemCode><ItemType>1</ItemType><ItemName>תה קלאסי מעטפה 100*1</ItemName><ManufacturerName>ויסוצקי</ManufacturerName><ManufactureCountry>ישראל</ManufactureCountry><ManufacturerItemDescription>תה קלאסיק 1.5/100 ירוק</ManufacturerItemDescription><SoldByWeight/><Quantity>150.00</Quantity><UnitOfMeasure>גרם     </UnitOfMeasure><QtyInPackage>לא ידוע</QtyInPackage><UnitOfMeasurePrice>0.1193</UnitOfMeasurePrice><AllowDiscount>1</AllowDiscount><ItemStatus>1</ItemStatus><ItemPrice>17.90</ItemPrice></item><item><PriceUpdateDate>2016-04-14 16:49:48</PriceUpdateDate><ItemCode>7290000345307</ItemCode><ItemType>1</ItemType><ItemName>תה ארל גריי 1.5 גרם</ItemName><ManufacturerName>ויסוצקי</ManufacturerName><ManufactureCountry>ישראל</ManufactureCountry><ManufacturerItemDescription>תה ארל גריי בשקיקים 1.5/5</ManufacturerItemDescription><SoldByWeight/><Quantity>14.00</Quantity><UnitOfMeasure>גרם     </UnitOfMeasure><QtyInPackage>לא ידוע</QtyInPackage><UnitOfMeasurePrice>2.1357</UnitOfMeasurePrice><AllowDiscount>1</AllowDiscount><ItemStatus>1</ItemStatus><ItemPrice>29.90</ItemPrice></item><item><PriceUpdateDate>2016-08-02 09:29:40</PriceUpdateDate><ItemCode>7290000346137</ItemCode><ItemType>1</ItemType><ItemName>מב הילולי פירות-'הגן</ItemName><ManufacturerName>גן הקסום</ManufacturerName><ManufactureCountry>ישראל</ManufactureCountry><ManufacturerItemDescription>חליטת צמחים הילולי פירות</ManufacturerItemDescription><SoldByWeight/><Quantity>14.00</Quantity><UnitOfMeasure>גרם     </UnitOfMeasure><QtyInPackage>לא ידוע</QtyInPackage><UnitOfMeasurePrice>1.0643</UnitOfMeasurePrice><AllowDiscount>1</AllowDiscount><ItemStatus>1</ItemStatus><ItemPrice>14.90</ItemPrice></item><item><PriceUpdateDate>2016-08-02 09:29:40</PriceUpdateDate><ItemCode>7290000346205</ItemCode><ItemType>1</ItemType><ItemName>מב חליטת קמומיל הגן</ItemName><ManufacturerName>גן הקסום</ManufacturerName><ManufactureCountry>ישראל</ManufactureCountry><ManufacturerItemDescription>חליטה הגןהקסום קמומיל25 ש</ManufacturerItemDescription><SoldByWeight/><Quantity>38.00</Quantity><UnitOfMeasure>גרם     </UnitOfMeasure><QtyInPackage>לא ידוע</QtyInPackage><UnitOfMeasurePrice>0.3921</UnitOfMeasurePrice><AllowDiscount>1</AllowDiscount><ItemStatus>1</ItemStatus><ItemPrice>14.90</ItemPrice></item><item><PriceUpdateDate>2015-11-10 07:31:53</PriceUpdateDate><ItemCode>7290000346281</ItemCode><ItemType>1</ItemType><ItemName>תה ורד הבר והיביסקוס</ItemName><ManufacturerName>גן הקסום</ManufacturerName><ManufactureCountry>ישראל</ManufactureCountry><ManufacturerItemDescription>תה ורד הבר והיביסקוס</ManufacturerItemDescription><SoldByWeight/><Quantity>150.00</Quantity><UnitOfMeasure>גרם     </UnitOfMeasure><QtyInPackage>לא ידוע</QtyInPackage><UnitOfMeasurePrice>0.2387</UnitOfMeasurePrice><AllowDiscount>1</AllowDiscount><ItemStatus>1</ItemStatus><ItemPrice>35.80</ItemPrice></item><item><PriceUpdateDate>2016-05-01 06:10:54</PriceUpdateDate><ItemCode>7290000347738</ItemCode><ItemType>1</ItemType><ItemName>תה ירוק נענע 25 יח'</ItemName><ManufacturerName>ויסוצקי</ManufacturerName><ManufactureCountry>ישראל</ManufactureCountry><ManufacturerItemDescription>תה ירוק נענע</ManufacturerItemDescription><SoldByWeight/><Quantity>38.00</Quantity><UnitOfMeasure>גרם     </UnitOfMeasure><QtyInPackage>לא ידוע</QtyInPackage><UnitOfMeasurePrice>0.6553</UnitOfMeasurePrice><AllowDiscount>1</AllowDiscount><ItemStatus>1</ItemStatus><ItemPrice>24.90</ItemPrice></item><item><PriceUpdateDate>2016-05-01 06:10:54</PriceUpdateDate><ItemCode>7290000347752</ItemCode><ItemType>1</ItemType><ItemName>תה ירוק לימונית ולוא</ItemName><ManufacturerName>ויסוצקי</ManufacturerName><ManufactureCountry>ישראל</ManufactureCountry><ManufacturerItemDescription>תה ירוק לימונית ולואיזה</ManufacturerItemDescription><SoldByWeight/><Quantity>38.00</Quantity><UnitOfMeasure>גרם     </UnitOfMeasure><QtyInPackage>לא ידוע</QtyInPackage><UnitOfMeasurePrice>0.6553</UnitOfMeasurePrice><AllowDiscount>1</AllowDiscount><ItemStatus>1</ItemStatus><ItemPrice>24.90</ItemPrice></item><item><PriceUpdateDate>2015-01-27 10:36:01</PriceUpdateDate><ItemCode>7290000356077</ItemCode><ItemType>1</ItemType><ItemName>מים מינרלים קר 1.5 ל</ItemName><ManufacturerName>לא ידוע</ManufacturerName><ManufactureCountry>ישראל</ManufactureCountry><ManufacturerItemDescription>מים מינרלים קר 1.5 ל</ManufacturerItemDescription><SoldByWeight/><Quantity>1500.00</Quantity><UnitOfMeasure>מ"ל</UnitOfMeasure><QtyInPackage>לא ידוע</QtyInPackage><UnitOfMeasurePrice>0.0044</UnitOfMeasurePrice><AllowDiscount>1</AllowDiscount><ItemStatus>1</ItemStatus><ItemPrice>6.60</ItemPrice></item><item><PriceUpdateDate>2016-03-01 07:00:31</PriceUpdateDate><ItemCode>7290000357386</ItemCode><ItemType>3</ItemType><ItemName>פילה דג מרלוזה בשקית</ItemName><ManufacturerName>דלידג</ManufacturerName><ManufactureCountry>ישראל</ManufactureCountry><ManufacturerItemDescription>פילה דג מרלוזה בשקית</ManufacturerItemDescription><SoldByWeight/><Quantity>1.00</Quantity><UnitOfMeasure>ק"ג</UnitOfMeasure><QtyInPackage>לא ידוע</QtyInPackage><UnitOfMeasurePrice>34.9000</UnitOfMeasurePrice><AllowDiscount>1</AllowDiscount><ItemStatus>1</ItemStatus><ItemPrice>34.90</ItemPrice></item><item><PriceUpdateDate>2016-08-02 09:29:40</PriceUpdateDate><ItemCode>7290000364285</ItemCode><ItemType>1</ItemType><ItemName>מב סלסולי פסטרמה הוד</ItemName><ManufacturerName>טירת צבי</ManufacturerName><ManufactureCountry>ישראל</ManufactureCountry><ManufacturerItemDescription>סלסולי פסטרמה הודו 120 גר</ManufacturerItemDescription><SoldByWeight/><Quantity>120.00</Quantity><UnitOfMeasure>גרם     </UnitOfMeasure><QtyInPackage>לא ידוע</QtyInPackage><UnitOfMeasurePrice>0.1075</UnitOfMeasurePrice><AllowDiscount>1</AllowDiscount><ItemStatus>1</ItemStatus><ItemPrice>12.90</ItemPrice></item><item><PriceUpdateDate>2016-08-02 09:29:40</PriceUpdateDate><ItemCode>7290000364292</ItemCode><ItemType>1</ItemType><ItemName>מב סלסולי פסטרמה גחל</ItemName><ManufacturerName>טירת צבי</ManufacturerName><ManufactureCountry>ישראל</ManufactureCountry><ManufacturerItemDescription>סלסולי פסטרמה גחלים 120 ג</ManufacturerItemDescription><SoldByWeight/><Quantity>120.00</Quantity><UnitOfMeasure>גרם     </UnitOfMeasure><QtyInPackage>לא ידוע</QtyInPackage><UnitOfMeasurePrice>0.1075</UnitOfMeasurePrice><AllowDiscount>1</AllowDiscount><ItemStatus>1</ItemStatus><ItemPrice>12.90</ItemPrice></item><item><PriceUpdateDate>2015-11-10 07:31:54</PriceUpdateDate><ItemCode>7290000364803</ItemCode><ItemType>1</ItemType><ItemName>נקניקיות אמריקאיות 5</ItemName><ManufacturerName>טירת צבי</ManufacturerName><ManufactureCountry>ישראל</ManufactureCountry><ManufacturerItemDescription>נקניקיות אמריקאיות 500 גר</ManufacturerItemDescription><SoldByWeight/><Quantity>500.00</Quantity><UnitOfMeasure>גרם     </UnitOfMeasure><QtyInPackage>לא ידוע</QtyInPackage><UnitOfMeasurePrice>0.0600</UnitOfMeasurePrice><AllowDiscount>1</AllowDiscount><ItemStatus>1</ItemStatus><ItemPrice>30.00</ItemPrice></item><item><PriceUpdateDate>2015-11-10 07:31:54</PriceUpdateDate><ItemCode>7290000364810</ItemCode><ItemType>1</ItemType><ItemName>נקניק עגל 500 גרם</ItemName><ManufacturerName>טירת צבי</ManufacturerName><ManufactureCountry>ישראל</ManufactureCountry><ManufacturerItemDescription>נקניק עגל 500 גרם</ManufacturerItemDescription><SoldByWeight/><Quantity>500.00</Quantity><UnitOfMeasure>גרם     </UnitOfMeasure><QtyInPackage>לא ידוע</QtyInPackage><UnitOfMeasurePrice>0.0580</UnitOfMeasurePrice><AllowDiscount>1</AllowDiscount><ItemStatus>1</ItemStatus><ItemPrice>29.00</ItemPrice></item><item><PriceUpdateDate>2016-08-02 09:29:40</PriceUpdateDate><ItemCode>7290000364872</ItemCode><ItemType>1</ItemType><ItemName>מב נקניקיות עוף טרי</ItemName><ManufacturerName>טירת צבי</ManufacturerName><ManufactureCountry>ישראל</ManufactureCountry><ManufacturerItemDescription>נקניקיות עוף 400 ג</ManufacturerItemDescription><SoldByWeight/><Quantity>400.00</Quantity><UnitOfMeasure>גרם     </UnitOfMeasure><QtyInPackage>לא ידוע</QtyInPackage><UnitOfMeasurePrice>0.0273</UnitOfMeasurePrice><AllowDiscount>0</AllowDiscount><ItemStatus>1</ItemStatus><ItemPrice>10.90</ItemPrice></item><item><PriceUpdateDate>2016-08-02 09:29:41</PriceUpdateDate><ItemCode>7290000367590</ItemCode><ItemType>1</ItemType><ItemName>מב נקניק צמד כפרי 80</ItemName><ManufacturerName>טירת צבי</ManufacturerName><ManufactureCountry>ישראל</ManufactureCountry><ManufacturerItemDescription>צמד כפרי 800 גר</ManufacturerItemDescription><SoldByWeight/><Quantity>800.00</Quantity><UnitOfMeasure>גרם     </UnitOfMeasure><QtyInPackage>לא ידוע</QtyInPackage><UnitOfMeasurePrice>0.0374</UnitOfMeasurePrice><AllowDiscount>1</AllowDiscount><ItemStatus>1</ItemStatus><ItemPrice>29.90</ItemPrice></item><item><PriceUpdateDate>2015-11-10 07:31:54</PriceUpdateDate><ItemCode>7290000377209</ItemCode><ItemType>1</ItemType><ItemName>גת בוטן מטוגן שקית 2</ItemName><ManufacturerName>ליימן חטיבת המותגים</ManufacturerName><ManufactureCountry>ישראל</ManufactureCountry><ManufacturerItemDescription>בוטן מטוגן 200 גרם</ManufacturerItemDescription><SoldByWeight/><Quantity>200.00</Quantity><UnitOfMeasure>גרם     </UnitOfMeasure><QtyInPackage>לא ידוע</QtyInPackage><UnitOfMeasurePrice>0.0430</UnitOfMeasurePrice><AllowDiscount>1</AllowDiscount><ItemStatus>1</ItemStatus><ItemPrice>8.60</ItemPrice></item><item><PriceUpdateDate>2016-08-02 09:29:41</PriceUpdateDate><ItemCode>7290000377452</ItemCode><ItemType>1</ItemType><ItemName>גת גרעיני אבטיח 200</ItemName><ManufacturerName>ליימן חטיבת המותגים</ManufacturerName><ManufactureCountry>ישראל</ManufactureCountry><ManufacturerItemDescription>גרעין אבטיח 200 גרם</ManufacturerItemDescription><SoldByWeight/><Quantity>200.00</Quantity><UnitOfMeasure>גרם     </UnitOfMeasure><QtyInPackage>לא ידוע</QtyInPackage><UnitOfMeasurePrice>0.0775</UnitOfMeasurePrice><AllowDiscount>1</AllowDiscount><ItemStatus>1</ItemStatus><ItemPrice>15.50</ItemPrice></item><item><PriceUpdateDate>2016-05-20 06:39:46</PriceUpdateDate><ItemCode>7290000379104</ItemCode><ItemType>1</ItemType><ItemName>לחם אנג'ל אחיד פרוס</ItemName><ManufacturerName>אנג'ל</ManufacturerName><ManufactureCountry>ישראל</ManufactureCountry><ManufacturerItemDescription>לחם אחיד פרוס750 גרם</ManufacturerItemDescription><SoldByWeight/><Quantity>750.00</Quantity><UnitOfMeasure>גרם     </UnitOfMeasure><QtyInPackage>לא ידוע</QtyInPackage><UnitOfMeasurePrice>0.0091</UnitOfMeasurePrice><AllowDiscount>1</AllowDiscount><ItemStatus>1</ItemStatus><ItemPrice>6.79</ItemPrice></item><item><PriceUpdateDate>2016-08-02 09:29:41</PriceUpdateDate><ItemCode>7290000379142</ItemCode><ItemType>1</ItemType><ItemName>לחם עינן 750 גרם פרו</ItemName><ManufacturerName>עינן</ManufacturerName><ManufactureCountry>ישראל</ManufactureCountry><ManufacturerItemDescription>לחם עינן פרוס750 גר</ManufacturerItemDescription><SoldByWeight/><Quantity>750.00</Quantity><UnitOfMeasure>גרם     </UnitOfMeasure><QtyInPackage>לא ידוע</QtyInPackage><UnitOfMeasurePrice>0.0225</UnitOfMeasurePrice><AllowDiscount>1</AllowDiscount><ItemStatus>1</ItemStatus><ItemPrice>16.90</ItemPrice></item><item><PriceUpdateDate>2016-06-28 07:03:33</PriceUpdateDate><ItemCode>7290000379203</ItemCode><ItemType>1</ItemType><ItemName>לחם עינן קל 500 גרם</ItemName><ManufacturerName>עינן</ManufacturerName><ManufactureCountry>ישראל</ManufactureCountry><ManufacturerItemDescription>לחם עינן קל פרוס 500 גר</ManufacturerItemDescription><SoldByWeight/><Quantity>500.00</Quantity><UnitOfMeasure>גרם     </UnitOfMeasure><QtyInPackage>לא ידוע</QtyInPackage><UnitOfMeasurePrice>0.0338</UnitOfMeasurePrice><AllowDiscount>1</AllowDiscount><ItemStatus>1</ItemStatus><ItemPrice>16.90</ItemPrice></item><item><PriceUpdateDate>2016-05-01 10:31:29</PriceUpdateDate><ItemCode>7290000379432</ItemCode><ItemType>1</ItemType><ItemName>לחמניה 75 גרם</ItemName><ManufacturerName>אנג'ל</ManufacturerName><ManufactureCountry>ישראל</ManufactureCountry><ManufacturerItemDescription>לחמניה 75 גרם</ManufacturerItemDescription><SoldByWeight/><Quantity>14.00</Quantity><UnitOfMeasure>גרם     </UnitOfMeasure><QtyInPackage>לא ידוע</QtyInPackage><UnitOfMeasurePrice>0.1929</UnitOfMeasurePrice><AllowDiscount>1</AllowDiscount><ItemStatus>1</ItemStatus><ItemPrice>2.70</ItemPrice></item><item><PriceUpdateDate>2015-11-10 07:30:28</PriceUpdateDate><ItemCode>7290000400570</ItemCode><ItemType>1</ItemType><ItemName>חטיף קליק 35 גרם</ItemName><ManufacturerName>קליק ורד הגליל</ManufacturerName><ManufactureCountry>ישראל</ManufactureCountry><ManufacturerItemDescription>חטיף קליק אוקיי 35 גר</ManufacturerItemDescription><SoldByWeight/><Quantity>0.00</Quantity><UnitOfMeasure>יח'</UnitOfMeasure><QtyInPackage>לא ידוע</QtyInPackage><UnitOfMeasurePrice>0.0000</UnitOfMeasurePrice><AllowDiscount>1</AllowDiscount><ItemStatus>1</ItemStatus><ItemPrice>5.70</ItemPrice></item><item><PriceUpdateDate>2016-05-01 10:27:57</PriceUpdateDate><ItemCode>7290000400587</ItemCode><ItemType>1</ItemType><ItemName>חטיף טורטית 40 גרם</ItemName><ManufacturerName>עלית</ManufacturerName><ManufactureCountry>ישראל</ManufactureCountry><ManufacturerItemDescription>חטיף טורטית40 גר</ManufacturerItemDescription><SoldByWeight/><Quantity>40.00</Quantity><UnitOfMeasure>גרם     </UnitOfMeasure><QtyInPackage>לא ידוע</QtyInPackage><UnitOfMeasurePrice>0.1250</UnitOfMeasurePrice><AllowDiscount>1</AllowDiscount><ItemStatus>1</ItemStatus><ItemPrice>5.00</ItemPrice></item><item><PriceUpdateDate>2015-10-11 06:43:15</PriceUpdateDate><ItemCode>7290000400617</ItemCode><ItemType>1</ItemType><ItemName>שוקולד מקופלת חלב 25</ItemName><ManufacturerName>מקופלת</ManufacturerName><ManufactureCountry>ישראל</ManufactureCountry><ManufacturerItemDescription>חטיף שוק.מקופלת 25 גר</ManufacturerItemDescription><SoldByWeight/><Quantity>25.00</Quantity><UnitOfMeasure>גרם     </UnitOfMeasure><QtyInPackage>לא ידוע</QtyInPackage><UnitOfMeasurePrice>0.2000</UnitOfMeasurePrice><AllowDiscount>1</AllowDiscount><ItemStatus>1</ItemStatus><ItemPrice>5.00</ItemPrice></item><item><PriceUpdateDate>2016-05-01 10:27:57</PriceUpdateDate><ItemCode>7290000400655</ItemCode><ItemType>1</ItemType><ItemName>חטיף טויסט 28 גרם</ItemName><ManufacturerName>עלית</ManufacturerName><ManufactureCountry>ישראל</ManufactureCountry><ManufacturerItemDescription>חטיף טוויסט 28 גר</ManufacturerItemDescription><SoldByWeight/><Quantity>28.00</Quantity><UnitOfMeasure>גרם     </UnitOfMeasure><QtyInPackage>לא ידוע</QtyInPackage><UnitOfMeasurePrice>0.1786</UnitOfMeasurePrice><AllowDiscount>1</AllowDiscount><ItemStatus>1</ItemStatus><ItemPrice>5.00</ItemPrice></item><item><PriceUpdateDate>2015-10-01 00:28:56</PriceUpdateDate><ItemCode>7290000400662</ItemCode><ItemType>1</ItemType><ItemName>מעדן מילקי וניל 170</ItemName><ManufacturerName>מילקי</ManufacturerName><ManufactureCountry>ישראל</ManufactureCountry><ManufacturerItemDescription>מילקי וניל170 מל</ManufacturerItemDescription><SoldByWeight/><Quantity>170.00</Quantity><UnitOfMeasure>מ"ל</UnitOfMeasure><QtyInPackage>לא ידוע</QtyInPackage><UnitOfMeasurePrice>0.0165</UnitOfMeasurePrice><AllowDiscount>1</AllowDiscount><ItemStatus>1</ItemStatus><ItemPrice>2.80</ItemPrice></item><item><PriceUpdateDate>2015-10-01 00:28:56</PriceUpdateDate><ItemCode>7290000400679</ItemCode><ItemType>1</ItemType><ItemName>מעדן מילקי שוקו 170</ItemName><ManufacturerName>מילקי</ManufacturerName><ManufactureCountry>ישראל</ManufactureCountry><ManufacturerItemDescription>מילקי שוקו170 גר</ManufacturerItemDescription><SoldByWeight/><Quantity>170.00</Quantity><UnitOfMeasure>מ"ל</UnitOfMeasure><QtyInPackage>לא ידוע</QtyInPackage><UnitOfMeasurePrice>0.0165</UnitOfMeasurePrice><AllowDiscount>1</AllowDiscount><ItemStatus>1</ItemStatus><ItemPrice>2.80</ItemPrice></item><item><PriceUpdateDate>2016-05-01 10:27:57</PriceUpdateDate><ItemCode>7290000400723</ItemCode><ItemType>1</ItemType><ItemName>שמרים לחים קוביות 50</ItemName><ManufacturerName>שמרית</ManufacturerName><ManufactureCountry>ישראל</ManufactureCountry><ManufacturerItemDescription>שמרים לחים 50 גר</ManufacturerItemDescription><SoldByWeight/><Quantity>14.00</Quantity><UnitOfMeasure>גרם     </UnitOfMeasure><QtyInPackage>לא ידוע</QtyInPackage><UnitOfMeasurePrice>0.2643</UnitOfMeasurePrice><AllowDiscount>1</AllowDiscount><ItemStatus>1</ItemStatus><ItemPrice>3.70</ItemPrice></item><item><PriceUpdateDate>2016-02-11 06:58:44</PriceUpdateDate><ItemCode>7290000400730</ItemCode><ItemType>1</ItemType><ItemName>שמנית חמוצה 15% 200</ItemName><ManufacturerName>תנובה</ManufacturerName><ManufactureCountry>ישראל</ManufactureCountry><ManufacturerItemDescription>שמנית חמוצה 15% 200</ManufacturerItemDescription><SoldByWeight/><Quantity>200.00</Quantity><UnitOfMeasure>מ"ל</UnitOfMeasure><QtyInPackage>לא ידוע</QtyInPackage><UnitOfMeasurePrice>0.0110</UnitOfMeasurePrice><AllowDiscount>1</AllowDiscount><ItemStatus>1</ItemStatus><ItemPrice>2.20</ItemPrice></item><item><PriceUpdateDate>2016-02-11 06:58:44</PriceUpdateDate><ItemCode>7290000400747</ItemCode><ItemType>1</ItemType><ItemName>אשד מהדרין 200 מ"ל</ItemName><ManufacturerName>אשד</ManufacturerName><ManufactureCountry>ישראל</ManufactureCountry><ManufacturerItemDescription>אשד מהדרין 200 מ"ל</ManufacturerItemDescription><SoldByWeight/><Quantity>200.00</Quantity><UnitOfMeasure>מ"ל</UnitOfMeasure><QtyInPackage>לא ידוע</QtyInPackage><UnitOfMeasurePrice>0.0078</UnitOfMeasurePrice><AllowDiscount>1</AllowDiscount><ItemStatus>1</ItemStatus><ItemPrice>1.55</ItemPrice></item><item><PriceUpdateDate>2016-02-11 06:58:44</PriceUpdateDate><ItemCode>7290000400754</ItemCode><ItemType>1</ItemType><ItemName>גילה לבן 3% מהדרין 2</ItemName><ManufacturerName>גיל</ManufacturerName><ManufactureCountry>ישראל</ManufactureCountry><ManufacturerItemDescription>גילה לבן 3% מהדרין 2</ManufacturerItemDescription><SoldByWeight/><Quantity>200.00</Quantity><UnitOfMeasure>מ"ל</UnitOfMeasure><QtyInPackage>לא ידוע</QtyInPackage><UnitOfMeasurePrice>0.0070</UnitOfMeasurePrice><AllowDiscount>1</AllowDiscount><ItemStatus>1</ItemStatus><ItemPrice>1.40</ItemPrice></item><item><PriceUpdateDate>2015-10-11 06:43:15</PriceUpdateDate><ItemCode>7290000400761</ItemCode><ItemType>1</ItemType><ItemName>פרילי תות 125 גרם</ItemName><ManufacturerName>פרילי</ManufacturerName><ManufactureCountry>ישראל</ManufactureCountry><ManufacturerItemDescription>פרילי תות בגביע125 גר</ManufacturerItemDescription><SoldByWeight/><Quantity>125.00</Quantity><UnitOfMeasure>גרם     </UnitOfMeasure><QtyInPackage>לא ידוע</QtyInPackage><UnitOfMeasurePrice>0.0296</UnitOfMeasurePrice><AllowDiscount>1</AllowDiscount><ItemStatus>1</ItemStatus><ItemPrice>3.70</ItemPrice></item><item><PriceUpdateDate>2015-10-11 06:43:15</PriceUpdateDate><ItemCode>7290000400785</ItemCode><ItemType>1</ItemType><ItemName>פרילי אננס 125 גרם</ItemName><ManufacturerName>פרילי</ManufacturerName><ManufactureCountry>ישראל</ManufactureCountry><ManufacturerItemDescription>פרילי אננס בגביע125 מל</ManufacturerItemDescription><SoldByWeight/><Quantity>125.00</Quantity><UnitOfMeasure>גרם     </UnitOfMeasure><QtyInPackage>לא ידוע</QtyInPackage><UnitOfMeasurePrice>0.0296</UnitOfMeasurePrice><AllowDiscount>1</AllowDiscount><ItemStatus>1</ItemStatus><ItemPrice>3.70</ItemPrice></item><item><PriceUpdateDate>2016-03-14 17:14:23</PriceUpdateDate><ItemCode>7290000400792</ItemCode><ItemType>1</ItemType><ItemName>מעדן באדי תות 125 גר</ItemName><ManufacturerName>באדי</ManufacturerName><ManufactureCountry>ישראל</ManufactureCountry><ManufacturerItemDescription>באדי תות125 מל</ManufacturerItemDescription><SoldByWeight/><Quantity>125.00</Quantity><UnitOfMeasure>גרם     </UnitOfMeasure><QtyInPackage>לא ידוע</QtyInPackage><UnitOfMeasurePrice>0.0216</UnitOfMeasurePrice><AllowDiscount>1</AllowDiscount><ItemStatus>1</ItemStatus><ItemPrice>2.70</ItemPrice></item><item><PriceUpdateDate>2016-02-11 06:58:44</PriceUpdateDate><ItemCode>7290000400815</ItemCode><ItemType>1</ItemType><ItemName>חמאה מפוסטרת חבילה 1</ItemName><ManufacturerName>חמאת תנובה</ManufacturerName><ManufactureCountry>ישראל</ManufactureCountry><ManufacturerItemDescription>חמאה 100 גרם פיקוח</ManufacturerItemDescription><SoldByWeight/><Quantity>100.00</Quantity><UnitOfMeasure>גרם     </UnitOfMeasure><QtyInPackage>לא ידוע</QtyInPackage><UnitOfMeasurePrice>0.0380</UnitOfMeasurePrice><AllowDiscount>1</AllowDiscount><ItemStatus>1</ItemStatus><ItemPrice>3.80</ItemPrice></item><item><PriceUpdateDate>2015-01-27 10:34:38</PriceUpdateDate><ItemCode>7290000400846</ItemCode><ItemType>1</ItemType><ItemName>שמנת של פעם 200 מ"ל</ItemName><ManufacturerName>חלב תנובה</ManufacturerName><ManufactureCountry>ישראל</ManufactureCountry><ManufacturerItemDescription>שמנת של פעם200 מל</ManufacturerItemDescription><SoldByWeight/><Quantity>200.00</Quantity><UnitOfMeasure>מ"ל</UnitOfMeasure><QtyInPackage>לא ידוע</QtyInPackage><UnitOfMeasurePrice>0.0210</UnitOfMeasurePrice><AllowDiscount>1</AllowDiscount><ItemStatus>1</ItemStatus><ItemPrice>4.20</ItemPrice></item><item><PriceUpdateDate>2015-10-19 10:39:46</PriceUpdateDate><ItemCode>7290000400860</ItemCode><ItemType>1</ItemType><ItemName>פרילי טבע 200 מ''ל</ItemName><ManufacturerName>פרילי</ManufacturerName><ManufactureCountry>ישראל</ManufactureCountry><ManufacturerItemDescription>טבעגורט-יוגורט עם גרנולה2</ManufacturerItemDescription><SoldByWeight/><Quantity>200.00</Quantity><UnitOfMeasure>מ"ל</UnitOfMeasure><QtyInPackage>לא ידוע</QtyInPackage><UnitOfMeasurePrice>0.0265</UnitOfMeasurePrice><AllowDiscount>1</AllowDiscount><ItemStatus>1</ItemStatus><ItemPrice>5.30</ItemPrice></item><item><PriceUpdateDate>2015-10-11 06:43:15</PriceUpdateDate><ItemCode>7290000400877</ItemCode><ItemType>1</ItemType><ItemName>יוגורט 200 מ"ל</ItemName><ManufacturerName>חלב תנובה</ManufacturerName><ManufactureCountry>ישראל</ManufactureCountry><ManufacturerItemDescription>יוגורט200-4% מל</ManufacturerItemDescription><SoldByWeight/><Quantity>200.00</Quantity><UnitOfMeasure>מ"ל</UnitOfMeasure><QtyInPackage>לא ידוע</QtyInPackage><UnitOfMeasurePrice>0.0145</UnitOfMeasurePrice><AllowDiscount>1</AllowDiscount><ItemStatus>1</ItemStatus><ItemPrice>2.90</ItemPrice></item><item><PriceUpdateDate>2015-10-19 10:39:46</PriceUpdateDate><ItemCode>7290000400884</ItemCode><ItemType>1</ItemType><ItemName>מילקי קל שוקו 137 גר</ItemName><ManufacturerName>מילקי</ManufacturerName><ManufactureCountry>ישראל</ManufactureCountry><ManufacturerItemDescription>מילקיקל שוקולד 170-3% מל</ManufacturerItemDescription><SoldByWeight/><Quantity>137.00</Quantity><UnitOfMeasure>גרם     </UnitOfMeasure><QtyInPackage>לא ידוע</QtyInPackage><UnitOfMeasurePrice>0.0307</UnitOfMeasurePrice><AllowDiscount>1</AllowDiscount><ItemStatus>1</ItemStatus><ItemPrice>4.20</ItemPrice></item><item><PriceUpdateDate>2016-03-14 17:14:23</PriceUpdateDate><ItemCode>7290000400921</ItemCode><ItemType>1</ItemType><ItemName>מעדן באדי וניל מהדרי</ItemName><ManufacturerName>באדי</ManufacturerName><ManufactureCountry>ישראל</ManufactureCountry><ManufacturerItemDescription>מעדן באדי וניל מהדרי</ManufacturerItemDescription><SoldByWeight/><Quantity>125.00</Quantity><UnitOfMeasure>גרם     </UnitOfMeasure><QtyInPackage>לא ידוע</QtyInPackage><UnitOfMeasurePrice>0.0216</UnitOfMeasurePrice><AllowDiscount>1</AllowDiscount><ItemStatus>1</ItemStatus><ItemPrice>2.70</ItemPrice></item><item><PriceUpdateDate>2016-03-14 17:14:23</PriceUpdateDate><ItemCode>7290000400938</ItemCode><ItemType>1</ItemType><ItemName>מעדן באדי שוקו מהדרי</ItemName><ManufacturerName>באדי</ManufacturerName><ManufactureCountry>ישראל</ManufactureCountry><ManufacturerItemDescription>מעדן באדי שוקו מהדרי</ManufacturerItemDescription><SoldByWeight/><Quantity>125.00</Quantity><UnitOfMeasure>גרם     </UnitOfMeasure><QtyInPackage>לא ידוע</QtyInPackage><UnitOfMeasurePrice>0.0216</UnitOfMeasurePrice><AllowDiscount>1</AllowDiscount><ItemStatus>1</ItemStatus><ItemPrice>2.70</ItemPrice></item><item><PriceUpdateDate>2015-10-11 06:43:15</PriceUpdateDate><ItemCode>7290000401003</ItemCode><ItemType>1</ItemType><ItemName>מעדן דני 125 גרם</ItemName><ManufacturerName>דני</ManufacturerName><ManufactureCountry>ישראל</ManufactureCountry><ManufacturerItemDescription>מעדן דני שוקולד 125 גרם</ManufacturerItemDescription><SoldByWeight/><Quantity>125.00</Quantity><UnitOfMeasure>מ"ל</UnitOfMeasure><QtyInPackage>לא ידוע</QtyInPackage><UnitOfMeasurePrice>0.0216</UnitOfMeasurePrice><AllowDiscount>1</AllowDiscount><ItemStatus>1</ItemStatus><ItemPrice>2.70</ItemPrice></item><item><PriceUpdateDate>2016-06-27 17:21:53</PriceUpdateDate><ItemCode>7290000401225</ItemCode><ItemType>1</ItemType><ItemName>קינדר בואנו חלב 43 ג</ItemName><ManufacturerName>קינדר</ManufacturerName><ManufactureCountry>פולין</ManufactureCountry><ManufacturerItemDescription>חטיף וופל קינדר בואנו</ManufacturerItemDescription><SoldByWeight/><Quantity>43.00</Quantity><UnitOfMeasure>גרם     </UnitOfMeasure><QtyInPackage>לא ידוע</QtyInPackage><UnitOfMeasurePrice>0.1140</UnitOfMeasurePrice><AllowDiscount>1</AllowDiscount><ItemStatus>1</ItemStatus><ItemPrice>4.90</ItemPrice></item><item><PriceUpdateDate>2016-03-15 11:31:23</PriceUpdateDate><ItemCode>7290000401232</ItemCode><ItemType>1</ItemType><ItemName>ממרח שוקולד נוטלה 75</ItemName><ManufacturerName>נוטלה</ManufacturerName><ManufactureCountry>פולין</ManufactureCountry><ManufacturerItemDescription>מסטיק מנטוס      90 גרם</ManufacturerItemDescription><SoldByWeight/><Quantity>750.00</Quantity><UnitOfMeasure>גרם     </UnitOfMeasure><QtyInPackage>לא ידוע</QtyInPackage><UnitOfMeasurePrice>0.0332</UnitOfMeasurePrice><AllowDiscount>1</AllowDiscount><ItemStatus>1</ItemStatus><ItemPrice>24.90</ItemPrice></item><item><PriceUpdateDate>2016-03-30 10:11:27</PriceUpdateDate><ItemCode>7290000401249</ItemCode><ItemType>1</ItemType><ItemName>ממרח שוקולד נוטלה 35</ItemName><ManufacturerName>פררו</ManufacturerName><ManufactureCountry>איטליה</ManufactureCountry><ManufacturerItemDescription>מסטיק מנטוס     ת מיקס90</ManufacturerItemDescription><SoldByWeight/><Quantity>350.00</Quantity><UnitOfMeasure>גרם     </UnitOfMeasure><QtyInPackage>לא ידוע</QtyInPackage><UnitOfMeasurePrice>0.0411</UnitOfMeasurePrice><AllowDiscount>1</AllowDiscount><ItemStatus>1</ItemStatus><ItemPrice>14.40</ItemPrice></item><item><PriceUpdateDate>2016-06-27 17:21:53</PriceUpdateDate><ItemCode>7290000401256</ItemCode><ItemType>1</ItemType><ItemName>אצבעות שוקולד קינדר</ItemName><ManufacturerName>קינדר</ManufacturerName><ManufactureCountry>איטליה</ManufactureCountry><ManufacturerItemDescription>שוקולד חלב ממולא קינדר50</ManufacturerItemDescription><SoldByWeight/><Quantity>50.00</Quantity><UnitOfMeasure>גרם     </UnitOfMeasure><QtyInPackage>לא ידוע</QtyInPackage><UnitOfMeasurePrice>0.0980</UnitOfMeasurePrice><AllowDiscount>1</AllowDiscount><ItemStatus>1</ItemStatus><ItemPrice>4.90</ItemPrice></item><item><PriceUpdateDate>2016-05-01 10:27:59</PriceUpdateDate><ItemCode>7290000401454</ItemCode><ItemType>1</ItemType><ItemName>רד בול משקה אנרגיה 2</ItemName><ManufacturerName>רדבול</ManufacturerName><ManufactureCountry>ישראל</ManufactureCountry><ManufacturerItemDescription>רד בול          יה פח250</ManufacturerItemDescription><SoldByWeight/><Quantity>250.00</Quantity><UnitOfMeasure>מ"ל</UnitOfMeasure><QtyInPackage>לא ידוע</QtyInPackage><UnitOfMeasurePrice>0.0348</UnitOfMeasurePrice><AllowDiscount>1</AllowDiscount><ItemStatus>1</ItemStatus><ItemPrice>8.70</ItemPrice></item><item><PriceUpdateDate>2016-05-31 06:14:15</PriceUpdateDate><ItemCode>7290000401492</ItemCode><ItemType>1</ItemType><ItemName>חטיף קליק ביסקויט 75</ItemName><ManufacturerName>קליק ורד הגליל</ManufacturerName><ManufactureCountry>ישראל</ManufactureCountry><ManufacturerItemDescription>קליק ביסקוויט 75 גר</ManufacturerItemDescription><SoldByWeight/><Quantity>75.00</Quantity><UnitOfMeasure>גרם     </UnitOfMeasure><QtyInPackage>לא ידוע</QtyInPackage><UnitOfMeasurePrice>0.0720</UnitOfMeasurePrice><AllowDiscount>1</AllowDiscount><ItemStatus>1</ItemStatus><ItemPrice>5.40</ItemPrice></item><item><PriceUpdateDate>2016-05-31 06:14:15</PriceUpdateDate><ItemCode>7290000401508</ItemCode><ItemType>1</ItemType><ItemName>חטיף קליק כדורים 75</ItemName><ManufacturerName>קליק ורד הגליל</ManufacturerName><ManufactureCountry>ישראל</ManufactureCountry><ManufacturerItemDescription>קליק חלב 75 גר</ManufacturerItemDescription><SoldByWeight/><Quantity>75.00</Quantity><UnitOfMeasure>גרם     </UnitOfMeasure><QtyInPackage>לא ידוע</QtyInPackage><UnitOfMeasurePrice>0.0720</UnitOfMeasurePrice><AllowDiscount>1</AllowDiscount><ItemStatus>1</ItemStatus><ItemPrice>5.40</ItemPrice></item><item><PriceUpdateDate>2016-05-31 06:14:15</PriceUpdateDate><ItemCode>7290000401515</ItemCode><ItemType>1</ItemType><ItemName>חטיף קליק קורנפלקס 7</ItemName><ManufacturerName>קליק ורד הגליל</ManufacturerName><ManufactureCountry>ישראל</ManufactureCountry><ManufacturerItemDescription>קליק קורנפלקס 75 גר</ManufacturerItemDescription><SoldByWeight/><Quantity>75.00</Quantity><UnitOfMeasure>גרם     </UnitOfMeasure><QtyInPackage>לא ידוע</QtyInPackage><UnitOfMeasurePrice>0.0720</UnitOfMeasurePrice><AllowDiscount>1</AllowDiscount><ItemStatus>1</ItemStatus><ItemPrice>5.40</ItemPrice></item><item><PriceUpdateDate>2016-05-31 06:14:15</PriceUpdateDate><ItemCode>7290000401522</ItemCode><ItemType>1</ItemType><ItemName>חטיף קליק חום לבן 75</ItemName><ManufacturerName>קליק ורד הגליל</ManufacturerName><ManufactureCountry>ישראל</ManufactureCountry><ManufacturerItemDescription>קליק חום לבן 75 גרם</ManufacturerItemDescription><SoldByWeight/><Quantity>75.00</Quantity><UnitOfMeasure>גרם     </UnitOfMeasure><QtyInPackage>לא ידוע</QtyInPackage><UnitOfMeasurePrice>0.0720</UnitOfMeasurePrice><AllowDiscount>1</AllowDiscount><ItemStatus>1</ItemStatus><ItemPrice>5.40</ItemPrice></item><item><PriceUpdateDate>2016-05-31 06:14:15</PriceUpdateDate><ItemCode>7290000401546</ItemCode><ItemType>1</ItemType><ItemName>חטיף קליק כריות 75 ג</ItemName><ManufacturerName>קליק ורד הגליל</ManufacturerName><ManufactureCountry>ישראל</ManufactureCountry><ManufacturerItemDescription>קליק כריות 75 גר</ManufacturerItemDescription><SoldByWeight/><Quantity>75.00</Quantity><UnitOfMeasure>גרם     </UnitOfMeasure><QtyInPackage>לא ידוע</QtyInPackage><UnitOfMeasurePrice>0.0720</UnitOfMeasurePrice><AllowDiscount>1</AllowDiscount><ItemStatus>1</ItemStatus><ItemPrice>5.40</ItemPrice></item><item><PriceUpdateDate>2016-05-31 06:14:15</PriceUpdateDate><ItemCode>7290000401591</ItemCode><ItemType>1</ItemType><ItemName>נייטשר וואלי קראנצ'י</ItemName><ManufacturerName>Nature Valley</ManufacturerName><ManufactureCountry>ספרד</ManufactureCountry><ManufacturerItemDescription>חמוציות במיץ רימונים 142</ManufacturerItemDescription><SoldByWeight/><Quantity>210.00</Quantity><UnitOfMeasure>גרם     </UnitOfMeasure><QtyInPackage>לא ידוע</QtyInPackage><UnitOfMeasurePrice>0.0757</UnitOfMeasurePrice><AllowDiscount>1</AllowDiscount><ItemStatus>1</ItemStatus><ItemPrice>15.90</ItemPrice></item><item><PriceUpdateDate>2016-05-01 10:28:00</PriceUpdateDate><ItemCode>7290000402543</ItemCode><ItemType>1</ItemType><ItemName>פריסקיז יבש נתחי ברב</ItemName><ManufacturerName>פריסקיז</ManufacturerName><ManufactureCountry>ארצות הברית</ManufactureCountry><ManufacturerItemDescription>שמפו אלביב וונדי מפוצ700</ManufacturerItemDescription><SoldByWeight/><Quantity>2900.00</Quantity><UnitOfMeasure>גרם     </UnitOfMeasure><QtyInPackage>לא ידוע</QtyInPackage><UnitOfMeasurePrice>0.0207</UnitOfMeasurePrice><AllowDiscount>1</AllowDiscount><ItemStatus>1</ItemStatus><ItemPrice>59.90</ItemPrice></item><item><PriceUpdateDate>2016-05-01 10:28:01</PriceUpdateDate><ItemCode>7290000402802</ItemCode><ItemType>1</ItemType><ItemName>סוכריות מאסט טעם יוג</ItemName><ManufacturerName>מאסט</ManufacturerName><ManufactureCountry>פולין</ManufactureCountry><ManufacturerItemDescription>סוכריות מאסט ללא סוכר יוג</ManufacturerItemDescription><SoldByWeight/><Quantity>0.00</Quantity><UnitOfMeasure>יח'</UnitOfMeasure><QtyInPackage>לא ידוע</QtyInPackage><UnitOfMeasurePrice>0.0000</UnitOfMeasurePrice><AllowDiscount>1</AllowDiscount><ItemStatus>1</ItemStatus><ItemPrice>8.90</ItemPrice></item><item><PriceUpdateDate>2015-12-01 07:56:43</PriceUpdateDate><ItemCode>7290000402840</ItemCode><ItemType>1</ItemType><ItemName>סוכריות מאסט מנטה לל</ItemName><ManufacturerName>מאסט</ManufacturerName><ManufactureCountry>פולין</ManufactureCountry><ManufacturerItemDescription>צבע ש.גרנייה    נד 111</ManufacturerItemDescription><SoldByWeight/><Quantity>80.00</Quantity><UnitOfMeasure>גרם     </UnitOfMeasure><QtyInPackage>לא ידוע</QtyInPackage><UnitOfMeasurePrice>0.1113</UnitOfMeasurePrice><AllowDiscount>1</AllowDiscount><ItemStatus>1</ItemStatus><ItemPrice>8.90</ItemPrice></item><item><PriceUpdateDate>2016-01-20 07:09:17</PriceUpdateDate><ItemCode>7290000402888</ItemCode><ItemType>1</ItemType><ItemName>סוכריות מאסט ריבת חל</ItemName><ManufacturerName>מאסט</ManufacturerName><ManufactureCountry>פולין</ManufactureCountry><ManufacturerItemDescription>צבע לשיער גרנייה שוקולד</ManufacturerItemDescription><SoldByWeight/><Quantity>80.00</Quantity><UnitOfMeasure>גרם     </UnitOfMeasure><QtyInPackage>לא ידוע</QtyInPackage><UnitOfMeasurePrice>0.1113</UnitOfMeasurePrice><AllowDiscount>1</AllowDiscount><ItemStatus>1</ItemStatus><ItemPrice>8.90</ItemPrice></item><item><PriceUpdateDate>2016-08-02 09:29:03</PriceUpdateDate><ItemCode>7290000403168</ItemCode><ItemType>1</ItemType><ItemName>מב דגני פוסט וופל קר</ItemName><ManufacturerName>פוסט</ManufacturerName><ManufactureCountry>ארצות הברית</ManufactureCountry><ManufacturerItemDescription>תערובת דגנים וופל קריספ32</ManufacturerItemDescription><SoldByWeight/><Quantity>325.00</Quantity><UnitOfMeasure>גרם     </UnitOfMeasure><QtyInPackage>לא ידוע</QtyInPackage><UnitOfMeasurePrice>0.0551</UnitOfMeasurePrice><AllowDiscount>1</AllowDiscount><ItemStatus>1</ItemStatus><ItemPrice>17.90</ItemPrice></item><item><PriceUpdateDate>2016-05-17 12:34:29</PriceUpdateDate><ItemCode>7290000403595</ItemCode><ItemType>1</ItemType><ItemName>שוקולד מילקה חלב 100</ItemName><ManufacturerName>מילקה</ManufacturerName><ManufactureCountry>גרמניה</ManufactureCountry><ManufacturerItemDescription>ג'ל גילוח ניוואה.רגיש200</ManufacturerItemDescription><SoldByWeight/><Quantity>100.00</Quantity><UnitOfMeasure>גרם     </UnitOfMeasure><QtyInPackage>לא ידוע</QtyInPackage><UnitOfMeasurePrice>0.0890</UnitOfMeasurePrice><AllowDiscount>1</AllowDiscount><ItemStatus>1</ItemStatus><ItemPrice>8.90</ItemPrice></item><item><PriceUpdateDate>2016-05-17 12:34:29</PriceUpdateDate><ItemCode>7290000403601</ItemCode><ItemType>1</ItemType><ItemName>שוקולד מילקה צימוק 1</ItemName><ManufacturerName>מילקה</ManufacturerName><ManufactureCountry>גרמניה</ManufactureCountry><ManufacturerItemDescription>דאודורנט ניוואה ון 50מ"ל</ManufacturerItemDescription><SoldByWeight/><Quantity>100.00</Quantity><UnitOfMeasure>גרם     </UnitOfMeasure><QtyInPackage>לא ידוע</QtyInPackage><UnitOfMeasurePrice>0.0890</UnitOfMeasurePrice><AllowDiscount>1</AllowDiscount><ItemStatus>1</ItemStatus><ItemPrice>8.90</ItemPrice></item><item><PriceUpdateDate>2016-03-01 06:59:26</PriceUpdateDate><ItemCode>7290000403731</ItemCode><ItemType>1</ItemType><ItemName>חמאה רכה מלוחה אלווי</ItemName><ManufacturerName>אלוויר</ManufacturerName><ManufactureCountry>ישראל</ManufactureCountry><ManufacturerItemDescription>חמאה רכה מלוחה250 גר</ManufacturerItemDescription><SoldByWeight/><Quantity>250.00</Quantity><UnitOfMeasure>גרם     </UnitOfMeasure><QtyInPackage>לא ידוע</QtyInPackage><UnitOfMeasurePrice>0.0852</UnitOfMeasurePrice><AllowDiscount>1</AllowDiscount><ItemStatus>1</ItemStatus><ItemPrice>21.30</ItemPrice></item><item><PriceUpdateDate>2016-08-02 09:29:04</PriceUpdateDate><ItemCode>7290000403748</ItemCode><ItemType>1</ItemType><ItemName>גבינת בורסן שום ועשב</ItemName><ManufacturerName>בורסאן</ManufacturerName><ManufactureCountry>ישראל</ManufactureCountry><ManufacturerItemDescription>גבינה בורסאן שום 150 גרם</ManufacturerItemDescription><SoldByWeight/><Quantity>150.00</Quantity><UnitOfMeasure>גרם     </UnitOfMeasure><QtyInPackage>לא ידוע</QtyInPackage><UnitOfMeasurePrice>0.1327</UnitOfMeasurePrice><AllowDiscount>1</AllowDiscount><ItemStatus>1</ItemStatus><ItemPrice>19.90</ItemPrice></item><item><PriceUpdateDate>2016-08-02 09:29:04</PriceUpdateDate><ItemCode>7290000403755</ItemCode><ItemType>1</ItemType><ItemName>גבינת בורסן שמנת עם</ItemName><ManufacturerName>בורסאן</ManufacturerName><ManufactureCountry>ישראל</ManufactureCountry><ManufacturerItemDescription>גבינה בורסאן פלפל 150 גרם</ManufacturerItemDescription><SoldByWeight/><Quantity>150.00</Quantity><UnitOfMeasure>גרם     </UnitOfMeasure><QtyInPackage>לא ידוע</QtyInPackage><UnitOfMeasurePrice>0.1327</UnitOfMeasurePrice><AllowDiscount>1</AllowDiscount><ItemStatus>1</ItemStatus><ItemPrice>19.90</ItemPrice></item><item><PriceUpdateDate>2016-08-02 09:29:04</PriceUpdateDate><ItemCode>7290000403762</ItemCode><ItemType>1</ItemType><ItemName>גבינת בורסן עם בצל ו</ItemName><ManufacturerName>בורסאן</ManufacturerName><ManufactureCountry>ישראל</ManufactureCountry><ManufacturerItemDescription>גבינה בורסאן בצל עירית 15</ManufacturerItemDescription><SoldByWeight/><Quantity>150.00</Quantity><UnitOfMeasure>גרם     </UnitOfMeasure><QtyInPackage>לא ידוע</QtyInPackage><UnitOfMeasurePrice>0.1327</UnitOfMeasurePrice><AllowDiscount>1</AllowDiscount><ItemStatus>1</ItemStatus><ItemPrice>19.90</ItemPrice></item><item><PriceUpdateDate>2016-08-07 20:02:43</PriceUpdateDate><ItemCode>7290000403786</ItemCode><ItemType>1</ItemType><ItemName>חמאה צרפתית פרזידנט</ItemName><ManufacturerName>פרזידנט</ManufacturerName><ManufactureCountry>ישראל</ManufactureCountry><ManufacturerItemDescription>חמאה צרפתית פרזידנט</ManufacturerItemDescription><SoldByWeight/><Quantity>200.00</Quantity><UnitOfMeasure>גרם     </UnitOfMeasure><QtyInPackage>לא ידוע</QtyInPackage><UnitOfMeasurePrice>0.0845</UnitOfMeasurePrice><AllowDiscount>1</AllowDiscount><ItemStatus>1</ItemStatus><ItemPrice>16.90</ItemPrice></item><item><PriceUpdateDate>2016-08-02 09:29:04</PriceUpdateDate><ItemCode>7290000403816</ItemCode><ItemType>1</ItemType><ItemName>מב דגני בוקר קראנץ'</ItemName><ManufacturerName>קראנץ</ManufacturerName><ManufactureCountry>ישראל</ManufactureCountry><ManufacturerItemDescription>מב דגני בוקר קראנץ'</ManufacturerItemDescription><SoldByWeight/><Quantity>500.00</Quantity><UnitOfMeasure>גרם     </UnitOfMeasure><QtyInPackage>לא ידוע</QtyInPackage><UnitOfMeasurePrice>0.0378</UnitOfMeasurePrice><AllowDiscount>1</AllowDiscount><ItemStatus>1</ItemStatus><ItemPrice>18.90</ItemPrice></item><item><PriceUpdateDate>2015-10-29 07:16:46</PriceUpdateDate><ItemCode>7290000404059</ItemCode><ItemType>1</ItemType><ItemName>שוקולד ריטר אגוזים 1</ItemName><ManufacturerName>ריטר</ManufacturerName><ManufactureCountry>גרמניה</ManufactureCountry><ManufacturerItemDescription>דאודורנט FA     200SP FA</ManufacturerItemDescription><SoldByWeight/><Quantity>100.00</Quantity><UnitOfMeasure>גרם     </UnitOfMeasure><QtyInPackage>לא ידוע</QtyInPackage><UnitOfMeasurePrice>0.0990</UnitOfMeasurePrice><AllowDiscount>1</AllowDiscount><ItemStatus>1</ItemStatus><ItemPrice>9.90</ItemPrice></item><item><PriceUpdateDate>2016-08-02 09:29:04</PriceUpdateDate><ItemCode>7290000404141</ItemCode><ItemType>1</ItemType><ItemName>מב מסיר שומנים סיליט</ItemName><ManufacturerName>סיליט</ManufacturerName><ManufactureCountry>פולין</ManufactureCountry><ManufacturerItemDescription>מב מסיר שומנים סיליט</ManufacturerItemDescription><SoldByWeight/><Quantity>750.00</Quantity><UnitOfMeasure>מ"ל</UnitOfMeasure><QtyInPackage>לא ידוע</QtyInPackage><UnitOfMeasurePrice>0.0145</UnitOfMeasurePrice><AllowDiscount>1</AllowDiscount><ItemStatus>1</ItemStatus><ItemPrice>10.90</ItemPrice></item><item><PriceUpdateDate>2016-05-01 06:09:40</PriceUpdateDate><ItemCode>7290000404370</ItemCode><ItemType>1</ItemType><ItemName>בונבונירה מרסי אוריג</ItemName><ManufacturerName>מרסי</ManufacturerName><ManufactureCountry>גרמניה</ManufactureCountry><ManufacturerItemDescription>טמפוני קוטקס    מיני</ManufacturerItemDescription><SoldByWeight/><Quantity>250.00</Quantity><UnitOfMeasure>גרם     </UnitOfMeasure><QtyInPackage>לא ידוע</QtyInPackage><UnitOfMeasurePrice>0.1196</UnitOfMeasurePrice><AllowDiscount>1</AllowDiscount><ItemStatus>1</ItemStatus><ItemPrice>29.90</ItemPrice></item><item><PriceUpdateDate>2016-05-31 06:14:16</PriceUpdateDate><ItemCode>7290000405483</ItemCode><ItemType>1</ItemType><ItemName>טמפוני טמפקס פלאש סו</ItemName><ManufacturerName>פרוקטר אנד גמבל</ManufacturerName><ManufactureCountry>הונגריה</ManufactureCountry><ManufacturerItemDescription>טמפקס פלאש      ר 30 יח'</ManufacturerItemDescription><SoldByWeight/><Quantity>30.00</Quantity><UnitOfMeasure>בודד</UnitOfMeasure><QtyInPackage>לא ידוע</QtyInPackage><UnitOfMeasurePrice>1.0967</UnitOfMeasurePrice><AllowDiscount>1</AllowDiscount><ItemStatus>1</ItemStatus><ItemPrice>32.90</ItemPrice></item><item><PriceUpdateDate>2016-05-31 06:14:16</PriceUpdateDate><ItemCode>7290000405490</ItemCode><ItemType>1</ItemType><ItemName>טמפוני טמפקס פלאש סו</ItemName><ManufacturerName>פרוקטר אנד גמבל</ManufacturerName><ManufactureCountry>הונגריה</ManufactureCountry><ManufacturerItemDescription>טמפקס פלאש סופר 30 יח'</ManufacturerItemDescription><SoldByWeight/><Quantity>0.00</Quantity><UnitOfMeasure>יח'</UnitOfMeasure><QtyInPackage>לא ידוע</QtyInPackage><UnitOfMeasurePrice>0.0000</UnitOfMeasurePrice><AllowDiscount>1</AllowDiscount><ItemStatus>1</ItemStatus><ItemPrice>32.90</ItemPrice></item><item><PriceUpdateDate>2016-08-02 09:29:04</PriceUpdateDate><ItemCode>7290000406404</ItemCode><ItemType>1</ItemType><ItemName>מב בקרדי בריזר אבטיח</ItemName><ManufacturerName>בריזר</ManufacturerName><ManufactureCountry>גרמניה</ManufactureCountry><ManufacturerItemDescription>בקרדי בריזר אבטיח 275 מל</ManufacturerItemDescription><SoldByWeight/><Quantity>275.00</Quantity><UnitOfMeasure>מ"ל</UnitOfMeasure><QtyInPackage>לא ידוע</QtyInPackage><UnitOfMeasurePrice>0.0433</UnitOfMeasurePrice><AllowDiscount>1</AllowDiscount><ItemStatus>1</ItemStatus><ItemPrice>11.90</ItemPrice></item><item><PriceUpdateDate>2016-05-31 06:14:16</PriceUpdateDate><ItemCode>7290000406855</ItemCode><ItemType>1</ItemType><ItemName>ריבת מעדן משמש ללא ס</ItemName><ManufacturerName>סאן דלפור</ManufacturerName><ManufactureCountry>ישראל</ManufactureCountry><ManufacturerItemDescription>ריבת מעדן משמש ללא ס</ManufacturerItemDescription><SoldByWeight/><Quantity>284.00</Quantity><UnitOfMeasure>גרם     </UnitOfMeasure><QtyInPackage>לא ידוע</QtyInPackage><UnitOfMeasurePrice>0.0630</UnitOfMeasurePrice><AllowDiscount>1</AllowDiscount><ItemStatus>1</ItemStatus><ItemPrice>17.90</ItemPrice></item><item><PriceUpdateDate>2016-05-31 06:14:16</PriceUpdateDate><ItemCode>7290000406879</ItemCode><ItemType>1</ItemType><ItemName>ריבת מעדן אוכמניות ל</ItemName><ManufacturerName>סאן דלפור</ManufacturerName><ManufactureCountry>ישראל</ManufactureCountry><ManufacturerItemDescription>מעדן אוכמניות כחולות 284</ManufacturerItemDescription><SoldByWeight/><Quantity>284.00</Quantity><UnitOfMeasure>גרם     </UnitOfMeasure><QtyInPackage>לא ידוע</QtyInPackage><UnitOfMeasurePrice>0.0630</UnitOfMeasurePrice><AllowDiscount>1</AllowDiscount><ItemStatus>1</ItemStatus><ItemPrice>17.90</ItemPrice></item><item><PriceUpdateDate>2016-05-31 06:14:17</PriceUpdateDate><ItemCode>7290000406893</ItemCode><ItemType>1</ItemType><ItemName>ריבת מעדן תפוז ללא ס</ItemName><ManufacturerName>סאן דלפור</ManufacturerName><ManufactureCountry>ישראל</ManufactureCountry><ManufacturerItemDescription>ריבת מעדן תפוז ללא ס</ManufacturerItemDescription><SoldByWeight/><Quantity>284.00</Quantity><UnitOfMeasure>גרם     </UnitOfMeasure><QtyInPackage>לא ידוע</QtyInPackage><UnitOfMeasurePrice>0.0630</UnitOfMeasurePrice><AllowDiscount>1</AllowDiscount><ItemStatus>1</ItemStatus><ItemPrice>17.90</ItemPrice></item><item><PriceUpdateDate>2016-05-31 06:14:17</PriceUpdateDate><ItemCode>7290000406923</ItemCode><ItemType>1</ItemType><ItemName>ריבת מעדן פטל ללא סו</ItemName><ManufacturerName>סאן דלפור</ManufacturerName><ManufactureCountry>ישראל</ManufactureCountry><ManufacturerItemDescription>מעדן פטל 284 גר</ManufacturerItemDescription><SoldByWeight/><Quantity>284.00</Quantity><UnitOfMeasure>גרם     </UnitOfMeasure><QtyInPackage>לא ידוע</QtyInPackage><UnitOfMeasurePrice>0.0630</UnitOfMeasurePrice><AllowDiscount>1</AllowDiscount><ItemStatus>1</ItemStatus><ItemPrice>17.90</ItemPrice></item><item><PriceUpdateDate>2016-05-31 06:14:17</PriceUpdateDate><ItemCode>7290000406947</ItemCode><ItemType>1</ItemType><ItemName>ריבת מעדן תפוז+ג'ינג</ItemName><ManufacturerName>סאן דלפור</ManufacturerName><ManufactureCountry>ישראל</ManufactureCountry><ManufacturerItemDescription>ריבת מעדן תפוז+ג'ינג</ManufacturerItemDescription><SoldByWeight/><Quantity>284.00</Quantity><UnitOfMeasure>גרם     </UnitOfMeasure><QtyInPackage>לא ידוע</QtyInPackage><UnitOfMeasurePrice>0.0630</UnitOfMeasurePrice><AllowDiscount>1</AllowDiscount><ItemStatus>1</ItemStatus><ItemPrice>17.90</ItemPrice></item><item><PriceUpdateDate>2015-11-10 07:30:31</PriceUpdateDate><ItemCode>7290000406992</ItemCode><ItemType>1</ItemType><ItemName>ממחטות קלינקס אולטרא</ItemName><ManufacturerName>קלינקס</ManufacturerName><ManufactureCountry>איטליה</ManufactureCountry><ManufacturerItemDescription>סיף קרם לימון   מון 500מ</ManufacturerItemDescription><SoldByWeight/><Quantity>1.00</Quantity><UnitOfMeasure>יח'</UnitOfMeasure><QtyInPackage>לא ידוע</QtyInPackage><UnitOfMeasurePrice>12.4000</UnitOfMeasurePrice><AllowDiscount>1</AllowDiscount><ItemStatus>1</ItemStatus><ItemPrice>12.40</ItemPrice></item><item><PriceUpdateDate>2016-08-02 09:29:04</PriceUpdateDate><ItemCode>7290000407005</ItemCode><ItemType>1</ItemType><ItemName>מב נייר טואלט קלינקס</ItemName><ManufacturerName>קלינקס</ManufacturerName><ManufactureCountry>ישראל</ManufactureCountry><ManufacturerItemDescription>נ.ט.קלינקס 1/9 לבן 275  מ</ManufacturerItemDescription><SoldByWeight/><Quantity>276.00</Quantity><UnitOfMeasure>מטר</UnitOfMeasure><QtyInPackage>לא ידוע</QtyInPackage><UnitOfMeasurePrice>0.1264</UnitOfMeasurePrice><AllowDiscount>1</AllowDiscount><ItemStatus>1</ItemStatus><ItemPrice>34.90</ItemPrice></item><item><PriceUpdateDate>2016-05-19 06:49:44</PriceUpdateDate><ItemCode>7290000408231</ItemCode><ItemType>1</ItemType><ItemName>אריאל  שושן צחור 1.2</ItemName><ManufacturerName>אריאל</ManufacturerName><ManufactureCountry>ישראל</ManufactureCountry><ManufacturerItemDescription>א.כביסה אריאל שושן צחור1.</ManufacturerItemDescription><SoldByWeight/><Quantity>1250.00</Quantity><UnitOfMeasure>גרם     </UnitOfMeasure><QtyInPackage>לא ידוע</QtyInPackage><UnitOfMeasurePrice>0.0159</UnitOfMeasurePrice><AllowDiscount>1</AllowDiscount><ItemStatus>1</ItemStatus><ItemPrice>19.90</ItemPrice></item><item><PriceUpdateDate>2015-10-11 06:43:46</PriceUpdateDate><ItemCode>7290000408316</ItemCode><ItemType>1</ItemType><ItemName>דנונה טבעי 3% 200 גר</ItemName><ManufacturerName>דנונה</ManufacturerName><ManufactureCountry>ישראל</ManufactureCountry><ManufacturerItemDescription>דנונה 200 3%- גרם</ManufacturerItemDescription><SoldByWeight/><Quantity>200.00</Quantity><UnitOfMeasure>גרם     </UnitOfMeasure><QtyInPackage>לא ידוע</QtyInPackage><UnitOfMeasurePrice>0.0200</UnitOfMeasurePrice><AllowDiscount>1</AllowDiscount><ItemStatus>1</ItemStatus><ItemPrice>4.00</ItemPrice></item><item><PriceUpdateDate>2016-03-15 11:31:35</PriceUpdateDate><ItemCode>7290000408354</ItemCode><ItemType>1</ItemType><ItemName>דנונה בר עם פצפוצי ש</ItemName><ManufacturerName>דנונה</ManufacturerName><ManufactureCountry>ישראל</ManufactureCountry><ManufacturerItemDescription>דנונה+דגנים שוקולד200 1/2</ManufacturerItemDescription><SoldByWeight/><Quantity>173.00</Quantity><UnitOfMeasure>גרם     </UnitOfMeasure><QtyInPackage>לא ידוע</QtyInPackage><UnitOfMeasurePrice>0.0260</UnitOfMeasurePrice><AllowDiscount>1</AllowDiscount><ItemStatus>1</ItemStatus><ItemPrice>4.50</ItemPrice></item><item><PriceUpdateDate>2016-05-31 06:14:17</PriceUpdateDate><ItemCode>7290000408453</ItemCode><ItemType>1</ItemType><ItemName>אבקת כביסה אריאל קול</ItemName><ManufacturerName>אריאל</ManufacturerName><ManufactureCountry>ישראל</ManufactureCountry><ManufacturerItemDescription>אבקת כביסה אריאל קול</ManufacturerItemDescription><SoldByWeight/><Quantity>5000.00</Quantity><UnitOfMeasure>גרם     </UnitOfMeasure><QtyInPackage>לא ידוע</QtyInPackage><UnitOfMeasurePrice>0.0104</UnitOfMeasurePrice><AllowDiscount>1</AllowDiscount><ItemStatus>1</ItemStatus><ItemPrice>51.90</ItemPrice></item><item><PriceUpdateDate>2016-05-31 06:14:17</PriceUpdateDate><ItemCode>7290000408460</ItemCode><ItemType>1</ItemType><ItemName>אבקת כביסה אריאל שוש</ItemName><ManufacturerName>אריאל</ManufacturerName><ManufactureCountry>ישראל</ManufactureCountry><ManufacturerItemDescription>אבקת כביסה אריאל שוש</ManufacturerItemDescription><SoldByWeight/><Quantity>5000.00</Quantity><UnitOfMeasure>גרם     </UnitOfMeasure><QtyInPackage>לא ידוע</QtyInPackage><UnitOfMeasurePrice>0.0104</UnitOfMeasurePrice><AllowDiscount>1</AllowDiscount><ItemStatus>1</ItemStatus><ItemPrice>51.90</ItemPrice></item><item><PriceUpdateDate>2016-06-28 07:02:23</PriceUpdateDate><ItemCode>7290000408477</ItemCode><ItemType>1</ItemType><ItemName>מב אבקת כביסה טייד א</ItemName><ManufacturerName>טייד</ManufacturerName><ManufactureCountry>ישראל</ManufactureCountry><ManufacturerItemDescription>מב אבקת כביסה טייד א</ManufacturerItemDescription><SoldByWeight/><Quantity>5000.00</Quantity><UnitOfMeasure>גרם     </UnitOfMeasure><QtyInPackage>לא ידוע</QtyInPackage><UnitOfMeasurePrice>0.0086</UnitOfMeasurePrice><AllowDiscount>1</AllowDiscount><ItemStatus>1</ItemStatus><ItemPrice>42.90</ItemPrice></item><item><PriceUpdateDate>2016-05-01 06:09:42</PriceUpdateDate><ItemCode>7290000408507</ItemCode><ItemType>1</ItemType><ItemName>פופקורן הוט פופ מלח</ItemName><ManufacturerName>ליימן חטיבת המותגים</ManufacturerName><ManufactureCountry>ארצות הברית</ManufactureCountry><ManufacturerItemDescription>וילדה מטלית</ManufacturerItemDescription><SoldByWeight/><Quantity>600.00</Quantity><UnitOfMeasure>גרם     </UnitOfMeasure><QtyInPackage>לא ידוע</QtyInPackage><UnitOfMeasurePrice>0.0248</UnitOfMeasurePrice><AllowDiscount>1</AllowDiscount><ItemStatus>1</ItemStatus><ItemPrice>14.90</ItemPrice></item><item><PriceUpdateDate>2016-08-02 09:29:04</PriceUpdateDate><ItemCode>7290000408606</ItemCode><ItemType>1</ItemType><ItemName>מב דגני בוקר נסקוויק</ItemName><ManufacturerName>נסקוויק</ManufacturerName><ManufactureCountry>פולין</ManufactureCountry><ManufacturerItemDescription>זוג משחות שינייםדום100*2</ManufacturerItemDescription><SoldByWeight/><Quantity>500.00</Quantity><UnitOfMeasure>גרם     </UnitOfMeasure><QtyInPackage>לא ידוע</QtyInPackage><UnitOfMeasurePrice>0.0378</UnitOfMeasurePrice><AllowDiscount>1</AllowDiscount><ItemStatus>1</ItemStatus><ItemPrice>18.90</ItemPrice></item><item><PriceUpdateDate>2016-05-01 06:37:47</PriceUpdateDate><ItemCode>7290000408965</ItemCode><ItemType>1</ItemType><ItemName>משקה אנרגיה אקסל 250</ItemName><ManufacturerName>XL</ManufacturerName><ManufactureCountry>ישראל</ManufactureCountry><ManufacturerItemDescription>משקה אנרגיה XL מל</ManufacturerItemDescription><SoldByWeight/><Quantity>250.00</Quantity><UnitOfMeasure>מ"ל</UnitOfMeasure><QtyInPackage>לא ידוע</QtyInPackage><UnitOfMeasurePrice>0.0120</UnitOfMeasurePrice><AllowDiscount>1</AllowDiscount><ItemStatus>1</ItemStatus><ItemPrice>3.00</ItemPrice></item><item><PriceUpdateDate>2016-08-02 09:29:05</PriceUpdateDate><ItemCode>7290000409320</ItemCode><ItemType>1</ItemType><ItemName>מב ייו רזרב קברנה סו</ItemName><ManufacturerName>ברקן רזרב</ManufacturerName><ManufactureCountry>ישראל</ManufactureCountry><ManufacturerItemDescription>יין רזרב קברנה סובניון</ManufacturerItemDescription><SoldByWeight/><Quantity>750.00</Quantity><UnitOfMeasure>מ"ל</UnitOfMeasure><QtyInPackage>לא ידוע</QtyInPackage><UnitOfMeasurePrice>0.0532</UnitOfMeasurePrice><AllowDiscount>1</AllowDiscount><ItemStatus>1</ItemStatus><ItemPrice>39.90</ItemPrice></item><item><PriceUpdateDate>2016-06-13 16:01:03</PriceUpdateDate><ItemCode>7290000409481</ItemCode><ItemType>1</ItemType><ItemName>יופלה תות 3% 150 גרם</ItemName><ManufacturerName>יופלה</ManufacturerName><ManufactureCountry>ישראל</ManufactureCountry><ManufacturerItemDescription>יופלה תות 150 3% מל</ManufacturerItemDescription><SoldByWeight/><Quantity>150.00</Quantity><UnitOfMeasure>גרם     </UnitOfMeasure><QtyInPackage>לא ידוע</QtyInPackage><UnitOfMeasurePrice>0.0327</UnitOfMeasurePrice><AllowDiscount>1</AllowDiscount><ItemStatus>1</ItemStatus><ItemPrice>4.90</ItemPrice></item><item><PriceUpdateDate>2016-06-13 16:01:03</PriceUpdateDate><ItemCode>7290000409504</ItemCode><ItemType>1</ItemType><ItemName>יופלה דובדבן 3% 150</ItemName><ManufacturerName>יופלה</ManufacturerName><ManufactureCountry>ישראל</ManufactureCountry><ManufacturerItemDescription>יופלה דובדבן 150 3% מל</ManufacturerItemDescription><SoldByWeight/><Quantity>150.00</Quantity><UnitOfMeasure>גרם     </UnitOfMeasure><QtyInPackage>לא ידוע</QtyInPackage><UnitOfMeasurePrice>0.0327</UnitOfMeasurePrice><AllowDiscount>1</AllowDiscount><ItemStatus>1</ItemStatus><ItemPrice>4.90</ItemPrice></item><item><PriceUpdateDate>2016-06-13 16:01:03</PriceUpdateDate><ItemCode>7290000409511</ItemCode><ItemType>1</ItemType><ItemName>יופלה אפרסק 3% 150 ג</ItemName><ManufacturerName>יופלה</ManufacturerName><ManufactureCountry>ישראל</ManufactureCountry><ManufacturerItemDescription>יופלה אפרסק 150 3% מל</ManufacturerItemDescription><SoldByWeight/><Quantity>150.00</Quantity><UnitOfMeasure>גרם     </UnitOfMeasure><QtyInPackage>לא ידוע</QtyInPackage><UnitOfMeasurePrice>0.0327</UnitOfMeasurePrice><AllowDiscount>1</AllowDiscount><ItemStatus>1</ItemStatus><ItemPrice>4.90</ItemPrice></item><item><PriceUpdateDate>2015-11-10 07:30:32</PriceUpdateDate><ItemCode>7290000409566</ItemCode><ItemType>1</ItemType><ItemName>גבינה טוסטי אדם ישרא</ItemName><ManufacturerName>טוסטי</ManufacturerName><ManufactureCountry>ישראל</ManufactureCountry><ManufacturerItemDescription>גבינה מותכת טוסטי-אדם22%פ</ManufacturerItemDescription><SoldByWeight/><Quantity>200.00</Quantity><UnitOfMeasure>גרם     </UnitOfMeasure><QtyInPackage>לא ידוע</QtyInPackage><UnitOfMeasurePrice>0.0945</UnitOfMeasurePrice><AllowDiscount>1</AllowDiscount><ItemStatus>1</ItemStatus><ItemPrice>18.90</ItemPrice></item><item><PriceUpdateDate>2016-02-11 06:58:44</PriceUpdateDate><ItemCode>7290000409580</ItemCode><ItemType>1</ItemType><ItemName>גילה 3% בד"צ 125 גרם</ItemName><ManufacturerName>גיל</ManufacturerName><ManufactureCountry>ישראל</ManufactureCountry><ManufacturerItemDescription>גילה 3% בד"צ 125 גרם</ManufacturerItemDescription><SoldByWeight/><Quantity>125.00</Quantity><UnitOfMeasure>מ"ל</UnitOfMeasure><QtyInPackage>לא ידוע</QtyInPackage><UnitOfMeasurePrice>0.0070</UnitOfMeasurePrice><AllowDiscount>1</AllowDiscount><ItemStatus>1</ItemStatus><ItemPrice>0.87</ItemPrice></item><item><PriceUpdateDate>2015-10-01 00:28:57</PriceUpdateDate><ItemCode>7290000409597</ItemCode><ItemType>1</ItemType><ItemName>קוטג' 5% בדצ 250 גרם</ItemName><ManufacturerName>קוטג תנובה</ManufacturerName><ManufactureCountry>ישראל</ManufactureCountry><ManufacturerItemDescription>קוטג250 5% גר.מהדרין</ManufacturerItemDescription><SoldByWeight/><Quantity>250.00</Quantity><UnitOfMeasure>גרם     </UnitOfMeasure><QtyInPackage>לא ידוע</QtyInPackage><UnitOfMeasurePrice>0.0228</UnitOfMeasurePrice><AllowDiscount>1</AllowDiscount><ItemStatus>1</ItemStatus><ItemPrice>5.70</ItemPrice></item><item><PriceUpdateDate>2015-12-08 16:19:31</PriceUpdateDate><ItemCode>7290000409603</ItemCode><ItemType>1</ItemType><ItemName>קוטג' 9% בדצ 250 גרם</ItemName><ManufacturerName>קוטג תנובה</ManufacturerName><ManufactureCountry>ישראל</ManufactureCountry><ManufacturerItemDescription>קוטג' 9% בדצ 250 גרם</ManufacturerItemDescription><SoldByWeight/><Quantity>250.00</Quantity><UnitOfMeasure>גרם     </UnitOfMeasure><QtyInPackage>לא ידוע</QtyInPackage><UnitOfMeasurePrice>0.0228</UnitOfMeasurePrice><AllowDiscount>1</AllowDiscount><ItemStatus>1</ItemStatus><ItemPrice>5.70</ItemPrice></item><item><PriceUpdateDate>2015-10-11 06:43:17</PriceUpdateDate><ItemCode>7290000409610</ItemCode><ItemType>1</ItemType><ItemName>שמנת מועשרת 15% יטבת</ItemName><ManufacturerName>יטבתה</ManufacturerName><ManufactureCountry>ישראל</ManufactureCountry><ManufacturerItemDescription>שמנת יטבתה 200 מעושרת  פי</ManufacturerItemDescription><SoldByWeight/><Quantity>200.00</Quantity><UnitOfMeasure>מ"ל</UnitOfMeasure><QtyInPackage>לא ידוע</QtyInPackage><UnitOfMeasurePrice>0.0135</UnitOfMeasurePrice><AllowDiscount>1</AllowDiscount><ItemStatus>1</ItemStatus><ItemPrice>2.70</ItemPrice></item><item><PriceUpdateDate>2015-10-19 10:39:47</PriceUpdateDate><ItemCode>7290000409627</ItemCode><ItemType>1</ItemType><ItemName>לבן מועשר 4.5% יטבתה</ItemName><ManufacturerName>יטבתה</ManufacturerName><ManufactureCountry>ישראל</ManufactureCountry><ManufacturerItemDescription>לבן 4.5% יוטבתה 200 גרם</ManufacturerItemDescription><SoldByWeight/><Quantity>200.00</Quantity><UnitOfMeasure>מ"ל</UnitOfMeasure><QtyInPackage>לא ידוע</QtyInPackage><UnitOfMeasurePrice>0.0110</UnitOfMeasurePrice><AllowDiscount>1</AllowDiscount><ItemStatus>1</ItemStatus><ItemPrice>2.20</ItemPrice></item><item><PriceUpdateDate>2015-10-19 10:39:47</PriceUpdateDate><ItemCode>7290000409634</ItemCode><ItemType>1</ItemType><ItemName>לבן מועשר 3% יטבתה 2</ItemName><ManufacturerName>יטבתה</ManufacturerName><ManufactureCountry>ישראל</ManufactureCountry><ManufacturerItemDescription>לבן יוטבתה רווית200 3%מל</ManufacturerItemDescription><SoldByWeight/><Quantity>200.00</Quantity><UnitOfMeasure>מ"ל</UnitOfMeasure><QtyInPackage>לא ידוע</QtyInPackage><UnitOfMeasurePrice>0.0115</UnitOfMeasurePrice><AllowDiscount>1</AllowDiscount><ItemStatus>1</ItemStatus><ItemPrice>2.30</ItemPrice></item><item><PriceUpdateDate>2016-02-11 06:58:44</PriceUpdateDate><ItemCode>7290000409672</ItemCode><ItemType>1</ItemType><ItemName>חלב 1% בשקית 1 ליטר</ItemName><ManufacturerName>חלב תנובה</ManufacturerName><ManufactureCountry>ישראל</ManufactureCountry><ManufacturerItemDescription>חלב1 1% ל.שקית פיקוח</ManufacturerItemDescription><SoldByWeight/><Quantity>1000.00</Quantity><UnitOfMeasure>מ"ל</UnitOfMeasure><QtyInPackage>לא ידוע</QtyInPackage><UnitOfMeasurePrice>0.0047</UnitOfMeasurePrice><AllowDiscount>1</AllowDiscount><ItemStatus>1</ItemStatus><ItemPrice>4.65</ItemPrice></item><item><PriceUpdateDate>2015-10-11 06:43:17</PriceUpdateDate><ItemCode>7290000409719</ItemCode><ItemType>1</ItemType><ItemName>חלב מועשר יטבתה 3% ב</ItemName><ManufacturerName>יטבתה</ManufacturerName><ManufactureCountry>ישראל</ManufactureCountry><ManufacturerItemDescription>חלב1 3% ל.שקית מועשר יוטב</ManufacturerItemDescription><SoldByWeight/><Quantity>1000.00</Quantity><UnitOfMeasure>מ"ל</UnitOfMeasure><QtyInPackage>לא ידוע</QtyInPackage><UnitOfMeasurePrice>0.0065</UnitOfMeasurePrice><AllowDiscount>1</AllowDiscount><ItemStatus>1</ItemStatus><ItemPrice>6.50</ItemPrice></item><item><PriceUpdateDate>2016-05-15 15:34:33</PriceUpdateDate><ItemCode>7290000409726</ItemCode><ItemType>1</ItemType><ItemName>חלב 1% בקרטון 1 ליטר</ItemName><ManufacturerName>חלב תנובה</ManufacturerName><ManufactureCountry>ישראל</ManufactureCountry><ManufacturerItemDescription>חלב1 1% ל.קרטון פיקוח</ManufacturerItemDescription><SoldByWeight/><Quantity>1000.00</Quantity><UnitOfMeasure>מ"ל</UnitOfMeasure><QtyInPackage>לא ידוע</QtyInPackage><UnitOfMeasurePrice>0.0054</UnitOfMeasurePrice><AllowDiscount>1</AllowDiscount><ItemStatus>1</ItemStatus><ItemPrice>5.40</ItemPrice></item><item><PriceUpdateDate>2016-05-15 15:34:34</PriceUpdateDate><ItemCode>7290000409733</ItemCode><ItemType>1</ItemType><ItemName>חלב 3% בקרטון 1 ליטר</ItemName><ManufacturerName>חלב תנובה</ManufacturerName><ManufactureCountry>ישראל</ManufactureCountry><ManufacturerItemDescription>חלב1 3% ל.קרטון+פקק פיקוח</ManufacturerItemDescription><SoldByWeight/><Quantity>1000.00</Quantity><UnitOfMeasure>מ"ל</UnitOfMeasure><QtyInPackage>לא ידוע</QtyInPackage><UnitOfMeasurePrice>0.0058</UnitOfMeasurePrice><AllowDiscount>1</AllowDiscount><ItemStatus>1</ItemStatus><ItemPrice>5.75</ItemPrice></item><item><PriceUpdateDate>2016-02-14 18:18:09</PriceUpdateDate><ItemCode>7290000409740</ItemCode><ItemType>1</ItemType><ItemName>חלב 1% מועשר בחלבוני</ItemName><ManufacturerName>חלב תנובה</ManufacturerName><ManufactureCountry>ישראל</ManufactureCountry><ManufacturerItemDescription>חלב 1% מועשר קרטון+פקק1 ל</ManufacturerItemDescription><SoldByWeight/><Quantity>1000.00</Quantity><UnitOfMeasure>מ"ל</UnitOfMeasure><QtyInPackage>לא ידוע</QtyInPackage><UnitOfMeasurePrice>0.0089</UnitOfMeasurePrice><AllowDiscount>1</AllowDiscount><ItemStatus>1</ItemStatus><ItemPrice>8.90</ItemPrice></item><item><PriceUpdateDate>2016-06-06 15:12:07</PriceUpdateDate><ItemCode>7290000409757</ItemCode><ItemType>1</ItemType><ItemName>חלב עמיד 3% בקרטון 1</ItemName><ManufacturerName>חלב תנובה</ManufacturerName><ManufactureCountry>ישראל</ManufactureCountry><ManufacturerItemDescription>חלב עמיד1 ל 3% .קרטון</ManufacturerItemDescription><SoldByWeight/><Quantity>1000.00</Quantity><UnitOfMeasure>מ"ל</UnitOfMeasure><QtyInPackage>לא ידוע</QtyInPackage><UnitOfMeasurePrice>0.0069</UnitOfMeasurePrice><AllowDiscount>1</AllowDiscount><ItemStatus>1</ItemStatus><ItemPrice>6.90</ItemPrice></item><item><PriceUpdateDate>2015-11-10 07:30:32</PriceUpdateDate><ItemCode>7290000409788</ItemCode><ItemType>1</ItemType><ItemName>חלב עמיד 1% דל שומן</ItemName><ManufacturerName>חלב תנובה</ManufacturerName><ManufactureCountry>ישראל</ManufactureCountry><ManufacturerItemDescription>חלב עמיד1 ל 1% .קרטון</ManufacturerItemDescription><SoldByWeight/><Quantity>1000.00</Quantity><UnitOfMeasure>מ"ל</UnitOfMeasure><QtyInPackage>לא ידוע</QtyInPackage><UnitOfMeasurePrice>0.0087</UnitOfMeasurePrice><AllowDiscount>1</AllowDiscount><ItemStatus>1</ItemStatus><ItemPrice>8.70</ItemPrice></item><item><PriceUpdateDate>2015-10-19 10:39:47</PriceUpdateDate><ItemCode>7290000409801</ItemCode><ItemType>1</ItemType><ItemName>חלב עמיד3% 250 מ''ל</ItemName><ManufacturerName>חלב תנובה</ManufacturerName><ManufactureCountry>ישראל</ManufactureCountry><ManufacturerItemDescription>חלב עמיד 250 מל</ManufacturerItemDescription><SoldByWeight/><Quantity>250.00</Quantity><UnitOfMeasure>מ"ל</UnitOfMeasure><QtyInPackage>לא ידוע</QtyInPackage><UnitOfMeasurePrice>0.0112</UnitOfMeasurePrice><AllowDiscount>1</AllowDiscount><ItemStatus>1</ItemStatus><ItemPrice>2.80</ItemPrice></item><item><PriceUpdateDate>2015-10-11 06:43:17</PriceUpdateDate><ItemCode>7290000409832</ItemCode><ItemType>1</ItemType><ItemName>שוקו יטבתה שקית 225</ItemName><ManufacturerName>יטבתה</ManufacturerName><ManufactureCountry>ישראל</ManufactureCountry><ManufacturerItemDescription>שוקו בשקית 225 מל.יוטבתה</ManufacturerItemDescription><SoldByWeight/><Quantity>225.00</Quantity><UnitOfMeasure>מ"ל</UnitOfMeasure><QtyInPackage>לא ידוע</QtyInPackage><UnitOfMeasurePrice>0.0120</UnitOfMeasurePrice><AllowDiscount>1</AllowDiscount><ItemStatus>1</ItemStatus><ItemPrice>2.70</ItemPrice></item><item><PriceUpdateDate>2016-02-11 06:58:44</PriceUpdateDate><ItemCode>7290000409887</ItemCode><ItemType>1</ItemType><ItemName>שמנת עמידה לקצפת 38%</ItemName><ManufacturerName>שף לבן</ManufacturerName><ManufactureCountry>ישראל</ManufactureCountry><ManufacturerItemDescription>שמנת מתוקה עמידה</ManufacturerItemDescription><SoldByWeight/><Quantity>250.00</Quantity><UnitOfMeasure>מ"ל</UnitOfMeasure><QtyInPackage>לא ידוע</QtyInPackage><UnitOfMeasurePrice>0.0238</UnitOfMeasurePrice><AllowDiscount>1</AllowDiscount><ItemStatus>1</ItemStatus><ItemPrice>5.95</ItemPrice></item><item><PriceUpdateDate>2016-02-15 14:30:50</PriceUpdateDate><ItemCode>7290000409900</ItemCode><ItemType>1</ItemType><ItemName>ריוויון 1.5% שומן 1</ItemName><ManufacturerName>ריויון</ManufacturerName><ManufactureCountry>ישראל</ManufactureCountry><ManufacturerItemDescription>רויון 1 ליטר בקרטון</ManufacturerItemDescription><SoldByWeight/><Quantity>1000.00</Quantity><UnitOfMeasure>מ"ל</UnitOfMeasure><QtyInPackage>לא ידוע</QtyInPackage><UnitOfMeasurePrice>0.0117</UnitOfMeasurePrice><AllowDiscount>1</AllowDiscount><ItemStatus>1</ItemStatus><ItemPrice>11.70</ItemPrice></item><item><PriceUpdateDate>2015-10-11 06:43:17</PriceUpdateDate><ItemCode>7290000409917</ItemCode><ItemType>1</ItemType><ItemName>יוגורט כד תנובה 1.5</ItemName><ManufacturerName>יופלה</ManufacturerName><ManufactureCountry>ישראל</ManufactureCountry><ManufacturerItemDescription>יוגורט 1.5 ל .בכד</ManufacturerItemDescription><SoldByWeight/><Quantity>1500.00</Quantity><UnitOfMeasure>מ"ל</UnitOfMeasure><QtyInPackage>לא ידוע</QtyInPackage><UnitOfMeasurePrice>0.0114</UnitOfMeasurePrice><AllowDiscount>1</AllowDiscount><ItemStatus>1</ItemStatus><ItemPrice>17.10</ItemPrice></item><item><PriceUpdateDate>2016-06-28 07:02:24</PriceUpdateDate><ItemCode>7290000409962</ItemCode><ItemType>1</ItemType><ItemName>פרילי תות 500 מ''ל</ItemName><ManufacturerName>פרילי</ManufacturerName><ManufactureCountry>ישראל</ManufactureCountry><ManufacturerItemDescription>פרילי תות500 מל</ManufacturerItemDescription><SoldByWeight/><Quantity>500.00</Quantity><UnitOfMeasure>מ"ל</UnitOfMeasure><QtyInPackage>לא ידוע</QtyInPackage><UnitOfMeasurePrice>0.0218</UnitOfMeasurePrice><AllowDiscount>1</AllowDiscount><ItemStatus>1</ItemStatus><ItemPrice>10.90</ItemPrice></item><item><PriceUpdateDate>2016-05-31 06:14:18</PriceUpdateDate><ItemCode>7290000409979</ItemCode><ItemType>1</ItemType><ItemName>מעדן באדי תות 500 גר</ItemName><ManufacturerName>באדי</ManufacturerName><ManufactureCountry>ישראל</ManufactureCountry><ManufacturerItemDescription>באדי תות 500 3% מל</ManufacturerItemDescription><SoldByWeight/><Quantity>500.00</Quantity><UnitOfMeasure>גרם     </UnitOfMeasure><QtyInPackage>לא ידוע</QtyInPackage><UnitOfMeasurePrice>0.0196</UnitOfMeasurePrice><AllowDiscount>1</AllowDiscount><ItemStatus>1</ItemStatus><ItemPrice>9.80</ItemPrice></item><item><PriceUpdateDate>2016-05-31 06:14:18</PriceUpdateDate><ItemCode>7290000409993</ItemCode><ItemType>1</ItemType><ItemName>גבינת נעמה 200 גרם</ItemName><ManufacturerName>נעמה</ManufacturerName><ManufactureCountry>ישראל</ManufactureCountry><ManufacturerItemDescription>גבינה מותכת נעמה 200 גרם</ManufacturerItemDescription><SoldByWeight/><Quantity>200.00</Quantity><UnitOfMeasure>גרם     </UnitOfMeasure><QtyInPackage>לא ידוע</QtyInPackage><UnitOfMeasurePrice>0.0740</UnitOfMeasurePrice><AllowDiscount>1</AllowDiscount><ItemStatus>1</ItemStatus><ItemPrice>14.80</ItemPrice></item><item><PriceUpdateDate>2016-05-31 06:14:18</PriceUpdateDate><ItemCode>7290000410005</ItemCode><ItemType>1</ItemType><ItemName>גבינת חורש 240 גרם</ItemName><ManufacturerName>נעמה</ManufacturerName><ManufactureCountry>ישראל</ManufactureCountry><ManufacturerItemDescription>גבינה מותכת חורש 240 גרם</ManufacturerItemDescription><SoldByWeight/><Quantity>240.00</Quantity><UnitOfMeasure>גרם     </UnitOfMeasure><QtyInPackage>לא ידוע</QtyInPackage><UnitOfMeasurePrice>0.0746</UnitOfMeasurePrice><AllowDiscount>1</AllowDiscount><ItemStatus>1</ItemStatus><ItemPrice>17.90</ItemPrice></item><item><PriceUpdateDate>2016-06-14 14:54:25</PriceUpdateDate><ItemCode>7290000410029</ItemCode><ItemType>1</ItemType><ItemName>גבינת קולאז עיזים גל</ItemName><ManufacturerName>גבינות תנובה</ManufacturerName><ManufactureCountry>ישראל</ManufactureCountry><ManufacturerItemDescription>גבינהצאן פרומעז גלילית 20</ManufacturerItemDescription><SoldByWeight/><Quantity>200.00</Quantity><UnitOfMeasure>גרם     </UnitOfMeasure><QtyInPackage>לא ידוע</QtyInPackage><UnitOfMeasurePrice>0.1310</UnitOfMeasurePrice><AllowDiscount>1</AllowDiscount><ItemStatus>1</ItemStatus><ItemPrice>26.20</ItemPrice></item><item><PriceUpdateDate>2016-06-06 15:12:07</PriceUpdateDate><ItemCode>7290000410104</ItemCode><ItemType>1</ItemType><ItemName>צהובה גלבוע 22% פרוס</ItemName><ManufacturerName>גלבוע</ManufacturerName><ManufactureCountry>ישראל</ManufactureCountry><ManufacturerItemDescription>גבינהקשה גלבוע פרוס200גר</ManufacturerItemDescription><SoldByWeight/><Quantity>200.00</Quantity><UnitOfMeasure>גרם     </UnitOfMeasure><QtyInPackage>לא ידוע</QtyInPackage><UnitOfMeasurePrice>0.0645</UnitOfMeasurePrice><AllowDiscount>1</AllowDiscount><ItemStatus>1</ItemStatus><ItemPrice>12.90</ItemPrice></item><item><PriceUpdateDate>2015-10-11 06:43:17</PriceUpdateDate><ItemCode>7290000410258</ItemCode><ItemType>1</ItemType><ItemName>גבינת כנען כחושה 5%</ItemName><ManufacturerName>שף לבן</ManufacturerName><ManufactureCountry>ישראל</ManufactureCountry><ManufacturerItemDescription>גבינת כנען כחושה 5%</ManufacturerItemDescription><SoldByWeight/><Quantity>500.00</Quantity><UnitOfMeasure>גרם     </UnitOfMeasure><QtyInPackage>לא ידוע</QtyInPackage><UnitOfMeasurePrice>0.0470</UnitOfMeasurePrice><AllowDiscount>1</AllowDiscount><ItemStatus>1</ItemStatus><ItemPrice>23.50</ItemPrice></item><item><PriceUpdateDate>2016-08-10 06:57:37</PriceUpdateDate><ItemCode>7290000410272</ItemCode><ItemType>1</ItemType><ItemName>מב גבינה לבנה 5% בד'</ItemName><ManufacturerName>גבינות תנובה</ManufacturerName><ManufactureCountry>ישראל</ManufactureCountry><ManufacturerItemDescription>מב גבינה לבנה 5% בד'</ManufacturerItemDescription><SoldByWeight/><Quantity>250.00</Quantity><UnitOfMeasure>גרם     </UnitOfMeasure><QtyInPackage>לא ידוע</QtyInPackage><UnitOfMeasurePrice>0.0160</UnitOfMeasurePrice><AllowDiscount>1</AllowDiscount><ItemStatus>1</ItemStatus><ItemPrice>4.00</ItemPrice></item><item><PriceUpdateDate>2015-10-19 10:39:48</PriceUpdateDate><ItemCode>7290000410333</ItemCode><ItemType>1</ItemType><ItemName>גבינת קוטג 5% עם זית</ItemName><ManufacturerName>קוטג תנובה</ManufacturerName><ManufactureCountry>ישראל</ManufactureCountry><ManufacturerItemDescription>קוטג 5%זיתים 250 גר</ManufacturerItemDescription><SoldByWeight/><Quantity>250.00</Quantity><UnitOfMeasure>גרם     </UnitOfMeasure><QtyInPackage>לא ידוע</QtyInPackage><UnitOfMeasurePrice>0.0248</UnitOfMeasurePrice><AllowDiscount>1</AllowDiscount><ItemStatus>1</ItemStatus><ItemPrice>6.20</ItemPrice></item><item><PriceUpdateDate>2016-08-07 20:02:43</PriceUpdateDate><ItemCode>7290000410340</ItemCode><ItemType>1</ItemType><ItemName>גבינת חמד פיראוס 250</ItemName><ManufacturerName>פיראוס</ManufacturerName><ManufactureCountry>ישראל</ManufactureCountry><ManufacturerItemDescription>גבינה חמד פיראוס בשקיות25</ManufacturerItemDescription><SoldByWeight/><Quantity>250.00</Quantity><UnitOfMeasure>גרם     </UnitOfMeasure><QtyInPackage>לא ידוע</QtyInPackage><UnitOfMeasurePrice>0.0756</UnitOfMeasurePrice><AllowDiscount>1</AllowDiscount><ItemStatus>1</ItemStatus><ItemPrice>18.90</ItemPrice></item><item><PriceUpdateDate>2016-08-02 09:29:05</PriceUpdateDate><ItemCode>7290000410357</ItemCode><ItemType>1</ItemType><ItemName>גבינה צפתית 5%שומן 2</ItemName><ManufacturerName>פיראוס</ManufacturerName><ManufactureCountry>ישראל</ManufactureCountry><ManufacturerItemDescription>גבינה צפתית 5% פיראוס200</ManufacturerItemDescription><SoldByWeight/><Quantity>200.00</Quantity><UnitOfMeasure>גרם     </UnitOfMeasure><QtyInPackage>לא ידוע</QtyInPackage><UnitOfMeasurePrice>0.0800</UnitOfMeasurePrice><AllowDiscount>1</AllowDiscount><ItemStatus>1</ItemStatus><ItemPrice>16.00</ItemPrice></item><item><PriceUpdateDate>2015-11-10 07:30:32</PriceUpdateDate><ItemCode>7290000410371</ItemCode><ItemType>1</ItemType><ItemName>גבינת חרמון 250 גרם</ItemName><ManufacturerName>פיראוס</ManufacturerName><ManufactureCountry>ישראל</ManufactureCountry><ManufacturerItemDescription>גבינת חרמון 250 גרם</ManufacturerItemDescription><SoldByWeight/><Quantity>250.00</Quantity><UnitOfMeasure>גרם     </UnitOfMeasure><QtyInPackage>לא ידוע</QtyInPackage><UnitOfMeasurePrice>0.0752</UnitOfMeasurePrice><AllowDiscount>1</AllowDiscount><ItemStatus>1</ItemStatus><ItemPrice>18.80</ItemPrice></item><item><PriceUpdateDate>2016-03-29 07:49:55</PriceUpdateDate><ItemCode>7290000410401</ItemCode><ItemType>1</ItemType><ItemName>מארז משקה יופלה 360</ItemName><ManufacturerName>יופלה</ManufacturerName><ManufactureCountry>ישראל</ManufactureCountry><ManufacturerItemDescription>מארז משקה יופלה 360</ManufacturerItemDescription><SoldByWeight/><Quantity>600.00</Quantity><UnitOfMeasure>מ"ל</UnitOfMeasure><QtyInPackage>לא ידוע</QtyInPackage><UnitOfMeasurePrice>0.0218</UnitOfMeasurePrice><AllowDiscount>1</AllowDiscount><ItemStatus>1</ItemStatus><ItemPrice>13.10</ItemPrice></item><item><PriceUpdateDate>2016-03-29 07:49:55</PriceUpdateDate><ItemCode>7290000410418</ItemCode><ItemType>1</ItemType><ItemName>מארז משקה יופלה 360</ItemName><ManufacturerName>יופלה</ManufacturerName><ManufactureCountry>ישראל</ManufactureCountry><ManufacturerItemDescription>מארז משקה יופלה 360</ManufacturerItemDescription><SoldByWeight/><Quantity>600.00</Quantity><UnitOfMeasure>מ"ל</UnitOfMeasure><QtyInPackage>לא ידוע</QtyInPackage><UnitOfMeasurePrice>0.0218</UnitOfMeasurePrice><AllowDiscount>1</AllowDiscount><ItemStatus>1</ItemStatus><ItemPrice>13.10</ItemPrice></item><item><PriceUpdateDate>2016-08-02 09:29:05</PriceUpdateDate><ItemCode>7290000410470</ItemCode><ItemType>1</ItemType><ItemName>יופלה תות 500 גרם</ItemName><ManufacturerName>יופלה</ManufacturerName><ManufactureCountry>ישראל</ManufactureCountry><ManufacturerItemDescription>יופלה תות 500 גרם</ManufacturerItemDescription><SoldByWeight/><Quantity>500.00</Quantity><UnitOfMeasure>גרם     </UnitOfMeasure><QtyInPackage>לא ידוע</QtyInPackage><UnitOfMeasurePrice>0.0282</UnitOfMeasurePrice><AllowDiscount>1</AllowDiscount><ItemStatus>1</ItemStatus><ItemPrice>14.10</ItemPrice></item><item><PriceUpdateDate>2016-08-02 09:29:05</PriceUpdateDate><ItemCode>7290000410487</ItemCode><ItemType>1</ItemType><ItemName>יופלה אפרסק 500 גרם</ItemName><ManufacturerName>יופלה</ManufacturerName><ManufactureCountry>ישראל</ManufactureCountry><ManufacturerItemDescription>יופלה אפרסק 500 גרם</ManufacturerItemDescription><SoldByWeight/><Quantity>500.00</Quantity><UnitOfMeasure>גרם     </UnitOfMeasure><QtyInPackage>לא ידוע</QtyInPackage><UnitOfMeasurePrice>0.0282</UnitOfMeasurePrice><AllowDiscount>1</AllowDiscount><ItemStatus>1</ItemStatus><ItemPrice>14.10</ItemPrice></item><item><PriceUpdateDate>2015-11-10 07:30:33</PriceUpdateDate><ItemCode>7290000410708</ItemCode><ItemType>1</ItemType><ItemName>חלב של פעם בקרטון 3.</ItemName><ManufacturerName>חלב תנובה</ManufacturerName><ManufactureCountry>ישראל</ManufactureCountry><ManufacturerItemDescription>חלב של פעם 3.5% -3.8% חלב</ManufacturerItemDescription><SoldByWeight/><Quantity>1000.00</Quantity><UnitOfMeasure>מ"ל</UnitOfMeasure><QtyInPackage>לא ידוע</QtyInPackage><UnitOfMeasurePrice>0.0079</UnitOfMeasurePrice><AllowDiscount>1</AllowDiscount><ItemStatus>1</ItemStatus><ItemPrice>7.90</ItemPrice></item><item><PriceUpdateDate>2016-08-02 09:29:05</PriceUpdateDate><ItemCode>7290000410920</ItemCode><ItemType>1</ItemType><ItemName>יופלה YYY פירות יער3</ItemName><ManufacturerName>יופלה</ManufacturerName><ManufactureCountry>ישראל</ManufactureCountry><ManufacturerItemDescription>יופלה YYY פירות יער 500 3</ManufacturerItemDescription><SoldByWeight/><Quantity>500.00</Quantity><UnitOfMeasure>מ"ל</UnitOfMeasure><QtyInPackage>לא ידוע</QtyInPackage><UnitOfMeasurePrice>0.0282</UnitOfMeasurePrice><AllowDiscount>1</AllowDiscount><ItemStatus>1</ItemStatus><ItemPrice>14.10</ItemPrice></item><item><PriceUpdateDate>2016-08-02 09:29:05</PriceUpdateDate><ItemCode>7290000410951</ItemCode><ItemType>1</ItemType><ItemName>מב משקה מוקה 1 ליטר</ItemName><ManufacturerName>שוק</ManufacturerName><ManufactureCountry>ישראל</ManufactureCountry><ManufacturerItemDescription>מב משקה מוקה 1 ליטר</ManufacturerItemDescription><SoldByWeight/><Quantity>1.00</Quantity><UnitOfMeasure>ליטר    </UnitOfMeasure><QtyInPackage>לא ידוע</QtyInPackage><UnitOfMeasurePrice>9.0000</UnitOfMeasurePrice><AllowDiscount>1</AllowDiscount><ItemStatus>1</ItemStatus><ItemPrice>9.00</ItemPrice></item><item><PriceUpdateDate>2016-06-28 07:02:24</PriceUpdateDate><ItemCode>7290000410968</ItemCode><ItemType>1</ItemType><ItemName>משקה מוקה 340 מ"ל תנ</ItemName><ManufacturerName>תנובה</ManufacturerName><ManufactureCountry>ישראל</ManufactureCountry><ManufacturerItemDescription>משקה מוקה תנובה 340 מל בב</ManufacturerItemDescription><SoldByWeight/><Quantity>340.00</Quantity><UnitOfMeasure>מ"ל</UnitOfMeasure><QtyInPackage>לא ידוע</QtyInPackage><UnitOfMeasurePrice>0.0191</UnitOfMeasurePrice><AllowDiscount>1</AllowDiscount><ItemStatus>1</ItemStatus><ItemPrice>6.50</ItemPrice></item><item><PriceUpdateDate>2016-03-01 06:59:29</PriceUpdateDate><ItemCode>7290000411576</ItemCode><ItemType>1</ItemType><ItemName>מארז יופלה פרי בד"ץ</ItemName><ManufacturerName>יופלה</ManufacturerName><ManufactureCountry>ישראל</ManufactureCountry><ManufacturerItemDescription>מארז יופלה פרי בד"ץ</ManufacturerItemDescription><SoldByWeight/><Quantity>0.00</Quantity><UnitOfMeasure>יח'</UnitOfMeasure><QtyInPackage>לא ידוע</QtyInPackage><UnitOfMeasurePrice>0.0000</UnitOfMeasurePrice><AllowDiscount>1</AllowDiscount><ItemStatus>1</ItemStatus><ItemPrice>28.50</ItemPrice></item><item><PriceUpdateDate>2016-08-02 09:29:05</PriceUpdateDate><ItemCode>7290000411842</ItemCode><ItemType>1</ItemType><ItemName>מב בייגלה מקלות מלוח</ItemName><ManufacturerName>בייגלה אסם</ManufacturerName><ManufactureCountry>ישראל</ManufactureCountry><ManufacturerItemDescription>בייגלה מקלות מלוחים 400 ג</ManufacturerItemDescription><SoldByWeight/><Quantity>400.00</Quantity><UnitOfMeasure>גרם     </UnitOfMeasure><QtyInPackage>לא ידוע</QtyInPackage><UnitOfMeasurePrice>0.0223</UnitOfMeasurePrice><AllowDiscount>1</AllowDiscount><ItemStatus>1</ItemStatus><ItemPrice>8.90</ItemPrice></item><item><PriceUpdateDate>2016-05-01 10:28:04</PriceUpdateDate><ItemCode>7290000411859</ItemCode><ItemType>1</ItemType><ItemName>אטריות ביצים200 גרם</ItemName><ManufacturerName>פסטה אסם</ManufacturerName><ManufactureCountry>ישראל</ManufactureCountry><ManufacturerItemDescription>אטריות ביצים200 גרם</ManufacturerItemDescription><SoldByWeight/><Quantity>200.00</Quantity><UnitOfMeasure>גרם     </UnitOfMeasure><QtyInPackage>לא ידוע</QtyInPackage><UnitOfMeasurePrice>0.0540</UnitOfMeasurePrice><AllowDiscount>1</AllowDiscount><ItemStatus>1</ItemStatus><ItemPrice>10.80</ItemPrice></item><item><PriceUpdateDate>2016-05-31 06:14:19</PriceUpdateDate><ItemCode>7290000411866</ItemCode><ItemType>1</ItemType><ItemName>אטריות מובחר דקות 40</ItemName><ManufacturerName>פסטה אסם</ManufacturerName><ManufactureCountry>ישראל</ManufactureCountry><ManufacturerItemDescription>אטריות מובחר דקות 400 גר</ManufacturerItemDescription><SoldByWeight/><Quantity>400.00</Quantity><UnitOfMeasure>גרם     </UnitOfMeasure><QtyInPackage>לא ידוע</QtyInPackage><UnitOfMeasurePrice>0.0148</UnitOfMeasurePrice><AllowDiscount>1</AllowDiscount><ItemStatus>1</ItemStatus><ItemPrice>5.90</ItemPrice></item><item><PriceUpdateDate>2016-05-31 06:14:19</PriceUpdateDate><ItemCode>7290000411880</ItemCode><ItemType>1</ItemType><ItemName>פתיתים אפויים 500 גר</ItemName><ManufacturerName>פסטה אסם</ManufacturerName><ManufactureCountry>ישראל</ManufactureCountry><ManufacturerItemDescription>פתיתים אפויים קוסקוס 500</ManufacturerItemDescription><SoldByWeight/><Quantity>500.00</Quantity><UnitOfMeasure>גרם     </UnitOfMeasure><QtyInPackage>לא ידוע</QtyInPackage><UnitOfMeasurePrice>0.0118</UnitOfMeasurePrice><AllowDiscount>1</AllowDiscount><ItemStatus>1</ItemStatus><ItemPrice>5.90</ItemPrice></item><item><PriceUpdateDate>2016-05-31 06:14:19</PriceUpdateDate><ItemCode>7290000411897</ItemCode><ItemType>1</ItemType><ItemName>פסטה מקרוני מס 7 500</ItemName><ManufacturerName>אסם</ManufacturerName><ManufactureCountry>איטליה</ManufactureCountry><ManufacturerItemDescription>רסק תפו"ע       ם</ManufacturerItemDescription><SoldByWeight/><Quantity>500.00</Quantity><UnitOfMeasure>גרם     </UnitOfMeasure><QtyInPackage>לא ידוע</QtyInPackage><UnitOfMeasurePrice>0.0112</UnitOfMeasurePrice><AllowDiscount>1</AllowDiscount><ItemStatus>1</ItemStatus><ItemPrice>5.60</ItemPrice></item><item><PriceUpdateDate>2016-05-31 06:14:19</PriceUpdateDate><ItemCode>7290000411903</ItemCode><ItemType>1</ItemType><ItemName>פסטה תלתלים 500 גרם</ItemName><ManufacturerName>פסטה אסם</ManufacturerName><ManufactureCountry>ישראל</ManufactureCountry><ManufacturerItemDescription>פסטה תלתלים 500 גרם</ManufacturerItemDescription><SoldByWeight/><Quantity>500.00</Quantity><UnitOfMeasure>גרם     </UnitOfMeasure><QtyInPackage>לא ידוע</QtyInPackage><UnitOfMeasurePrice>0.0112</UnitOfMeasurePrice><AllowDiscount>1</AllowDiscount><ItemStatus>1</ItemStatus><ItemPrice>5.60</ItemPrice></item><item><PriceUpdateDate>2016-05-01 10:28:05</PriceUpdateDate><ItemCode>7290000411941</ItemCode><ItemType>1</ItemType><ItemName>ספגטיני לה-פסטה 500</ItemName><ManufacturerName>פרפקטו</ManufacturerName><ManufactureCountry>איטליה</ManufactureCountry><ManufacturerItemDescription>ספגטיני פרפקטו  50 גרם</ManufacturerItemDescription><SoldByWeight/><Quantity>500.00</Quantity><UnitOfMeasure>גרם     </UnitOfMeasure><QtyInPackage>לא ידוע</QtyInPackage><UnitOfMeasurePrice>0.0198</UnitOfMeasurePrice><AllowDiscount>1</AllowDiscount><ItemStatus>1</ItemStatus><ItemPrice>9.90</ItemPrice></item><item><PriceUpdateDate>2016-05-01 10:28:05</PriceUpdateDate><ItemCode>7290000411958</ItemCode><ItemType>1</ItemType><ItemName>ספירלי פרפקטו 500 גר</ItemName><ManufacturerName>פרפקטו</ManufacturerName><ManufactureCountry>איטליה</ManufactureCountry><ManufacturerItemDescription>פסטה פרפקטו ספירלי500 גר</ManufacturerItemDescription><SoldByWeight/><Quantity>500.00</Quantity><UnitOfMeasure>גרם     </UnitOfMeasure><QtyInPackage>לא ידוע</QtyInPackage><UnitOfMeasurePrice>0.0198</UnitOfMeasurePrice><AllowDiscount>1</AllowDiscount><ItemStatus>1</ItemStatus><ItemPrice>9.90</ItemPrice></item><item><PriceUpdateDate>2016-05-31 06:14:19</PriceUpdateDate><ItemCode>7290000411989</ItemCode><ItemType>1</ItemType><ItemName>פתיתים אפויים טבעות</ItemName><ManufacturerName>פסטה אסם</ManufacturerName><ManufactureCountry>ישראל</ManufactureCountry><ManufacturerItemDescription>פתיתים אפויים טבעות</ManufacturerItemDescription><SoldByWeight/><Quantity>500.00</Quantity><UnitOfMeasure>גרם     </UnitOfMeasure><QtyInPackage>לא ידוע</QtyInPackage><UnitOfMeasurePrice>0.0118</UnitOfMeasurePrice><AllowDiscount>1</AllowDiscount><ItemStatus>1</ItemStatus><ItemPrice>5.90</ItemPrice></item><item><PriceUpdateDate>2016-05-31 06:14:19</PriceUpdateDate><ItemCode>7290000412078</ItemCode><ItemType>1</ItemType><ItemName>פסטה מסולסלים 500 גר</ItemName><ManufacturerName>אסם</ManufacturerName><ManufactureCountry>איטליה</ManufactureCountry><ManufacturerItemDescription>פסטה אסם מסולסלים 500 גר</ManufacturerItemDescription><SoldByWeight/><Quantity>500.00</Quantity><UnitOfMeasure>גרם     </UnitOfMeasure><QtyInPackage>לא ידוע</QtyInPackage><UnitOfMeasurePrice>0.0112</UnitOfMeasurePrice><AllowDiscount>1</AllowDiscount><ItemStatus>1</ItemStatus><ItemPrice>5.60</ItemPrice></item><item><PriceUpdateDate>2016-05-31 06:14:19</PriceUpdateDate><ItemCode>7290000412085</ItemCode><ItemType>1</ItemType><ItemName>פסטה קרניים בינוני 5</ItemName><ManufacturerName>פסטה אסם</ManufacturerName><ManufactureCountry>איטליה</ManufactureCountry><ManufacturerItemDescription>פסטה אסם קרניים בינוניות5</ManufacturerItemDescription><SoldByWeight/><Quantity>500.00</Quantity><UnitOfMeasure>גרם     </UnitOfMeasure><QtyInPackage>לא ידוע</QtyInPackage><UnitOfMeasurePrice>0.0112</UnitOfMeasurePrice><AllowDiscount>1</AllowDiscount><ItemStatus>1</ItemStatus><ItemPrice>5.60</ItemPrice></item><item><PriceUpdateDate>2016-05-31 06:14:19</PriceUpdateDate><ItemCode>7290000412115</ItemCode><ItemType>1</ItemType><ItemName>פסטה מס.8 500 גרם</ItemName><ManufacturerName>פסטה אסם</ManufacturerName><ManufactureCountry>איטליה</ManufactureCountry><ManufacturerItemDescription>פסטה אסם ספגטי 500  גר</ManufacturerItemDescription><SoldByWeight/><Quantity>500.00</Quantity><UnitOfMeasure>גרם     </UnitOfMeasure><QtyInPackage>לא ידוע</QtyInPackage><UnitOfMeasurePrice>0.0112</UnitOfMeasurePrice><AllowDiscount>1</AllowDiscount><ItemStatus>1</ItemStatus><ItemPrice>5.60</ItemPrice></item><item><PriceUpdateDate>2016-03-01 07:00:32</PriceUpdateDate><ItemCode>7290000412139</ItemCode><ItemType>1</ItemType><ItemName>סנו ריצפז נוזל רצפות</ItemName><ManufacturerName>ריצפז</ManufacturerName><ManufactureCountry>ישראל</ManufactureCountry><ManufacturerItemDescription>ריצפז אורנים 3 ל .פז</ManufacturerItemDescription><SoldByWeight/><Quantity>3000.00</Quantity><UnitOfMeasure>מ"ל</UnitOfMeasure><QtyInPackage>לא ידוע</QtyInPackage><UnitOfMeasurePrice>0.0060</UnitOfMeasurePrice><AllowDiscount>1</AllowDiscount><ItemStatus>1</ItemStatus><ItemPrice>17.90</ItemPrice></item><item><PriceUpdateDate>2016-05-31 06:14:20</PriceUpdateDate><ItemCode>7290000412160</ItemCode><ItemType>1</ItemType><ItemName>אטריות מובחר דקיקות</ItemName><ManufacturerName>אסם</ManufacturerName><ManufactureCountry>איטליה</ManufactureCountry><ManufacturerItemDescription>צמרוני אוזניים  עם שסתום</ManufacturerItemDescription><SoldByWeight/><Quantity>400.00</Quantity><UnitOfMeasure>גרם     </UnitOfMeasure><QtyInPackage>לא ידוע</QtyInPackage><UnitOfMeasurePrice>0.0148</UnitOfMeasurePrice><AllowDiscount>1</AllowDiscount><ItemStatus>1</ItemStatus><ItemPrice>5.90</ItemPrice></item><item><PriceUpdateDate>2016-08-02 09:29:05</PriceUpdateDate><ItemCode>7290000412177</ItemCode><ItemType>1</ItemType><ItemName>קרקר בצל 250 גרם</ItemName><ManufacturerName>לא ממותג</ManufacturerName><ManufactureCountry>ישראל</ManufactureCountry><ManufacturerItemDescription>קרקר בצל 250 גר</ManufacturerItemDescription><SoldByWeight/><Quantity>250.00</Quantity><UnitOfMeasure>גרם     </UnitOfMeasure><QtyInPackage>לא ידוע</QtyInPackage><UnitOfMeasurePrice>0.0460</UnitOfMeasurePrice><AllowDiscount>1</AllowDiscount><ItemStatus>1</ItemStatus><ItemPrice>11.50</ItemPrice></item><item><PriceUpdateDate>2016-05-31 06:14:20</PriceUpdateDate><ItemCode>7290000412191</ItemCode><ItemType>1</ItemType><ItemName>רוטב טריאקי 290 מ"ל</ItemName><ManufacturerName>אסם</ManufacturerName><ManufactureCountry>ישראל</ManufactureCountry><ManufacturerItemDescription>רוטב טריאקי 290 מל</ManufacturerItemDescription><SoldByWeight/><Quantity>290.00</Quantity><UnitOfMeasure>מ"ל</UnitOfMeasure><QtyInPackage>לא ידוע</QtyInPackage><UnitOfMeasurePrice>0.0362</UnitOfMeasurePrice><AllowDiscount>1</AllowDiscount><ItemStatus>1</ItemStatus><ItemPrice>10.50</ItemPrice></item><item><PriceUpdateDate>2016-05-31 06:14:20</PriceUpdateDate><ItemCode>7290000412245</ItemCode><ItemType>1</ItemType><ItemName>פתיתים קוסקוס 3 צבעי</ItemName><ManufacturerName>אסם</ManufacturerName><ManufactureCountry>ישראל</ManufactureCountry><ManufacturerItemDescription>פתיתים קוסקוס 3 צבעי</ManufacturerItemDescription><SoldByWeight/><Quantity>500.00</Quantity><UnitOfMeasure>גרם     </UnitOfMeasure><QtyInPackage>לא ידוע</QtyInPackage><UnitOfMeasurePrice>0.0118</UnitOfMeasurePrice><AllowDiscount>1</AllowDiscount><ItemStatus>1</ItemStatus><ItemPrice>5.90</ItemPrice></item><item><PriceUpdateDate>2016-08-02 09:29:05</PriceUpdateDate><ItemCode>7290000412252</ItemCode><ItemType>1</ItemType><ItemName>נס קפה רד מאג 200 גר</ItemName><ManufacturerName>רד מאג</ManufacturerName><ManufactureCountry>ספרד</ManufactureCountry><ManufacturerItemDescription>מברשת בקבוק+פט  טמה</ManufacturerItemDescription><SoldByWeight/><Quantity>200.00</Quantity><UnitOfMeasure>גרם     </UnitOfMeasure><QtyInPackage>לא ידוע</QtyInPackage><UnitOfMeasurePrice>0.1495</UnitOfMeasurePrice><AllowDiscount>1</AllowDiscount><ItemStatus>1</ItemStatus><ItemPrice>29.90</ItemPrice></item><item><PriceUpdateDate>2016-05-01 10:28:06</PriceUpdateDate><ItemCode>7290000412290</ItemCode><ItemType>1</ItemType><ItemName>נס קפה רד מאג נטול ק</ItemName><ManufacturerName>רד מאג</ManufacturerName><ManufactureCountry>ישראל</ManufactureCountry><ManufacturerItemDescription>נס קפה רד מאג נטול ק</ManufacturerItemDescription><SoldByWeight/><Quantity>200.00</Quantity><UnitOfMeasure>גרם     </UnitOfMeasure><QtyInPackage>לא ידוע</QtyInPackage><UnitOfMeasurePrice>0.1975</UnitOfMeasurePrice><AllowDiscount>1</AllowDiscount><ItemStatus>1</ItemStatus><ItemPrice>39.50</ItemPrice></item><item><PriceUpdateDate>2015-11-10 07:30:33</PriceUpdateDate><ItemCode>7290000412337</ItemCode><ItemType>1</ItemType><ItemName>לחמית ללא גלוטן 1 ק"</ItemName><ManufacturerName>לא ממותג</ManufacturerName><ManufactureCountry>ישראל</ManufactureCountry><ManufacturerItemDescription>לחמית ללא גלוטן 1 ק"</ManufacturerItemDescription><SoldByWeight/><Quantity>1000.00</Quantity><UnitOfMeasure>גרם     </UnitOfMeasure><QtyInPackage>לא ידוע</QtyInPackage><UnitOfMeasurePrice>0.0356</UnitOfMeasurePrice><AllowDiscount>1</AllowDiscount><ItemStatus>1</ItemStatus><ItemPrice>35.60</ItemPrice></item><item><PriceUpdateDate>2016-05-01 10:28:07</PriceUpdateDate><ItemCode>7290000412344</ItemCode><ItemType>1</ItemType><ItemName>קמח תופח 350 גרם</ItemName><ManufacturerName>אסם</ManufacturerName><ManufactureCountry>ישראל</ManufactureCountry><ManufacturerItemDescription>קמח תופח 350 גר</ManufacturerItemDescription><SoldByWeight/><Quantity>350.00</Quantity><UnitOfMeasure>גרם     </UnitOfMeasure><QtyInPackage>לא ידוע</QtyInPackage><UnitOfMeasurePrice>0.0169</UnitOfMeasurePrice><AllowDiscount>1</AllowDiscount><ItemStatus>1</ItemStatus><ItemPrice>5.90</ItemPrice></item><item><PriceUpdateDate>2016-05-01 10:28:07</PriceUpdateDate><ItemCode>7290000412351</ItemCode><ItemType>1</ItemType><ItemName>שקדי מרק 100 גרם</ItemName><ManufacturerName>אסם</ManufacturerName><ManufactureCountry>ישראל</ManufactureCountry><ManufacturerItemDescription>שקדי מרק 100 גר</ManufacturerItemDescription><SoldByWeight/><Quantity>100.00</Quantity><UnitOfMeasure>גרם     </UnitOfMeasure><QtyInPackage>לא ידוע</QtyInPackage><UnitOfMeasurePrice>0.0680</UnitOfMeasurePrice><AllowDiscount>1</AllowDiscount><ItemStatus>1</ItemStatus><ItemPrice>6.80</ItemPrice></item><item><PriceUpdateDate>2016-05-01 10:28:07</PriceUpdateDate><ItemCode>7290000412368</ItemCode><ItemType>1</ItemType><ItemName>שקדי מרק רכיבים טבעי</ItemName><ManufacturerName>אסם</ManufacturerName><ManufactureCountry>ישראל</ManufactureCountry><ManufacturerItemDescription>שקדי מרק 400 גרם</ManufacturerItemDescription><SoldByWeight/><Quantity>400.00</Quantity><UnitOfMeasure>גרם     </UnitOfMeasure><QtyInPackage>לא ידוע</QtyInPackage><UnitOfMeasurePrice>0.0273</UnitOfMeasurePrice><AllowDiscount>1</AllowDiscount><ItemStatus>1</ItemStatus><ItemPrice>10.90</ItemPrice></item><item><PriceUpdateDate>2016-05-01 10:28:07</PriceUpdateDate><ItemCode>7290000412375</ItemCode><ItemType>1</ItemType><ItemName>קמח תופח 1 ק"ג</ItemName><ManufacturerName>אסם</ManufacturerName><ManufactureCountry>ישראל</ManufactureCountry><ManufacturerItemDescription>קמח תופח מאליו 1 קג</ManufacturerItemDescription><SoldByWeight/><Quantity>1000.00</Quantity><UnitOfMeasure>גרם     </UnitOfMeasure><QtyInPackage>לא ידוע</QtyInPackage><UnitOfMeasurePrice>0.0089</UnitOfMeasurePrice><AllowDiscount>1</AllowDiscount><ItemStatus>1</ItemStatus><ItemPrice>8.90</ItemPrice></item><item><PriceUpdateDate>2016-05-01 10:28:07</PriceUpdateDate><ItemCode>7290000412559</ItemCode><ItemType>1</ItemType><ItemName>קוסקוס אמיתי שקית 35</ItemName><ManufacturerName>אסם</ManufacturerName><ManufactureCountry>ישראל</ManufactureCountry><ManufacturerItemDescription>קוסקוס אמיתי שקית 35</ManufacturerItemDescription><SoldByWeight/><Quantity>350.00</Quantity><UnitOfMeasure>גרם     </UnitOfMeasure><QtyInPackage>לא ידוע</QtyInPackage><UnitOfMeasurePrice>0.0226</UnitOfMeasurePrice><AllowDiscount>1</AllowDiscount><ItemStatus>1</ItemStatus><ItemPrice>7.90</ItemPrice></item><item><PriceUpdateDate>2016-05-01 10:28:07</PriceUpdateDate><ItemCode>7290000412566</ItemCode><ItemType>1</ItemType><ItemName>מנה חמה פירה עם בצל</ItemName><ManufacturerName>אסם</ManufacturerName><ManufactureCountry>ישראל</ManufactureCountry><ManufacturerItemDescription>תבשיל מנה חמה פירה בצל 56</ManufacturerItemDescription><SoldByWeight/><Quantity>14.00</Quantity><UnitOfMeasure>גרם     </UnitOfMeasure><QtyInPackage>לא ידוע</QtyInPackage><UnitOfMeasurePrice>0.4929</UnitOfMeasurePrice><AllowDiscount>1</AllowDiscount><ItemStatus>1</ItemStatus><ItemPrice>6.90</ItemPrice></item><item><PriceUpdateDate>2016-05-01 10:28:08</PriceUpdateDate><ItemCode>7290000412573</ItemCode><ItemType>1</ItemType><ItemName>קרוטונים למרק וסלט 4</ItemName><ManufacturerName>אסם</ManufacturerName><ManufactureCountry>ישראל</ManufactureCountry><ManufacturerItemDescription>קרוטונים למרק וסלט 4</ManufacturerItemDescription><SoldByWeight/><Quantity>400.00</Quantity><UnitOfMeasure>גרם     </UnitOfMeasure><QtyInPackage>לא ידוע</QtyInPackage><UnitOfMeasurePrice>0.0663</UnitOfMeasurePrice><AllowDiscount>1</AllowDiscount><ItemStatus>1</ItemStatus><ItemPrice>26.50</ItemPrice></item><item><PriceUpdateDate>2016-06-28 08:11:01</PriceUpdateDate><ItemCode>7290000412597</ItemCode><ItemType>1</ItemType><ItemName>מב דגני ילדים קראנץ'</ItemName><ManufacturerName>קראנץ</ManufacturerName><ManufactureCountry>ישראל</ManufactureCountry><ManufacturerItemDescription>קראנץ רולס 450 גרם</ManufacturerItemDescription><SoldByWeight/><Quantity>450.00</Quantity><UnitOfMeasure>גרם     </UnitOfMeasure><QtyInPackage>לא ידוע</QtyInPackage><UnitOfMeasurePrice>0.0398</UnitOfMeasurePrice><AllowDiscount>1</AllowDiscount><ItemStatus>1</ItemStatus><ItemPrice>17.90</ItemPrice></item><item><PriceUpdateDate>2016-05-31 06:14:20</PriceUpdateDate><ItemCode>7290000412627</ItemCode><ItemType>1</ItemType><ItemName>מנה חמה קוסקוס עם יר</ItemName><ManufacturerName>אסם</ManufacturerName><ManufactureCountry>ישראל</ManufactureCountry><ManufacturerItemDescription>תבשיל מנה חמה קוסקוס+ירקו</ManufacturerItemDescription><SoldByWeight/><Quantity>84.00</Quantity><UnitOfMeasure>גרם     </UnitOfMeasure><QtyInPackage>לא ידוע</QtyInPackage><UnitOfMeasurePrice>0.0702</UnitOfMeasurePrice><AllowDiscount>1</AllowDiscount><ItemStatus>1</ItemStatus><ItemPrice>5.90</ItemPrice></item><item><PriceUpdateDate>2016-05-01 10:28:08</PriceUpdateDate><ItemCode>7290000412719</ItemCode><ItemType>1</ItemType><ItemName>חטיף ביסלי בצל  67 ג</ItemName><ManufacturerName>ביסלי</ManufacturerName><ManufactureCountry>ישראל</ManufactureCountry><ManufacturerItemDescription>חטיף ביסלי בצל  67 ג</ManufacturerItemDescription><SoldByWeight/><Quantity>67.00</Quantity><UnitOfMeasure>גרם     </UnitOfMeasure><QtyInPackage>לא ידוע</QtyInPackage><UnitOfMeasurePrice>0.0806</UnitOfMeasurePrice><AllowDiscount>1</AllowDiscount><ItemStatus>1</ItemStatus><ItemPrice>5.40</ItemPrice></item><item><PriceUpdateDate>2016-05-01 10:28:09</PriceUpdateDate><ItemCode>7290000412771</ItemCode><ItemType>1</ItemType><ItemName>חטיף ביסלי ברביקיו 1</ItemName><ManufacturerName>ביסלי</ManufacturerName><ManufactureCountry>ישראל</ManufactureCountry><ManufacturerItemDescription>ביסלי ברביקיו 190 גר</ManufacturerItemDescription><SoldByWeight/><Quantity>190.00</Quantity><UnitOfMeasure>גרם     </UnitOfMeasure><QtyInPackage>לא ידוע</QtyInPackage><UnitOfMeasurePrice>0.0416</UnitOfMeasurePrice><AllowDiscount>1</AllowDiscount><ItemStatus>1</ItemStatus><ItemPrice>7.90</ItemPrice></item><item><PriceUpdateDate>2016-05-31 06:14:20</PriceUpdateDate><ItemCode>7290000412795</ItemCode><ItemType>1</ItemType><ItemName>חטיף דובונים 40 גרם</ItemName><ManufacturerName>דובונים</ManufacturerName><ManufactureCountry>ישראל</ManufactureCountry><ManufacturerItemDescription>דובונים40 גר</ManufacturerItemDescription><SoldByWeight/><Quantity>40.00</Quantity><UnitOfMeasure>גרם     </UnitOfMeasure><QtyInPackage>לא ידוע</QtyInPackage><UnitOfMeasurePrice>0.1000</UnitOfMeasurePrice><AllowDiscount>1</AllowDiscount><ItemStatus>1</ItemStatus><ItemPrice>4.00</ItemPrice></item><item><PriceUpdateDate>2016-05-31 06:14:20</PriceUpdateDate><ItemCode>7290000412825</ItemCode><ItemType>1</ItemType><ItemName>במבה 80 גרם</ItemName><ManufacturerName>במבה</ManufacturerName><ManufactureCountry>ישראל</ManufactureCountry><ManufacturerItemDescription>במבה 80 גרם</ManufacturerItemDescription><SoldByWeight/><Quantity>80.00</Quantity><UnitOfMeasure>גרם     </UnitOfMeasure><QtyInPackage>לא ידוע</QtyInPackage><UnitOfMeasurePrice>0.0563</UnitOfMeasurePrice><AllowDiscount>1</AllowDiscount><ItemStatus>1</ItemStatus><ItemPrice>4.50</ItemPrice></item><item><PriceUpdateDate>2016-05-31 06:14:20</PriceUpdateDate><ItemCode>7290000412832</ItemCode><ItemType>1</ItemType><ItemName>חטיף אפרופו 50 גרם</ItemName><ManufacturerName>אפרופו</ManufacturerName><ManufactureCountry>ישראל</ManufactureCountry><ManufacturerItemDescription>אפרופו50 גר.שקית</ManufacturerItemDescription><SoldByWeight/><Quantity>14.00</Quantity><UnitOfMeasure>גרם     </UnitOfMeasure><QtyInPackage>לא ידוע</QtyInPackage><UnitOfMeasurePrice>0.3071</UnitOfMeasurePrice><AllowDiscount>1</AllowDiscount><ItemStatus>1</ItemStatus><ItemPrice>4.30</ItemPrice></item><item><PriceUpdateDate>2015-10-19 10:39:48</PriceUpdateDate><ItemCode>7290000412863</ItemCode><ItemType>1</ItemType><ItemName>חטיף פופקורן חמאה וד</ItemName><ManufacturerName>אסם</ManufacturerName><ManufactureCountry>ישראל</ManufactureCountry><ManufacturerItemDescription>חטיף פופקו תירס חמאה ודבש</ManufacturerItemDescription><SoldByWeight/><Quantity>80.00</Quantity><UnitOfMeasure>גרם     </UnitOfMeasure><QtyInPackage>לא ידוע</QtyInPackage><UnitOfMeasurePrice>0.0863</UnitOfMeasurePrice><AllowDiscount>1</AllowDiscount><ItemStatus>1</ItemStatus><ItemPrice>6.90</ItemPrice></item><item><PriceUpdateDate>2016-05-31 06:14:20</PriceUpdateDate><ItemCode>7290000412887</ItemCode><ItemType>1</ItemType><ItemName>תרכיז ויטמינציק ענבי</ItemName><ManufacturerName>ויטמינצק</ManufacturerName><ManufactureCountry>ישראל</ManufactureCountry><ManufacturerItemDescription>תרכיז ויטמינציק ענבי</ManufacturerItemDescription><SoldByWeight/><Quantity>1000.00</Quantity><UnitOfMeasure>מ"ל</UnitOfMeasure><QtyInPackage>לא ידוע</QtyInPackage><UnitOfMeasurePrice>0.0119</UnitOfMeasurePrice><AllowDiscount>1</AllowDiscount><ItemStatus>1</ItemStatus><ItemPrice>11.90</ItemPrice></item><item><PriceUpdateDate>2016-05-31 06:14:20</PriceUpdateDate><ItemCode>7290000412894</ItemCode><ItemType>1</ItemType><ItemName>תרכיז ויטמינציק תפו"</ItemName><ManufacturerName>ויטמינצק</ManufacturerName><ManufactureCountry>ישראל</ManufactureCountry><ManufacturerItemDescription>תרכיז ויטמינציק תפו"</ManufacturerItemDescription><SoldByWeight/><Quantity>1000.00</Quantity><UnitOfMeasure>מ"ל</UnitOfMeasure><QtyInPackage>לא ידוע</QtyInPackage><UnitOfMeasurePrice>0.0119</UnitOfMeasurePrice><AllowDiscount>1</AllowDiscount><ItemStatus>1</ItemStatus><ItemPrice>11.90</ItemPrice></item><item><PriceUpdateDate>2016-05-01 10:28:10</PriceUpdateDate><ItemCode>7290000413020</ItemCode><ItemType>1</ItemType><ItemName>פודינג בטעם וניל 80</ItemName><ManufacturerName>אסם</ManufacturerName><ManufactureCountry>ישראל</ManufactureCountry><ManufacturerItemDescription>פודינג וניל 80 גרם</ManufacturerItemDescription><SoldByWeight/><Quantity>80.00</Quantity><UnitOfMeasure>גרם     </UnitOfMeasure><QtyInPackage>לא ידוע</QtyInPackage><UnitOfMeasurePrice>0.0688</UnitOfMeasurePrice><AllowDiscount>1</AllowDiscount><ItemStatus>1</ItemStatus><ItemPrice>5.50</ItemPrice></item><item><PriceUpdateDate>2016-05-01 10:28:10</PriceUpdateDate><ItemCode>7290000413099</ItemCode><ItemType>1</ItemType><ItemName>אבקת ג''לי אננס</ItemName><ManufacturerName>אסם</ManufacturerName><ManufactureCountry>ישראל</ManufactureCountry><ManufacturerItemDescription>אבקת ג''לי אננס</ManufacturerItemDescription><SoldByWeight/><Quantity>14.00</Quantity><UnitOfMeasure>גרם     </UnitOfMeasure><QtyInPackage>לא ידוע</QtyInPackage><UnitOfMeasurePrice>0.5571</UnitOfMeasurePrice><AllowDiscount>1</AllowDiscount><ItemStatus>1</ItemStatus><ItemPrice>7.80</ItemPrice></item><item><PriceUpdateDate>2015-10-11 06:43:18</PriceUpdateDate><ItemCode>7290000413150</ItemCode><ItemType>1</ItemType><ItemName>במבה יום הולדת 25 גר</ItemName><ManufacturerName>במבה</ManufacturerName><ManufactureCountry>ישראל</ManufactureCountry><ManufacturerItemDescription>במבה יום הולדת 25 גר</ManufacturerItemDescription><SoldByWeight/><Quantity>25.00</Quantity><UnitOfMeasure>גרם     </UnitOfMeasure><QtyInPackage>לא ידוע</QtyInPackage><UnitOfMeasurePrice>0.1280</UnitOfMeasurePrice><AllowDiscount>1</AllowDiscount><ItemStatus>1</ItemStatus><ItemPrice>3.20</ItemPrice></item><item><PriceUpdateDate>2016-03-01 06:59:30</PriceUpdateDate><ItemCode>7290000413167</ItemCode><ItemType>1</ItemType><ItemName>מארז במבה במילוי נוג</ItemName><ManufacturerName>במבה</ManufacturerName><ManufactureCountry>ישראל</ManufactureCountry><ManufacturerItemDescription>מארז במבה במילוי נוג</ManufacturerItemDescription><SoldByWeight/><Quantity>240.00</Quantity><UnitOfMeasure>גרם     </UnitOfMeasure><QtyInPackage>לא ידוע</QtyInPackage><UnitOfMeasurePrice>0.0804</UnitOfMeasurePrice><AllowDiscount>1</AllowDiscount><ItemStatus>1</ItemStatus><ItemPrice>19.30</ItemPrice></item><item><PriceUpdateDate>2016-05-01 10:28:10</PriceUpdateDate><ItemCode>7290000413204</ItemCode><ItemType>1</ItemType><ItemName>פסטה פרפקטו פנה 500</ItemName><ManufacturerName>פרפקטו</ManufacturerName><ManufactureCountry>איטליה</ManufactureCountry><ManufacturerItemDescription>פסטה פנה ריגאטה פרפקטו500</ManufacturerItemDescription><SoldByWeight/><Quantity>500.00</Quantity><UnitOfMeasure>גרם     </UnitOfMeasure><QtyInPackage>לא ידוע</QtyInPackage><UnitOfMeasurePrice>0.0182</UnitOfMeasurePrice><AllowDiscount>1</AllowDiscount><ItemStatus>1</ItemStatus><ItemPrice>9.10</ItemPrice></item><item><PriceUpdateDate>2016-05-01 06:09:44</PriceUpdateDate><ItemCode>7290000413358</ItemCode><ItemType>1</ItemType><ItemName>מרק עוף אמיתי אסם 40</ItemName><ManufacturerName>אסם</ManufacturerName><ManufactureCountry>ישראל</ManufactureCountry><ManufacturerItemDescription>מרק עוף אמיתי 400 גרם</ManufacturerItemDescription><SoldByWeight/><Quantity>400.00</Quantity><UnitOfMeasure>גרם     </UnitOfMeasure><QtyInPackage>לא ידוע</QtyInPackage><UnitOfMeasurePrice>0.0660</UnitOfMeasurePrice><AllowDiscount>1</AllowDiscount><ItemStatus>1</ItemStatus><ItemPrice>26.40</ItemPrice></item><item><PriceUpdateDate>2016-08-02 09:29:06</PriceUpdateDate><ItemCode>7290000413372</ItemCode><ItemType>1</ItemType><ItemName>אבקת מרק פיטריות במי</ItemName><ManufacturerName>אסם</ManufacturerName><ManufactureCountry>ישראל</ManufactureCountry><ManufacturerItemDescription>מרק פטריות 400 גרם</ManufacturerItemDescription><SoldByWeight/><Quantity>400.00</Quantity><UnitOfMeasure>גרם     </UnitOfMeasure><QtyInPackage>לא ידוע</QtyInPackage><UnitOfMeasurePrice>0.0747</UnitOfMeasurePrice><AllowDiscount>1</AllowDiscount><ItemStatus>1</ItemStatus><ItemPrice>29.90</ItemPrice></item><item><PriceUpdateDate>2016-05-01 10:28:11</PriceUpdateDate><ItemCode>7290000413440</ItemCode><ItemType>1</ItemType><ItemName>במבה במילוי קרם חלבה</ItemName><ManufacturerName>במבה</ManufacturerName><ManufactureCountry>ישראל</ManufactureCountry><ManufacturerItemDescription>במבה במילוי קרם חלבה 60 ג</ManufacturerItemDescription><SoldByWeight/><Quantity>60.00</Quantity><UnitOfMeasure>גרם     </UnitOfMeasure><QtyInPackage>לא ידוע</QtyInPackage><UnitOfMeasurePrice>0.0933</UnitOfMeasurePrice><AllowDiscount>1</AllowDiscount><ItemStatus>1</ItemStatus><ItemPrice>5.60</ItemPrice></item><item><PriceUpdateDate>2016-05-31 06:14:21</PriceUpdateDate><ItemCode>7290000413464</ItemCode><ItemType>1</ItemType><ItemName>רוטב סויה סגנון סיני</ItemName><ManufacturerName>אסם</ManufacturerName><ManufactureCountry>ישראל</ManufactureCountry><ManufacturerItemDescription>רוטב סויה סגנון סיני 290</ManufacturerItemDescription><SoldByWeight/><Quantity>290.00</Quantity><UnitOfMeasure>מ"ל</UnitOfMeasure><QtyInPackage>לא ידוע</QtyInPackage><UnitOfMeasurePrice>0.0362</UnitOfMeasurePrice><AllowDiscount>1</AllowDiscount><ItemStatus>1</ItemStatus><ItemPrice>10.50</ItemPrice></item><item><PriceUpdateDate>2016-08-02 09:29:06</PriceUpdateDate><ItemCode>7290000413525</ItemCode><ItemType>1</ItemType><ItemName>לחמית חיטה מלאה דבש</ItemName><ManufacturerName>לא ידוע</ManufacturerName><ManufactureCountry>ישראל</ManufactureCountry><ManufacturerItemDescription>לחמית חיטה מלאה דבש 200 ג</ManufacturerItemDescription><SoldByWeight/><Quantity>200.00</Quantity><UnitOfMeasure>גרם     </UnitOfMeasure><QtyInPackage>לא ידוע</QtyInPackage><UnitOfMeasurePrice>0.0495</UnitOfMeasurePrice><AllowDiscount>1</AllowDiscount><ItemStatus>1</ItemStatus><ItemPrice>9.90</ItemPrice></item><item><PriceUpdateDate>2016-05-31 06:14:21</PriceUpdateDate><ItemCode>7290000413532</ItemCode><ItemType>1</ItemType><ItemName>קטשופ אסם רכיבים טבע</ItemName><ManufacturerName>אסם</ManufacturerName><ManufactureCountry>ישראל</ManufactureCountry><ManufacturerItemDescription>קטשופ לחיץ רגיל 750 גרם</ManufacturerItemDescription><SoldByWeight/><Quantity>750.00</Quantity><UnitOfMeasure>גרם     </UnitOfMeasure><QtyInPackage>לא ידוע</QtyInPackage><UnitOfMeasurePrice>0.0153</UnitOfMeasurePrice><AllowDiscount>0</AllowDiscount><ItemStatus>1</ItemStatus><ItemPrice>11.50</ItemPrice></item><item><PriceUpdateDate>2016-05-31 06:14:21</PriceUpdateDate><ItemCode>7290000413570</ItemCode><ItemType>1</ItemType><ItemName>קפה נמס טסטר'ס צ'ויס</ItemName><ManufacturerName>טסטרס צויס</ManufacturerName><ManufactureCountry>ישראל</ManufactureCountry><ManufacturerItemDescription>קפה טסטרס צויס  'ויס200ג</ManufacturerItemDescription><SoldByWeight/><Quantity>200.00</Quantity><UnitOfMeasure>גרם     </UnitOfMeasure><QtyInPackage>לא ידוע</QtyInPackage><UnitOfMeasurePrice>0.1645</UnitOfMeasurePrice><AllowDiscount>1</AllowDiscount><ItemStatus>1</ItemStatus><ItemPrice>32.90</ItemPrice></item><item><PriceUpdateDate>2016-05-31 06:14:21</PriceUpdateDate><ItemCode>7290000413594</ItemCode><ItemType>1</ItemType><ItemName>טסטר'ס צ'ויס נטול קפ</ItemName><ManufacturerName>ג'יקובס</ManufacturerName><ManufactureCountry>ישראל</ManufactureCountry><ManufacturerItemDescription>קפה טסטרס צויס  ופאין200</ManufacturerItemDescription><SoldByWeight/><Quantity>200.00</Quantity><UnitOfMeasure>גרם     </UnitOfMeasure><QtyInPackage>לא ידוע</QtyInPackage><UnitOfMeasurePrice>0.1985</UnitOfMeasurePrice><AllowDiscount>1</AllowDiscount><ItemStatus>1</ItemStatus><ItemPrice>39.70</ItemPrice></item><item><PriceUpdateDate>2016-08-02 09:29:06</PriceUpdateDate><ItemCode>7290000413655</ItemCode><ItemType>1</ItemType><ItemName>מב דגני בוקר סיני מי</ItemName><ManufacturerName>סיני מיני</ManufacturerName><ManufactureCountry>פולין</ManufactureCountry><ManufacturerItemDescription>הוטפופ מלח      ח100*5ג</ManufacturerItemDescription><SoldByWeight/><Quantity>500.00</Quantity><UnitOfMeasure>גרם     </UnitOfMeasure><QtyInPackage>לא ידוע</QtyInPackage><UnitOfMeasurePrice>0.0378</UnitOfMeasurePrice><AllowDiscount>1</AllowDiscount><ItemStatus>1</ItemStatus><ItemPrice>18.90</ItemPrice></item><item><PriceUpdateDate>2016-05-31 06:14:21</PriceUpdateDate><ItemCode>7290000413662</ItemCode><ItemType>1</ItemType><ItemName>מנה חמה אטריות עם עג</ItemName><ManufacturerName>אסם</ManufacturerName><ManufactureCountry>ישראל</ManufactureCountry><ManufacturerItemDescription>תבשיל מנה חמה עם עגבניות6</ManufacturerItemDescription><SoldByWeight/><Quantity>14.00</Quantity><UnitOfMeasure>גרם     </UnitOfMeasure><QtyInPackage>לא ידוע</QtyInPackage><UnitOfMeasurePrice>0.4214</UnitOfMeasurePrice><AllowDiscount>1</AllowDiscount><ItemStatus>1</ItemStatus><ItemPrice>5.90</ItemPrice></item><item><PriceUpdateDate>2016-05-01 10:28:12</PriceUpdateDate><ItemCode>7290000413686</ItemCode><ItemType>1</ItemType><ItemName>מנה חמה פסטה ברוטב פ</ItemName><ManufacturerName>אסם</ManufacturerName><ManufactureCountry>ישראל</ManufactureCountry><ManufacturerItemDescription>מנה חמה פסטה ברוטב פ</ManufacturerItemDescription><SoldByWeight/><Quantity>61.00</Quantity><UnitOfMeasure>גרם     </UnitOfMeasure><QtyInPackage>לא ידוע</QtyInPackage><UnitOfMeasurePrice>0.1131</UnitOfMeasurePrice><AllowDiscount>1</AllowDiscount><ItemStatus>1</ItemStatus><ItemPrice>6.90</ItemPrice></item><item><PriceUpdateDate>2016-05-31 06:14:21</PriceUpdateDate><ItemCode>7290000413693</ItemCode><ItemType>1</ItemType><ItemName>מנה חמה נודלס איטריו</ItemName><ManufacturerName>אסם</ManufacturerName><ManufactureCountry>ישראל</ManufactureCountry><ManufacturerItemDescription>מנה חמה נודלס   עוף70גרם</ManufacturerItemDescription><SoldByWeight/><Quantity>70.00</Quantity><UnitOfMeasure>גרם     </UnitOfMeasure><QtyInPackage>לא ידוע</QtyInPackage><UnitOfMeasurePrice>0.0843</UnitOfMeasurePrice><AllowDiscount>1</AllowDiscount><ItemStatus>1</ItemStatus><ItemPrice>5.90</ItemPrice></item><item><PriceUpdateDate>2016-05-31 06:14:21</PriceUpdateDate><ItemCode>7290000413709</ItemCode><ItemType>1</ItemType><ItemName>מנה חמה נודלס טעם בק</ItemName><ManufacturerName>אסם</ManufacturerName><ManufactureCountry>ישראל</ManufactureCountry><ManufacturerItemDescription>מנה חמה נודלס טעם בק</ManufacturerItemDescription><SoldByWeight/><Quantity>70.00</Quantity><UnitOfMeasure>גרם     </UnitOfMeasure><QtyInPackage>לא ידוע</QtyInPackage><UnitOfMeasurePrice>0.0843</UnitOfMeasurePrice><AllowDiscount>1</AllowDiscount><ItemStatus>1</ItemStatus><ItemPrice>5.90</ItemPrice></item><item><PriceUpdateDate>2016-05-31 06:14:22</PriceUpdateDate><ItemCode>7290000413716</ItemCode><ItemType>1</ItemType><ItemName>מנה חמה נודלס טעם צי</ItemName><ManufacturerName>אסם</ManufacturerName><ManufactureCountry>ישראל</ManufactureCountry><ManufacturerItemDescription>מנה חמה נודלס טעם צי</ManufacturerItemDescription><SoldByWeight/><Quantity>70.00</Quantity><UnitOfMeasure>גרם     </UnitOfMeasure><QtyInPackage>לא ידוע</QtyInPackage><UnitOfMeasurePrice>0.0843</UnitOfMeasurePrice><AllowDiscount>1</AllowDiscount><ItemStatus>1</ItemStatus><ItemPrice>5.90</ItemPrice></item><item><PriceUpdateDate>2016-03-29 07:49:56</PriceUpdateDate><ItemCode>7290000413723</ItemCode><ItemType>1</ItemType><ItemName>מארז צ'יפסי 4*50 גרם</ItemName><ManufacturerName>ציפסי</ManufacturerName><ManufactureCountry>ישראל</ManufactureCountry><ManufacturerItemDescription>מארז צ'יפסי 4*50 גרם</ManufacturerItemDescription><SoldByWeight/><Quantity>200.00</Quantity><UnitOfMeasure>גרם     </UnitOfMeasure><QtyInPackage>לא ידוע</QtyInPackage><UnitOfMeasurePrice>0.0645</UnitOfMeasurePrice><AllowDiscount>1</AllowDiscount><ItemStatus>1</ItemStatus><ItemPrice>12.90</ItemPrice></item><item><PriceUpdateDate>2016-08-02 09:29:06</PriceUpdateDate><ItemCode>7290000413747</ItemCode><ItemType>1</ItemType><ItemName>פתי בר שוקו 500 גרם</ItemName><ManufacturerName>פתי בר אסם</ManufacturerName><ManufactureCountry>ישראל</ManufactureCountry><ManufacturerItemDescription>ביסקויט פתיבר שוקו 500 גר</ManufacturerItemDescription><SoldByWeight/><Quantity>500.00</Quantity><UnitOfMeasure>גרם     </UnitOfMeasure><QtyInPackage>לא ידוע</QtyInPackage><UnitOfMeasurePrice>0.0258</UnitOfMeasurePrice><AllowDiscount>1</AllowDiscount><ItemStatus>1</ItemStatus><ItemPrice>12.90</ItemPrice></item><item><PriceUpdateDate>2016-08-07 20:04:27</PriceUpdateDate><ItemCode>7290000413754</ItemCode><ItemType>1</ItemType><ItemName>פתי בר בינוני 250 גר</ItemName><ManufacturerName>לא ידוע</ManufacturerName><ManufactureCountry>ישראל</ManufactureCountry><ManufacturerItemDescription>פתיבר 250 גר</ManufacturerItemDescription><SoldByWeight/><Quantity>250.00</Quantity><UnitOfMeasure>גרם     </UnitOfMeasure><QtyInPackage>לא ידוע</QtyInPackage><UnitOfMeasurePrice>0.0336</UnitOfMeasurePrice><AllowDiscount>1</AllowDiscount><ItemStatus>1</ItemStatus><ItemPrice>8.40</ItemPrice></item><item><PriceUpdateDate>2016-05-01 10:28:13</PriceUpdateDate><ItemCode>7290000413761</ItemCode><ItemType>1</ItemType><ItemName>פתי בר וניל 500 גרם</ItemName><ManufacturerName>אסם</ManufacturerName><ManufactureCountry>ישראל</ManufactureCountry><ManufacturerItemDescription>ביסקויט פתיבר 500 גר</ManufacturerItemDescription><SoldByWeight/><Quantity>500.00</Quantity><UnitOfMeasure>גרם     </UnitOfMeasure><QtyInPackage>לא ידוע</QtyInPackage><UnitOfMeasurePrice>0.0218</UnitOfMeasurePrice><AllowDiscount>1</AllowDiscount><ItemStatus>1</ItemStatus><ItemPrice>10.90</ItemPrice></item><item><PriceUpdateDate>2016-08-02 09:29:06</PriceUpdateDate><ItemCode>7290000413778</ItemCode><ItemType>1</ItemType><ItemName>קרם קרקר 227 גרם</ItemName><ManufacturerName>קרקר אסם</ManufacturerName><ManufactureCountry>ישראל</ManufactureCountry><ManufacturerItemDescription>קרם קרקר250 גר</ManufacturerItemDescription><SoldByWeight/><Quantity>227.00</Quantity><UnitOfMeasure>גרם     </UnitOfMeasure><QtyInPackage>לא ידוע</QtyInPackage><UnitOfMeasurePrice>0.0436</UnitOfMeasurePrice><AllowDiscount>1</AllowDiscount><ItemStatus>1</ItemStatus><ItemPrice>9.90</ItemPrice></item><item><PriceUpdateDate>2016-08-02 09:29:06</PriceUpdateDate><ItemCode>7290000413785</ItemCode><ItemType>1</ItemType><ItemName>קרקר שומשום 250 גרם</ItemName><ManufacturerName>קרם קרקר אסם</ManufacturerName><ManufactureCountry>ישראל</ManufactureCountry><ManufacturerItemDescription>קרקר שומשום250 גר</ManufacturerItemDescription><SoldByWeight/><Quantity>250.00</Quantity><UnitOfMeasure>גרם     </UnitOfMeasure><QtyInPackage>לא ידוע</QtyInPackage><UnitOfMeasurePrice>0.0416</UnitOfMeasurePrice><AllowDiscount>1</AllowDiscount><ItemStatus>1</ItemStatus><ItemPrice>10.40</ItemPrice></item><item><PriceUpdateDate>2016-08-02 09:29:06</PriceUpdateDate><ItemCode>7290000413808</ItemCode><ItemType>1</ItemType><ItemName>לחמית עם סובין230 גר</ItemName><ManufacturerName>לחמית</ManufacturerName><ManufactureCountry>ישראל</ManufactureCountry><ManufacturerItemDescription>לחמית עם סובין 230 גרם</ManufacturerItemDescription><SoldByWeight/><Quantity>230.00</Quantity><UnitOfMeasure>גרם     </UnitOfMeasure><QtyInPackage>לא ידוע</QtyInPackage><UnitOfMeasurePrice>0.0430</UnitOfMeasurePrice><AllowDiscount>1</AllowDiscount><ItemStatus>1</ItemStatus><ItemPrice>9.90</ItemPrice></item><item><PriceUpdateDate>2016-08-02 09:29:06</PriceUpdateDate><ItemCode>7290000413822</ItemCode><ItemType>1</ItemType><ItemName>לחמית ללא מלח וסוכר</ItemName><ManufacturerName>לא ממותג</ManufacturerName><ManufactureCountry>ישראל</ManufactureCountry><ManufacturerItemDescription>לחמית ללא מלח וסוכר</ManufacturerItemDescription><SoldByWeight/><Quantity>250.00</Quantity><UnitOfMeasure>גרם     </UnitOfMeasure><QtyInPackage>לא ידוע</QtyInPackage><UnitOfMeasurePrice>0.0472</UnitOfMeasurePrice><AllowDiscount>1</AllowDiscount><ItemStatus>1</ItemStatus><ItemPrice>11.80</ItemPrice></item><item><PriceUpdateDate>2016-05-31 06:14:22</PriceUpdateDate><ItemCode>7290000413839</ItemCode><ItemType>1</ItemType><ItemName>קרקר זהב 150 גרם</ItemName><ManufacturerName>קרקר אסם</ManufacturerName><ManufactureCountry>ישראל</ManufactureCountry><ManufacturerItemDescription>קרקר זהב 150 גרם</ManufacturerItemDescription><SoldByWeight/><Quantity>150.00</Quantity><UnitOfMeasure>גרם     </UnitOfMeasure><QtyInPackage>לא ידוע</QtyInPackage><UnitOfMeasurePrice>0.0487</UnitOfMeasurePrice><AllowDiscount>1</AllowDiscount><ItemStatus>1</ItemStatus><ItemPrice>7.30</ItemPrice></item><item><PriceUpdateDate>2016-05-01 10:28:14</PriceUpdateDate><ItemCode>7290000413945</ItemCode><ItemType>1</ItemType><ItemName>עוגיות מיני שוקוצ'יפ</ItemName><ManufacturerName>לא ממותג</ManufacturerName><ManufactureCountry>ישראל</ManufactureCountry><ManufacturerItemDescription>עוגיות מיני שוקוצ'יפ</ManufacturerItemDescription><SoldByWeight/><Quantity>225.00</Quantity><UnitOfMeasure>גרם     </UnitOfMeasure><QtyInPackage>לא ידוע</QtyInPackage><UnitOfMeasurePrice>0.0560</UnitOfMeasurePrice><AllowDiscount>1</AllowDiscount><ItemStatus>1</ItemStatus><ItemPrice>12.60</ItemPrice></item><item><PriceUpdateDate>2016-05-01 10:28:14</PriceUpdateDate><ItemCode>7290000413952</ItemCode><ItemType>1</ItemType><ItemName>עוגיות שוקוצ'יפס קלא</ItemName><ManufacturerName>אסם</ManufacturerName><ManufactureCountry>ישראל</ManufactureCountry><ManufacturerItemDescription>עוגיות משהו וניל שוקוציפס</ManufacturerItemDescription><SoldByWeight/><Quantity>200.00</Quantity><UnitOfMeasure>גרם     </UnitOfMeasure><QtyInPackage>לא ידוע</QtyInPackage><UnitOfMeasurePrice>0.0645</UnitOfMeasurePrice><AllowDiscount>1</AllowDiscount><ItemStatus>1</ItemStatus><ItemPrice>12.90</ItemPrice></item><item><PriceUpdateDate>2016-08-02 09:29:06</PriceUpdateDate><ItemCode>7290000413969</ItemCode><ItemType>1</ItemType><ItemName>לחמית חיטה מלאה 250</ItemName><ManufacturerName>לחמית</ManufacturerName><ManufactureCountry>ישראל</ManufactureCountry><ManufacturerItemDescription>לחמית קרקר חיטה מלאה 250</ManufacturerItemDescription><SoldByWeight/><Quantity>250.00</Quantity><UnitOfMeasure>גרם     </UnitOfMeasure><QtyInPackage>לא ידוע</QtyInPackage><UnitOfMeasurePrice>0.0396</UnitOfMeasurePrice><AllowDiscount>1</AllowDiscount><ItemStatus>1</ItemStatus><ItemPrice>9.90</ItemPrice></item><item><PriceUpdateDate>2016-08-02 09:29:06</PriceUpdateDate><ItemCode>7290000414027</ItemCode><ItemType>1</ItemType><ItemName>מב בייגלה שמיניות קט</ItemName><ManufacturerName>בייגלה אסם</ManufacturerName><ManufactureCountry>ישראל</ManufactureCountry><ManufacturerItemDescription>ביגלה שמיניות קטנות 400 ג</ManufacturerItemDescription><SoldByWeight/><Quantity>400.00</Quantity><UnitOfMeasure>גרם     </UnitOfMeasure><QtyInPackage>לא ידוע</QtyInPackage><UnitOfMeasurePrice>0.0223</UnitOfMeasurePrice><AllowDiscount>1</AllowDiscount><ItemStatus>1</ItemStatus><ItemPrice>8.90</ItemPrice></item><item><PriceUpdateDate>2016-05-01 10:28:14</PriceUpdateDate><ItemCode>7290000414034</ItemCode><ItemType>1</ItemType><ItemName>נס קוויק אבקה להכנת</ItemName><ManufacturerName>נסקוויק</ManufacturerName><ManufactureCountry>ישראל</ManufactureCountry><ManufacturerItemDescription>אבקה להכנת משקה שוקולד נס</ManufacturerItemDescription><SoldByWeight/><Quantity>450.00</Quantity><UnitOfMeasure>גרם     </UnitOfMeasure><QtyInPackage>לא ידוע</QtyInPackage><UnitOfMeasurePrice>0.0393</UnitOfMeasurePrice><AllowDiscount>1</AllowDiscount><ItemStatus>1</ItemStatus><ItemPrice>17.70</ItemPrice></item><item><PriceUpdateDate>2016-08-02 09:29:06</PriceUpdateDate><ItemCode>7290000414126</ItemCode><ItemType>1</ItemType><ItemName>לחמית כפרית 190 גרם</ItemName><ManufacturerName>לחמית</ManufacturerName><ManufactureCountry>ישראל</ManufactureCountry><ManufacturerItemDescription>לחמית כפרית 190 גרם</ManufacturerItemDescription><SoldByWeight/><Quantity>190.00</Quantity><UnitOfMeasure>גרם     </UnitOfMeasure><QtyInPackage>לא ידוע</QtyInPackage><UnitOfMeasurePrice>0.0642</UnitOfMeasurePrice><AllowDiscount>1</AllowDiscount><ItemStatus>1</ItemStatus><ItemPrice>12.20</ItemPrice></item><item><PriceUpdateDate>2016-05-01 10:28:15</PriceUpdateDate><ItemCode>7290000414188</ItemCode><ItemType>1</ItemType><ItemName>קרוטונים מתובלים 250</ItemName><ManufacturerName>אסם</ManufacturerName><ManufactureCountry>ישראל</ManufactureCountry><ManufacturerItemDescription>קרוטונים מתובלים 250</ManufacturerItemDescription><SoldByWeight/><Quantity>250.00</Quantity><UnitOfMeasure>גרם     </UnitOfMeasure><QtyInPackage>לא ידוע</QtyInPackage><UnitOfMeasurePrice>0.0620</UnitOfMeasurePrice><AllowDiscount>1</AllowDiscount><ItemStatus>1</ItemStatus><ItemPrice>15.50</ItemPrice></item><item><PriceUpdateDate>2015-10-19 10:39:49</PriceUpdateDate><ItemCode>7290000414225</ItemCode><ItemType>1</ItemType><ItemName>חטיפי פריכונים בטעם</ItemName><ManufacturerName>פריכונים</ManufacturerName><ManufactureCountry>ישראל</ManufactureCountry><ManufacturerItemDescription>חטיפי פריכונים בטעם</ManufacturerItemDescription><SoldByWeight/><Quantity>14.00</Quantity><UnitOfMeasure>גרם     </UnitOfMeasure><QtyInPackage>לא ידוע</QtyInPackage><UnitOfMeasurePrice>0.6286</UnitOfMeasurePrice><AllowDiscount>1</AllowDiscount><ItemStatus>1</ItemStatus><ItemPrice>8.80</ItemPrice></item><item><PriceUpdateDate>2016-08-02 09:29:06</PriceUpdateDate><ItemCode>7290000414249</ItemCode><ItemType>1</ItemType><ItemName>קרם קרקר דל נתרן 250</ItemName><ManufacturerName>אסם</ManufacturerName><ManufactureCountry>ישראל</ManufactureCountry><ManufacturerItemDescription>קרם קרקר דל נתרן 250</ManufacturerItemDescription><SoldByWeight/><Quantity>250.00</Quantity><UnitOfMeasure>גרם     </UnitOfMeasure><QtyInPackage>לא ידוע</QtyInPackage><UnitOfMeasurePrice>0.0476</UnitOfMeasurePrice><AllowDiscount>1</AllowDiscount><ItemStatus>1</ItemStatus><ItemPrice>11.90</ItemPrice></item><item><PriceUpdateDate>2016-08-02 09:29:06</PriceUpdateDate><ItemCode>7290000414300</ItemCode><ItemType>1</ItemType><ItemName>סלט טורקי רפי כהן 40</ItemName><ManufacturerName>צבר</ManufacturerName><ManufactureCountry>ישראל</ManufactureCountry><ManufacturerItemDescription>סלט טורקי רפי 400 גרם</ManufacturerItemDescription><SoldByWeight/><Quantity>400.00</Quantity><UnitOfMeasure>גרם     </UnitOfMeasure><QtyInPackage>לא ידוע</QtyInPackage><UnitOfMeasurePrice>0.0413</UnitOfMeasurePrice><AllowDiscount>1</AllowDiscount><ItemStatus>1</ItemStatus><ItemPrice>16.50</ItemPrice></item><item><PriceUpdateDate>2016-08-02 09:29:06</PriceUpdateDate><ItemCode>7290000414317</ItemCode><ItemType>1</ItemType><ItemName>סלט קישוא עם בצל מטו</ItemName><ManufacturerName>צבר</ManufacturerName><ManufactureCountry>ישראל</ManufactureCountry><ManufacturerItemDescription>סלט קישוא עם בצל מטו</ManufacturerItemDescription><SoldByWeight/><Quantity>400.00</Quantity><UnitOfMeasure>גרם     </UnitOfMeasure><QtyInPackage>לא ידוע</QtyInPackage><UnitOfMeasurePrice>0.0413</UnitOfMeasurePrice><AllowDiscount>1</AllowDiscount><ItemStatus>1</ItemStatus><ItemPrice>16.50</ItemPrice></item><item><PriceUpdateDate>2016-08-02 09:29:06</PriceUpdateDate><ItemCode>7290000414324</ItemCode><ItemType>1</ItemType><ItemName>סלט חציל בטעם כבד רפ</ItemName><ManufacturerName>צבר</ManufacturerName><ManufactureCountry>ישראל</ManufactureCountry><ManufacturerItemDescription>סלט חציל בטעם כבד רפ</ManufacturerItemDescription><SoldByWeight/><Quantity>400.00</Quantity><UnitOfMeasure>גרם     </UnitOfMeasure><QtyInPackage>לא ידוע</QtyInPackage><UnitOfMeasurePrice>0.0413</UnitOfMeasurePrice><AllowDiscount>1</AllowDiscount><ItemStatus>1</ItemStatus><ItemPrice>16.50</ItemPrice></item><item><PriceUpdateDate>2016-05-01 10:28:15</PriceUpdateDate><ItemCode>7290000414355</ItemCode><ItemType>1</ItemType><ItemName>טוסטעים פת שומשום 10</ItemName><ManufacturerName>אסם</ManufacturerName><ManufactureCountry>ישראל</ManufactureCountry><ManufacturerItemDescription>טוסטעים +שומשו  שומשו100</ManufacturerItemDescription><SoldByWeight/><Quantity>100.00</Quantity><UnitOfMeasure>גרם     </UnitOfMeasure><QtyInPackage>לא ידוע</QtyInPackage><UnitOfMeasurePrice>0.1190</UnitOfMeasurePrice><AllowDiscount>1</AllowDiscount><ItemStatus>1</ItemStatus><ItemPrice>11.90</ItemPrice></item><item><PriceUpdateDate>2015-10-11 06:43:18</PriceUpdateDate><ItemCode>7290000414362</ItemCode><ItemType>1</ItemType><ItemName>חטיף צ'יפסי טבעי 50</ItemName><ManufacturerName>ציפסי</ManufacturerName><ManufactureCountry>ישראל</ManufactureCountry><ManufacturerItemDescription>חטיף ציפסי 50 גרם</ManufacturerItemDescription><SoldByWeight/><Quantity>50.00</Quantity><UnitOfMeasure>גרם     </UnitOfMeasure><QtyInPackage>לא ידוע</QtyInPackage><UnitOfMeasurePrice>0.0760</UnitOfMeasurePrice><AllowDiscount>1</AllowDiscount><ItemStatus>1</ItemStatus><ItemPrice>3.80</ItemPrice></item><item><PriceUpdateDate>2016-05-31 06:14:22</PriceUpdateDate><ItemCode>7290000414447</ItemCode><ItemType>1</ItemType><ItemName>אפונה עדינה 600 גרם</ItemName><ManufacturerName>סנפרוסט</ManufacturerName><ManufactureCountry>ישראל</ManufactureCountry><ManufacturerItemDescription>אפונה עדינה 600 גר</ManufacturerItemDescription><SoldByWeight/><Quantity>600.00</Quantity><UnitOfMeasure>גרם     </UnitOfMeasure><QtyInPackage>לא ידוע</QtyInPackage><UnitOfMeasurePrice>0.0298</UnitOfMeasurePrice><AllowDiscount>1</AllowDiscount><ItemStatus>1</ItemStatus><ItemPrice>17.90</ItemPrice></item><item><PriceUpdateDate>2016-08-07 20:04:27</PriceUpdateDate><ItemCode>7290000414454</ItemCode><ItemType>1</ItemType><ItemName>במיה סנפרוסט</ItemName><ManufacturerName>סנפרוסט</ManufacturerName><ManufactureCountry>ישראל</ManufactureCountry><ManufacturerItemDescription>במיה 600 גר</ManufacturerItemDescription><SoldByWeight/><Quantity>600.00</Quantity><UnitOfMeasure>גרם     </UnitOfMeasure><QtyInPackage>לא ידוע</QtyInPackage><UnitOfMeasurePrice>0.0332</UnitOfMeasurePrice><AllowDiscount>1</AllowDiscount><ItemStatus>1</ItemStatus><ItemPrice>19.90</ItemPrice></item><item><PriceUpdateDate>2016-05-31 06:14:22</PriceUpdateDate><ItemCode>7290000414485</ItemCode><ItemType>1</ItemType><ItemName>אפונת גינה סנפרוסט 8</ItemName><ManufacturerName>סנפרוסט</ManufacturerName><ManufactureCountry>ישראל</ManufactureCountry><ManufacturerItemDescription>אפונת גינה 800 גר</ManufacturerItemDescription><SoldByWeight/><Quantity>800.00</Quantity><UnitOfMeasure>גרם     </UnitOfMeasure><QtyInPackage>לא ידוע</QtyInPackage><UnitOfMeasurePrice>0.0199</UnitOfMeasurePrice><AllowDiscount>1</AllowDiscount><ItemStatus>1</ItemStatus><ItemPrice>15.90</ItemPrice></item><item><PriceUpdateDate>2016-08-02 09:29:07</PriceUpdateDate><ItemCode>7290000414492</ItemCode><ItemType>1</ItemType><ItemName>מב שעועית שלמה סנפרו</ItemName><ManufacturerName>סנפרוסט</ManufacturerName><ManufactureCountry>ישראל</ManufactureCountry><ManufacturerItemDescription>שעועית ירוקה שלמה 800 גר</ManufacturerItemDescription><SoldByWeight/><Quantity>800.00</Quantity><UnitOfMeasure>גרם     </UnitOfMeasure><QtyInPackage>לא ידוע</QtyInPackage><UnitOfMeasurePrice>0.0186</UnitOfMeasurePrice><AllowDiscount>1</AllowDiscount><ItemStatus>1</ItemStatus><ItemPrice>14.90</ItemPrice></item><item><PriceUpdateDate>2016-08-02 09:29:07</PriceUpdateDate><ItemCode>7290000414515</ItemCode><ItemType>1</ItemType><ItemName>מב גזר גמדי סנפרוסט</ItemName><ManufacturerName>סנפרוסט</ManufacturerName><ManufactureCountry>ישראל</ManufactureCountry><ManufacturerItemDescription>גזר גמדי 800 גר</ManufacturerItemDescription><SoldByWeight/><Quantity>800.00</Quantity><UnitOfMeasure>גרם     </UnitOfMeasure><QtyInPackage>לא ידוע</QtyInPackage><UnitOfMeasurePrice>0.0186</UnitOfMeasurePrice><AllowDiscount>1</AllowDiscount><ItemStatus>1</ItemStatus><ItemPrice>14.90</ItemPrice></item><item><PriceUpdateDate>2016-05-01 06:09:45</PriceUpdateDate><ItemCode>7290000414522</ItemCode><ItemType>1</ItemType><ItemName>פול ירוק 800 גרם</ItemName><ManufacturerName>סנפרוסט</ManufacturerName><ManufactureCountry>ישראל</ManufactureCountry><ManufacturerItemDescription>פול ירוק 800 גר</ManufacturerItemDescription><SoldByWeight/><Quantity>800.00</Quantity><UnitOfMeasure>גרם     </UnitOfMeasure><QtyInPackage>לא ידוע</QtyInPackage><UnitOfMeasurePrice>0.0349</UnitOfMeasurePrice><AllowDiscount>1</AllowDiscount><ItemStatus>1</ItemStatus><ItemPrice>27.90</ItemPrice></item><item><PriceUpdateDate>2016-08-07 20:04:27</PriceUpdateDate><ItemCode>7290000414539</ItemCode><ItemType>1</ItemType><ItemName>שעועית ירוקה חתוכה 8</ItemName><ManufacturerName>סנפרוסט</ManufacturerName><ManufactureCountry>ישראל</ManufactureCountry><ManufacturerItemDescription>שעועית ירוקה חתוכה 800 גר</ManufacturerItemDescription><SoldByWeight/><Quantity>800.00</Quantity><UnitOfMeasure>גרם     </UnitOfMeasure><QtyInPackage>לא ידוע</QtyInPackage><UnitOfMeasurePrice>0.0211</UnitOfMeasurePrice><AllowDiscount>1</AllowDiscount><ItemStatus>1</ItemStatus><ItemPrice>16.90</ItemPrice></item><item><PriceUpdateDate>2016-08-02 09:29:07</PriceUpdateDate><ItemCode>7290000414546</ItemCode><ItemType>1</ItemType><ItemName>מב שעועית צהובה חתוך</ItemName><ManufacturerName>סנפרוסט</ManufacturerName><ManufactureCountry>ישראל</ManufactureCountry><ManufacturerItemDescription>מב שעועית צהובה חתוך</ManufacturerItemDescription><SoldByWeight/><Quantity>800.00</Quantity><UnitOfMeasure>גרם     </UnitOfMeasure><QtyInPackage>לא ידוע</QtyInPackage><UnitOfMeasurePrice>0.0186</UnitOfMeasurePrice><AllowDiscount>1</AllowDiscount><ItemStatus>1</ItemStatus><ItemPrice>14.90</ItemPrice></item><item><PriceUpdateDate>2016-05-01 06:09:46</PriceUpdateDate><ItemCode>7290000414553</ItemCode><ItemType>1</ItemType><ItemName>כרובית 800 גרם</ItemName><ManufacturerName>סנפרוסט</ManufacturerName><ManufactureCountry>ישראל</ManufactureCountry><ManufacturerItemDescription>כרובית 800-גר</ManufacturerItemDescription><SoldByWeight/><Quantity>800.00</Quantity><UnitOfMeasure>גרם     </UnitOfMeasure><QtyInPackage>לא ידוע</QtyInPackage><UnitOfMeasurePrice>0.0311</UnitOfMeasurePrice><AllowDiscount>1</AllowDiscount><ItemStatus>1</ItemStatus><ItemPrice>24.90</ItemPrice></item><item><PriceUpdateDate>2016-06-28 07:02:25</PriceUpdateDate><ItemCode>7290000414560</ItemCode><ItemType>1</ItemType><ItemName>כרוב ניצנים 800 גרם</ItemName><ManufacturerName>סנפרוסט</ManufacturerName><ManufactureCountry>ישראל</ManufactureCountry><ManufacturerItemDescription>כרוב ניצנים 800 גרם</ManufacturerItemDescription><SoldByWeight/><Quantity>800.00</Quantity><UnitOfMeasure>גרם     </UnitOfMeasure><QtyInPackage>לא ידוע</QtyInPackage><UnitOfMeasurePrice>0.0367</UnitOfMeasurePrice><AllowDiscount>1</AllowDiscount><ItemStatus>1</ItemStatus><ItemPrice>29.40</ItemPrice></item><item><PriceUpdateDate>2016-08-02 09:29:07</PriceUpdateDate><ItemCode>7290000414584</ItemCode><ItemType>1</ItemType><ItemName>מב תרד מדליונים 800</ItemName><ManufacturerName>סנפרוסט</ManufacturerName><ManufactureCountry>ישראל</ManufactureCountry><ManufacturerItemDescription>ת.מדליונים 800-גר</ManufacturerItemDescription><SoldByWeight/><Quantity>800.00</Quantity><UnitOfMeasure>גרם     </UnitOfMeasure><QtyInPackage>לא ידוע</QtyInPackage><UnitOfMeasurePrice>0.0225</UnitOfMeasurePrice><AllowDiscount>1</AllowDiscount><ItemStatus>1</ItemStatus><ItemPrice>18.00</ItemPrice></item><item><PriceUpdateDate>2016-08-07 20:04:27</PriceUpdateDate><ItemCode>7290000414645</ItemCode><ItemType>1</ItemType><ItemName>לקט לקוסקוס 800 גרם</ItemName><ManufacturerName>סנפרוסט</ManufacturerName><ManufactureCountry>ישראל</ManufactureCountry><ManufacturerItemDescription>לקט לקוסקוס</ManufacturerItemDescription><SoldByWeight/><Quantity>800.00</Quantity><UnitOfMeasure>גרם     </UnitOfMeasure><QtyInPackage>לא ידוע</QtyInPackage><UnitOfMeasurePrice>0.0324</UnitOfMeasurePrice><AllowDiscount>1</AllowDiscount><ItemStatus>1</ItemStatus><ItemPrice>25.90</ItemPrice></item><item><PriceUpdateDate>2016-05-31 06:14:23</PriceUpdateDate><ItemCode>7290000414652</ItemCode><ItemType>1</ItemType><ItemName>אפונה וגזר 800 גרם</ItemName><ManufacturerName>סנפרוסט</ManufacturerName><ManufactureCountry>ישראל</ManufactureCountry><ManufacturerItemDescription>אפונה וגזר800 גר</ManufacturerItemDescription><SoldByWeight/><Quantity>800.00</Quantity><UnitOfMeasure>גרם     </UnitOfMeasure><QtyInPackage>לא ידוע</QtyInPackage><UnitOfMeasurePrice>0.0238</UnitOfMeasurePrice><AllowDiscount>1</AllowDiscount><ItemStatus>1</ItemStatus><ItemPrice>19.00</ItemPrice></item><item><PriceUpdateDate>2016-08-07 20:04:27</PriceUpdateDate><ItemCode>7290000414676</ItemCode><ItemType>1</ItemType><ItemName>לקט ירקות מעורבים 80</ItemName><ManufacturerName>סנפרוסט</ManufacturerName><ManufactureCountry>ישראל</ManufactureCountry><ManufacturerItemDescription>לקט ירקות מעורבים 80</ManufacturerItemDescription><SoldByWeight/><Quantity>800.00</Quantity><UnitOfMeasure>גרם     </UnitOfMeasure><QtyInPackage>לא ידוע</QtyInPackage><UnitOfMeasurePrice>0.0324</UnitOfMeasurePrice><AllowDiscount>1</AllowDiscount><ItemStatus>1</ItemStatus><ItemPrice>25.90</ItemPrice></item><item><PriceUpdateDate>2016-08-02 09:29:07</PriceUpdateDate><ItemCode>7290000414751</ItemCode><ItemType>1</ItemType><ItemName>מב חטיף סויה אדממה 4</ItemName><ManufacturerName>סנפרוסט</ManufacturerName><ManufactureCountry>ישראל</ManufactureCountry><ManufacturerItemDescription>חטיף פולי סויה אדממה 400</ManufacturerItemDescription><SoldByWeight/><Quantity>400.00</Quantity><UnitOfMeasure>גרם     </UnitOfMeasure><QtyInPackage>לא ידוע</QtyInPackage><UnitOfMeasurePrice>0.0248</UnitOfMeasurePrice><AllowDiscount>1</AllowDiscount><ItemStatus>1</ItemStatus><ItemPrice>9.90</ItemPrice></item><item><PriceUpdateDate>2016-08-07 20:04:27</PriceUpdateDate><ItemCode>7290000414768</ItemCode><ItemType>1</ItemType><ItemName>תחתיות ארטישוק 400 ג</ItemName><ManufacturerName>סנפרוסט</ManufacturerName><ManufactureCountry>ישראל</ManufactureCountry><ManufacturerItemDescription>תחתיות ארטישוק 400 גר</ManufacturerItemDescription><SoldByWeight/><Quantity>400.00</Quantity><UnitOfMeasure>גרם     </UnitOfMeasure><QtyInPackage>לא ידוע</QtyInPackage><UnitOfMeasurePrice>0.0622</UnitOfMeasurePrice><AllowDiscount>1</AllowDiscount><ItemStatus>1</ItemStatus><ItemPrice>24.90</ItemPrice></item><item><PriceUpdateDate>2016-05-01 06:09:47</PriceUpdateDate><ItemCode>7290000414799</ItemCode><ItemType>1</ItemType><ItemName>תפרחת ברוקולי סנפרוס</ItemName><ManufacturerName>סנפרוסט</ManufacturerName><ManufactureCountry>ישראל</ManufactureCountry><ManufacturerItemDescription>תפרחות ברוקולי 800 גר</ManufacturerItemDescription><SoldByWeight/><Quantity>800.00</Quantity><UnitOfMeasure>גרם     </UnitOfMeasure><QtyInPackage>לא ידוע</QtyInPackage><UnitOfMeasurePrice>0.0355</UnitOfMeasurePrice><AllowDiscount>1</AllowDiscount><ItemStatus>1</ItemStatus><ItemPrice>28.40</ItemPrice></item><item><PriceUpdateDate>2016-05-31 06:14:23</PriceUpdateDate><ItemCode>7290000414829</ItemCode><ItemType>1</ItemType><ItemName>מרגרינה בלו בנד בלי</ItemName><ManufacturerName>בלובנד</ManufacturerName><ManufactureCountry>ישראל</ManufactureCountry><ManufacturerItemDescription>מרגרינה בלו בנד בלי</ManufacturerItemDescription><SoldByWeight/><Quantity>200.00</Quantity><UnitOfMeasure>מ"ל</UnitOfMeasure><QtyInPackage>לא ידוע</QtyInPackage><UnitOfMeasurePrice>0.0235</UnitOfMeasurePrice><AllowDiscount>1</AllowDiscount><ItemStatus>1</ItemStatus><ItemPrice>4.70</ItemPrice></item><item><PriceUpdateDate>2015-10-11 06:43:18</PriceUpdateDate><ItemCode>7290000414836</ItemCode><ItemType>1</ItemType><ItemName>מרגרינה בטעם חמאה 20</ItemName><ManufacturerName>בלובנד</ManufacturerName><ManufactureCountry>ישראל</ManufactureCountry><ManufacturerItemDescription>מרגרינה בטעם חמאה 20</ManufacturerItemDescription><SoldByWeight/><Quantity>200.00</Quantity><UnitOfMeasure>מ"ל</UnitOfMeasure><QtyInPackage>לא ידוע</QtyInPackage><UnitOfMeasurePrice>0.0270</UnitOfMeasurePrice><AllowDiscount>1</AllowDiscount><ItemStatus>1</ItemStatus><ItemPrice>5.40</ItemPrice></item><item><PriceUpdateDate>2016-05-01 10:28:15</PriceUpdateDate><ItemCode>7290000414898</ItemCode><ItemType>1</ItemType><ItemName>מיונז 250 גרם</ItemName><ManufacturerName>תלמה</ManufacturerName><ManufactureCountry>ישראל</ManufactureCountry><ManufacturerItemDescription>מיונז 250 גרם</ManufacturerItemDescription><SoldByWeight/><Quantity>250.00</Quantity><UnitOfMeasure>גרם     </UnitOfMeasure><QtyInPackage>לא ידוע</QtyInPackage><UnitOfMeasurePrice>0.0308</UnitOfMeasurePrice><AllowDiscount>1</AllowDiscount><ItemStatus>1</ItemStatus><ItemPrice>7.70</ItemPrice></item><item><PriceUpdateDate>2016-05-31 06:14:23</PriceUpdateDate><ItemCode>7290000414904</ItemCode><ItemType>1</ItemType><ItemName>מרכך כביסה בדין לבן</ItemName><ManufacturerName>בדין</ManufacturerName><ManufactureCountry>ישראל</ManufactureCountry><ManufacturerItemDescription>מרכך כביסה בדין לבן</ManufacturerItemDescription><SoldByWeight/><Quantity>4000.00</Quantity><UnitOfMeasure>מ"ל</UnitOfMeasure><QtyInPackage>לא ידוע</QtyInPackage><UnitOfMeasurePrice>0.0050</UnitOfMeasurePrice><AllowDiscount>1</AllowDiscount><ItemStatus>1</ItemStatus><ItemPrice>19.90</ItemPrice></item><item><PriceUpdateDate>2016-05-31 06:14:23</PriceUpdateDate><ItemCode>7290000414928</ItemCode><ItemType>1</ItemType><ItemName>מיונז אמיתי תלמה 500</ItemName><ManufacturerName>תלמה</ManufacturerName><ManufactureCountry>ישראל</ManufactureCountry><ManufacturerItemDescription>מיונז אמיתי תלמה 500</ManufacturerItemDescription><SoldByWeight/><Quantity>500.00</Quantity><UnitOfMeasure>גרם     </UnitOfMeasure><QtyInPackage>לא ידוע</QtyInPackage><UnitOfMeasurePrice>0.0190</UnitOfMeasurePrice><AllowDiscount>1</AllowDiscount><ItemStatus>1</ItemStatus><ItemPrice>9.50</ItemPrice></item><item><PriceUpdateDate>2015-11-10 07:30:35</PriceUpdateDate><ItemCode>7290000414959</ItemCode><ItemType>1</ItemType><ItemName>חרדל אמיתי 250 גרם</ItemName><ManufacturerName>תלמה</ManufacturerName><ManufactureCountry>ישראל</ManufactureCountry><ManufacturerItemDescription>חרדל אמיתי 250 גרם</ManufacturerItemDescription><SoldByWeight/><Quantity>250.00</Quantity><UnitOfMeasure>גרם     </UnitOfMeasure><QtyInPackage>לא ידוע</QtyInPackage><UnitOfMeasurePrice>0.0348</UnitOfMeasurePrice><AllowDiscount>1</AllowDiscount><ItemStatus>1</ItemStatus><ItemPrice>8.70</ItemPrice></item><item><PriceUpdateDate>2016-05-01 10:28:16</PriceUpdateDate><ItemCode>7290000414966</ItemCode><ItemType>1</ItemType><ItemName>חרדל אמיתי תלמה 550</ItemName><ManufacturerName>תלמה</ManufacturerName><ManufactureCountry>ישראל</ManufactureCountry><ManufacturerItemDescription>חרדל אמיתי תלמה 550</ManufacturerItemDescription><SoldByWeight/><Quantity>550.00</Quantity><UnitOfMeasure>גרם     </UnitOfMeasure><QtyInPackage>לא ידוע</QtyInPackage><UnitOfMeasurePrice>0.0233</UnitOfMeasurePrice><AllowDiscount>1</AllowDiscount><ItemStatus>1</ItemStatus><ItemPrice>12.80</ItemPrice></item><item><PriceUpdateDate>2016-05-01 10:28:16</PriceUpdateDate><ItemCode>7290000415024</ItemCode><ItemType>1</ItemType><ItemName>מרק קנור פטריות עשיר</ItemName><ManufacturerName>קנור</ManufacturerName><ManufactureCountry>ישראל</ManufactureCountry><ManufacturerItemDescription>מרקנור עשיר פטריות</ManufacturerItemDescription><SoldByWeight/><Quantity>68.00</Quantity><UnitOfMeasure>גרם     </UnitOfMeasure><QtyInPackage>לא ידוע</QtyInPackage><UnitOfMeasurePrice>0.1706</UnitOfMeasurePrice><AllowDiscount>1</AllowDiscount><ItemStatus>1</ItemStatus><ItemPrice>11.60</ItemPrice></item><item><PriceUpdateDate>2016-05-31 06:14:23</PriceUpdateDate><ItemCode>7290000415031</ItemCode><ItemType>1</ItemType><ItemName>קנור מרק עוף 400 גרם</ItemName><ManufacturerName>קנור</ManufacturerName><ManufactureCountry>ישראל</ManufactureCountry><ManufacturerItemDescription>מרק עוף אמיתי 400 גרם קופ</ManufacturerItemDescription><SoldByWeight/><Quantity>400.00</Quantity><UnitOfMeasure>גרם     </UnitOfMeasure><QtyInPackage>לא ידוע</QtyInPackage><UnitOfMeasurePrice>0.0472</UnitOfMeasurePrice><AllowDiscount>1</AllowDiscount><ItemStatus>1</ItemStatus><ItemPrice>18.90</ItemPrice></item><item><PriceUpdateDate>2016-08-07 20:02:43</PriceUpdateDate><ItemCode>7290000415468</ItemCode><ItemType>1</ItemType><ItemName>חטיף דגנים שוגי שוקו</ItemName><ManufacturerName>שוגי</ManufacturerName><ManufactureCountry>ישראל</ManufactureCountry><ManufacturerItemDescription>חטיף דגנים שוקו שוגי208 1</ManufacturerItemDescription><SoldByWeight/><Quantity>208.00</Quantity><UnitOfMeasure>גרם     </UnitOfMeasure><QtyInPackage>לא ידוע</QtyInPackage><UnitOfMeasurePrice>0.1101</UnitOfMeasurePrice><AllowDiscount>1</AllowDiscount><ItemStatus>1</ItemStatus><ItemPrice>22.90</ItemPrice></item><item><PriceUpdateDate>2016-05-01 10:28:17</PriceUpdateDate><ItemCode>7290000415703</ItemCode><ItemType>1</ItemType><ItemName>מיונז הלמנס 424 גרם</ItemName><ManufacturerName>הלמנס</ManufacturerName><ManufactureCountry>ארצות הברית</ManufactureCountry><ManufacturerItemDescription>מחצלת לגלגול סושי 1 יחיד</ManufacturerItemDescription><SoldByWeight/><Quantity>424.00</Quantity><UnitOfMeasure>גרם     </UnitOfMeasure><QtyInPackage>לא ידוע</QtyInPackage><UnitOfMeasurePrice>0.0351</UnitOfMeasurePrice><AllowDiscount>1</AllowDiscount><ItemStatus>1</ItemStatus><ItemPrice>14.90</ItemPrice></item><item><PriceUpdateDate>2016-08-02 09:29:07</PriceUpdateDate><ItemCode>7290000415864</ItemCode><ItemType>1</ItemType><ItemName>קונפיטורה 778 משמש ל</ItemName><ManufacturerName>778</ManufacturerName><ManufactureCountry>ישראל</ManufactureCountry><ManufacturerItemDescription>קונפיטורה 778 משמש ל</ManufacturerItemDescription><SoldByWeight/><Quantity>285.00</Quantity><UnitOfMeasure>גרם     </UnitOfMeasure><QtyInPackage>לא ידוע</QtyInPackage><UnitOfMeasurePrice>0.0568</UnitOfMeasurePrice><AllowDiscount>1</AllowDiscount><ItemStatus>1</ItemStatus><ItemPrice>16.20</ItemPrice></item><item><PriceUpdateDate>2015-10-19 10:39:49</PriceUpdateDate><ItemCode>7290000415994</ItemCode><ItemType>1</ItemType><ItemName>מרגרינה מזולה 250גרם</ItemName><ManufacturerName>מזולה</ManufacturerName><ManufactureCountry>ישראל</ManufactureCountry><ManufacturerItemDescription>מרגרינה מזולה 250גרם</ManufacturerItemDescription><SoldByWeight/><Quantity>250.00</Quantity><UnitOfMeasure>גרם     </UnitOfMeasure><QtyInPackage>לא ידוע</QtyInPackage><UnitOfMeasurePrice>0.0448</UnitOfMeasurePrice><AllowDiscount>1</AllowDiscount><ItemStatus>1</ItemStatus><ItemPrice>11.20</ItemPrice></item><item><PriceUpdateDate>2015-11-10 07:30:35</PriceUpdateDate><ItemCode>7290000416014</ItemCode><ItemType>1</ItemType><ItemName>מרגרינה מזולה עם שמן</ItemName><ManufacturerName>מזולה</ManufacturerName><ManufactureCountry>ישראל</ManufactureCountry><ManufacturerItemDescription>מרגרינה מזולה עם שמן</ManufacturerItemDescription><SoldByWeight/><Quantity>250.00</Quantity><UnitOfMeasure>מ"ל</UnitOfMeasure><QtyInPackage>לא ידוע</QtyInPackage><UnitOfMeasurePrice>0.0448</UnitOfMeasurePrice><AllowDiscount>1</AllowDiscount><ItemStatus>1</ItemStatus><ItemPrice>11.20</ItemPrice></item><item><PriceUpdateDate>2016-05-01 06:10:56</PriceUpdateDate><ItemCode>7290000416021</ItemCode><ItemType>1</ItemType><ItemName>ממרח השחר העולה 500</ItemName><ManufacturerName>השחר</ManufacturerName><ManufactureCountry>ישראל</ManufactureCountry><ManufacturerItemDescription>ממרח שוקולד השחר500 גר</ManufacturerItemDescription><SoldByWeight/><Quantity>500.00</Quantity><UnitOfMeasure>גרם     </UnitOfMeasure><QtyInPackage>לא ידוע</QtyInPackage><UnitOfMeasurePrice>0.0238</UnitOfMeasurePrice><AllowDiscount>1</AllowDiscount><ItemStatus>1</ItemStatus><ItemPrice>11.90</ItemPrice></item><item><PriceUpdateDate>2016-08-02 09:29:07</PriceUpdateDate><ItemCode>7290000416182</ItemCode><ItemType>1</ItemType><ItemName>קונפיטור 778 משמש 33</ItemName><ManufacturerName>778</ManufacturerName><ManufactureCountry>ישראל</ManufactureCountry><ManufacturerItemDescription>קונפיטור 778 משמש 33</ManufacturerItemDescription><SoldByWeight/><Quantity>330.00</Quantity><UnitOfMeasure>גרם     </UnitOfMeasure><QtyInPackage>לא ידוע</QtyInPackage><UnitOfMeasurePrice>0.0491</UnitOfMeasurePrice><AllowDiscount>1</AllowDiscount><ItemStatus>1</ItemStatus><ItemPrice>16.20</ItemPrice></item><item><PriceUpdateDate>2016-08-02 09:29:07</PriceUpdateDate><ItemCode>7290000416199</ItemCode><ItemType>1</ItemType><ItemName>קונפיטור 778 תות שדה</ItemName><ManufacturerName>778</ManufacturerName><ManufactureCountry>ישראל</ManufactureCountry><ManufacturerItemDescription>קונפיטור 778 תות שדה</ManufacturerItemDescription><SoldByWeight/><Quantity>330.00</Quantity><UnitOfMeasure>גרם     </UnitOfMeasure><QtyInPackage>לא ידוע</QtyInPackage><UnitOfMeasurePrice>0.0491</UnitOfMeasurePrice><AllowDiscount>1</AllowDiscount><ItemStatus>1</ItemStatus><ItemPrice>16.20</ItemPrice></item><item><PriceUpdateDate>2016-08-02 09:29:07</PriceUpdateDate><ItemCode>7290000416229</ItemCode><ItemType>1</ItemType><ItemName>מב מאגדת שישיה מריר</ItemName><ManufacturerName>ורד הגליל</ManufacturerName><ManufactureCountry>ישראל</ManufactureCountry><ManufacturerItemDescription>מב מאגדת שישיה מריר</ManufacturerItemDescription><SoldByWeight/><Quantity>600.00</Quantity><UnitOfMeasure>גרם     </UnitOfMeasure><QtyInPackage>לא ידוע</QtyInPackage><UnitOfMeasurePrice>0.0332</UnitOfMeasurePrice><AllowDiscount>1</AllowDiscount><ItemStatus>1</ItemStatus><ItemPrice>19.90</ItemPrice></item><item><PriceUpdateDate>2016-08-07 20:02:43</PriceUpdateDate><ItemCode>7290000416304</ItemCode><ItemType>1</ItemType><ItemName>שוקולד קליק חלב עם א</ItemName><ManufacturerName>לא ידוע</ManufacturerName><ManufactureCountry>ישראל</ManufactureCountry><ManufacturerItemDescription>שוקולד קליק חלב עם א</ManufacturerItemDescription><SoldByWeight/><Quantity>100.00</Quantity><UnitOfMeasure>גרם     </UnitOfMeasure><QtyInPackage>לא ידוע</QtyInPackage><UnitOfMeasurePrice>0.0720</UnitOfMeasurePrice><AllowDiscount>1</AllowDiscount><ItemStatus>1</ItemStatus><ItemPrice>7.20</ItemPrice></item><item><PriceUpdateDate>2016-06-28 07:02:26</PriceUpdateDate><ItemCode>7290000416410</ItemCode><ItemType>1</ItemType><ItemName>מב קוקומן חום לבן 75</ItemName><ManufacturerName>קוקומן</ManufacturerName><ManufactureCountry>ישראל</ManufactureCountry><ManufacturerItemDescription>מב קוקומן חום לבן 75</ManufacturerItemDescription><SoldByWeight/><Quantity>750.00</Quantity><UnitOfMeasure>גרם     </UnitOfMeasure><QtyInPackage>לא ידוע</QtyInPackage><UnitOfMeasurePrice>0.0265</UnitOfMeasurePrice><AllowDiscount>1</AllowDiscount><ItemStatus>1</ItemStatus><ItemPrice>19.90</ItemPrice></item><item><PriceUpdateDate>2016-02-26 06:49:18</PriceUpdateDate><ItemCode>7290000416441</ItemCode><ItemType>1</ItemType><ItemName>משקה ג'אמפ אשכוליות</ItemName><ManufacturerName>גאמפ</ManufacturerName><ManufactureCountry>ישראל</ManufactureCountry><ManufacturerItemDescription>משקל גאמפ אשכוליות 1.5 ל</ManufacturerItemDescription><SoldByWeight/><Quantity>1500.00</Quantity><UnitOfMeasure>מ"ל</UnitOfMeasure><QtyInPackage>לא ידוע</QtyInPackage><UnitOfMeasurePrice>0.0046</UnitOfMeasurePrice><AllowDiscount>1</AllowDiscount><ItemStatus>1</ItemStatus><ItemPrice>6.90</ItemPrice></item><item><PriceUpdateDate>2016-02-26 06:49:18</PriceUpdateDate><ItemCode>7290000416458</ItemCode><ItemType>1</ItemType><ItemName>משקה ג'אמפ תות בננה</ItemName><ManufacturerName>גאמפ</ManufacturerName><ManufactureCountry>ישראל</ManufactureCountry><ManufacturerItemDescription>משקה ג'אמפ תות בננה</ManufacturerItemDescription><SoldByWeight/><Quantity>1500.00</Quantity><UnitOfMeasure>מ"ל</UnitOfMeasure><QtyInPackage>לא ידוע</QtyInPackage><UnitOfMeasurePrice>0.0046</UnitOfMeasurePrice><AllowDiscount>1</AllowDiscount><ItemStatus>1</ItemStatus><ItemPrice>6.90</ItemPrice></item><item><PriceUpdateDate>2016-03-15 11:31:25</PriceUpdateDate><ItemCode>7290000416571</ItemCode><ItemType>1</ItemType><ItemName>שמפו הוואי לשיער רגי</ItemName><ManufacturerName>הוואי</ManufacturerName><ManufactureCountry>ישראל</ManufactureCountry><ManufacturerItemDescription>הוואי שמפו לשיער רגיל 700</ManufacturerItemDescription><SoldByWeight/><Quantity>700.00</Quantity><UnitOfMeasure>מ"ל</UnitOfMeasure><QtyInPackage>לא ידוע</QtyInPackage><UnitOfMeasurePrice>0.0141</UnitOfMeasurePrice><AllowDiscount>0</AllowDiscount><ItemStatus>1</ItemStatus><ItemPrice>9.90</ItemPrice></item><item><PriceUpdateDate>2016-03-15 11:31:25</PriceUpdateDate><ItemCode>7290000416588</ItemCode><ItemType>1</ItemType><ItemName>שמפו הוואי לילדים 70</ItemName><ManufacturerName>הוואי</ManufacturerName><ManufactureCountry>ישראל</ManufactureCountry><ManufacturerItemDescription>שמפו הוואי לילדים 70</ManufacturerItemDescription><SoldByWeight/><Quantity>700.00</Quantity><UnitOfMeasure>מ"ל</UnitOfMeasure><QtyInPackage>לא ידוע</QtyInPackage><UnitOfMeasurePrice>0.0141</UnitOfMeasurePrice><AllowDiscount>0</AllowDiscount><ItemStatus>1</ItemStatus><ItemPrice>9.90</ItemPrice></item><item><PriceUpdateDate>2016-03-15 11:31:25</PriceUpdateDate><ItemCode>7290000416595</ItemCode><ItemType>1</ItemType><ItemName>שמפו הוואי למניעת קש</ItemName><ManufacturerName>הוואי</ManufacturerName><ManufactureCountry>ישראל</ManufactureCountry><ManufacturerItemDescription>הוואי שמפו למניעת קשקשים7</ManufacturerItemDescription><SoldByWeight/><Quantity>700.00</Quantity><UnitOfMeasure>מ"ל</UnitOfMeasure><QtyInPackage>לא ידוע</QtyInPackage><UnitOfMeasurePrice>0.0141</UnitOfMeasurePrice><AllowDiscount>0</AllowDiscount><ItemStatus>1</ItemStatus><ItemPrice>9.90</ItemPrice></item><item><PriceUpdateDate>2016-05-31 06:15:49</PriceUpdateDate><ItemCode>7290000416618</ItemCode><ItemType>1</ItemType><ItemName>מב ממרח פרווה השחר 4</ItemName><ManufacturerName>השחר</ManufacturerName><ManufactureCountry>ישראל</ManufactureCountry><ManufacturerItemDescription>ממרח שוקולד השחר400ג.בדץ</ManufacturerItemDescription><SoldByWeight/><Quantity>400.00</Quantity><UnitOfMeasure>גרם     </UnitOfMeasure><QtyInPackage>לא ידוע</QtyInPackage><UnitOfMeasurePrice>0.0323</UnitOfMeasurePrice><AllowDiscount>1</AllowDiscount><ItemStatus>1</ItemStatus><ItemPrice>12.90</ItemPrice></item><item><PriceUpdateDate>2016-02-08 14:14:14</PriceUpdateDate><ItemCode>7290000416700</ItemCode><ItemType>1</ItemType><ItemName>טבליות לכביסה פרסיל</ItemName><ManufacturerName>פרסיל</ManufacturerName><ManufactureCountry>גרמניה</ManufactureCountry><ManufacturerItemDescription>מקלות לסושי</ManufacturerItemDescription><SoldByWeight/><Quantity>112.00</Quantity><UnitOfMeasure>גרם     </UnitOfMeasure><QtyInPackage>לא ידוע</QtyInPackage><UnitOfMeasurePrice>0.3116</UnitOfMeasurePrice><AllowDiscount>1</AllowDiscount><ItemStatus>1</ItemStatus><ItemPrice>34.90</ItemPrice></item><item><PriceUpdateDate>2015-10-19 10:39:50</PriceUpdateDate><ItemCode>7290000417004</ItemCode><ItemType>1</ItemType><ItemName>נקטר נקטר פריגת תות</ItemName><ManufacturerName>פריגת</ManufacturerName><ManufactureCountry>ישראל</ManufactureCountry><ManufacturerItemDescription>נקטר נקטר פריגת תות</ManufacturerItemDescription><SoldByWeight/><Quantity>1000.00</Quantity><UnitOfMeasure>מ"ל</UnitOfMeasure><QtyInPackage>לא ידוע</QtyInPackage><UnitOfMeasurePrice>0.0076</UnitOfMeasurePrice><AllowDiscount>1</AllowDiscount><ItemStatus>1</ItemStatus><ItemPrice>7.60</ItemPrice></item><item><PriceUpdateDate>2016-08-02 09:29:07</PriceUpdateDate><ItemCode>7290000417011</ItemCode><ItemType>1</ItemType><ItemName>מב מיץ פריגת סחוט תפ</ItemName><ManufacturerName>פריגת</ManufacturerName><ManufactureCountry>ישראל</ManufactureCountry><ManufacturerItemDescription>מיץ סחוט תפוזים2 ל</ManufacturerItemDescription><SoldByWeight/><Quantity>2000.00</Quantity><UnitOfMeasure>מ"ל</UnitOfMeasure><QtyInPackage>לא ידוע</QtyInPackage><UnitOfMeasurePrice>0.0109</UnitOfMeasurePrice><AllowDiscount>1</AllowDiscount><ItemStatus>1</ItemStatus><ItemPrice>21.90</ItemPrice></item><item><PriceUpdateDate>2016-08-02 09:29:07</PriceUpdateDate><ItemCode>7290000417059</ItemCode><ItemType>1</ItemType><ItemName>קשיו 200 גרם קליית ג</ItemName><ManufacturerName>ליימן חטיבת המותגים</ManufacturerName><ManufactureCountry>ישראל</ManufactureCountry><ManufacturerItemDescription>אגוז קשיו מטוגן 200 גרם</ManufacturerItemDescription><SoldByWeight/><Quantity>200.00</Quantity><UnitOfMeasure>גרם     </UnitOfMeasure><QtyInPackage>לא ידוע</QtyInPackage><UnitOfMeasurePrice>0.1185</UnitOfMeasurePrice><AllowDiscount>1</AllowDiscount><ItemStatus>1</ItemStatus><ItemPrice>23.70</ItemPrice></item><item><PriceUpdateDate>2015-10-19 10:39:50</PriceUpdateDate><ItemCode>7290000417066</ItemCode><ItemType>1</ItemType><ItemName>גת גרעיני חמניה 200</ItemName><ManufacturerName>ליימן חטיבת המותגים</ManufacturerName><ManufactureCountry>ישראל</ManufactureCountry><ManufacturerItemDescription>גרעיני חמניה 200 גרם</ManufacturerItemDescription><SoldByWeight/><Quantity>200.00</Quantity><UnitOfMeasure>גרם     </UnitOfMeasure><QtyInPackage>לא ידוע</QtyInPackage><UnitOfMeasurePrice>0.0405</UnitOfMeasurePrice><AllowDiscount>0</AllowDiscount><ItemStatus>1</ItemStatus><ItemPrice>8.10</ItemPrice></item><item><PriceUpdateDate>2016-06-28 07:02:26</PriceUpdateDate><ItemCode>7290000417073</ItemCode><ItemType>1</ItemType><ItemName>גת שקד קלוי שקית 200</ItemName><ManufacturerName>ליימן חטיבת המותגים</ManufacturerName><ManufactureCountry>ישראל</ManufactureCountry><ManufacturerItemDescription>שקדים קלויים 200 גרם</ManufacturerItemDescription><SoldByWeight/><Quantity>200.00</Quantity><UnitOfMeasure>גרם     </UnitOfMeasure><QtyInPackage>לא ידוע</QtyInPackage><UnitOfMeasurePrice>0.1135</UnitOfMeasurePrice><AllowDiscount>1</AllowDiscount><ItemStatus>1</ItemStatus><ItemPrice>22.70</ItemPrice></item><item><PriceUpdateDate>2016-08-02 09:29:07</PriceUpdateDate><ItemCode>7290000417219</ItemCode><ItemType>1</ItemType><ItemName>נקניקיות עוף 400 גרם</ItemName><ManufacturerName>עוף טוב</ManufacturerName><ManufactureCountry>ישראל</ManufactureCountry><ManufacturerItemDescription>נקניקיות עוף עוף טוב 400</ManufacturerItemDescription><SoldByWeight/><Quantity>400.00</Quantity><UnitOfMeasure>גרם     </UnitOfMeasure><QtyInPackage>לא ידוע</QtyInPackage><UnitOfMeasurePrice>0.0298</UnitOfMeasurePrice><AllowDiscount>1</AllowDiscount><ItemStatus>1</ItemStatus><ItemPrice>11.90</ItemPrice></item><item><PriceUpdateDate>2016-06-28 07:02:26</PriceUpdateDate><ItemCode>7290000417448</ItemCode><ItemType>1</ItemType><ItemName>מב פסטרמה מקסיקנית 3</ItemName><ManufacturerName>עוף טוב</ManufacturerName><ManufactureCountry>ישראל</ManufactureCountry><ManufacturerItemDescription>מב פסטרמה מקסיקנית 3</ManufacturerItemDescription><SoldByWeight/><Quantity>300.00</Quantity><UnitOfMeasure>גרם     </UnitOfMeasure><QtyInPackage>לא ידוע</QtyInPackage><UnitOfMeasurePrice>0.0730</UnitOfMeasurePrice><AllowDiscount>1</AllowDiscount><ItemStatus>1</ItemStatus><ItemPrice>21.90</ItemPrice></item><item><PriceUpdateDate>2016-05-01 06:09:48</PriceUpdateDate><ItemCode>7290000417578</ItemCode><ItemType>1</ItemType><ItemName>מיונז אמיתי משמן קנו</ItemName><ManufacturerName>תלמה</ManufacturerName><ManufactureCountry>ישראל</ManufactureCountry><ManufacturerItemDescription>מיונז אמיתי משמן קנו</ManufacturerItemDescription><SoldByWeight/><Quantity>500.00</Quantity><UnitOfMeasure>גרם     </UnitOfMeasure><QtyInPackage>לא ידוע</QtyInPackage><UnitOfMeasurePrice>0.0318</UnitOfMeasurePrice><AllowDiscount>1</AllowDiscount><ItemStatus>1</ItemStatus><ItemPrice>15.90</ItemPrice></item><item><PriceUpdateDate>2016-05-01 10:28:18</PriceUpdateDate><ItemCode>7290000417592</ItemCode><ItemType>1</ItemType><ItemName>חטיף קליק IN במילוי</ItemName><ManufacturerName>קליק ורד הגליל</ManufacturerName><ManufactureCountry>ישראל</ManufactureCountry><ManufacturerItemDescription>חטיף קליק IN במילוי נוגט</ManufacturerItemDescription><SoldByWeight/><Quantity>14.00</Quantity><UnitOfMeasure>גרם     </UnitOfMeasure><QtyInPackage>לא ידוע</QtyInPackage><UnitOfMeasurePrice>0.4071</UnitOfMeasurePrice><AllowDiscount>1</AllowDiscount><ItemStatus>1</ItemStatus><ItemPrice>5.70</ItemPrice></item><item><PriceUpdateDate>2016-05-31 06:14:24</PriceUpdateDate><ItemCode>7290000417639</ItemCode><ItemType>1</ItemType><ItemName>שוקולד פרה מריר 100</ItemName><ManufacturerName>פרה</ManufacturerName><ManufactureCountry>ישראל</ManufactureCountry><ManufacturerItemDescription>שוקולד פרה מריר שטוח 100</ManufacturerItemDescription><SoldByWeight/><Quantity>100.00</Quantity><UnitOfMeasure>גרם     </UnitOfMeasure><QtyInPackage>לא ידוע</QtyInPackage><UnitOfMeasurePrice>0.0540</UnitOfMeasurePrice><AllowDiscount>0</AllowDiscount><ItemStatus>1</ItemStatus><ItemPrice>5.40</ItemPrice></item><item><PriceUpdateDate>2016-02-16 09:21:52</PriceUpdateDate><ItemCode>7290000417653</ItemCode><ItemType>1</ItemType><ItemName>שוקולד פרה קרם נוגט</ItemName><ManufacturerName>פרה</ManufacturerName><ManufactureCountry>ישראל</ManufactureCountry><ManufacturerItemDescription>שוקולד פרה קרם נוגט 100 ג</ManufacturerItemDescription><SoldByWeight/><Quantity>100.00</Quantity><UnitOfMeasure>גרם     </UnitOfMeasure><QtyInPackage>לא ידוע</QtyInPackage><UnitOfMeasurePrice>0.0690</UnitOfMeasurePrice><AllowDiscount>0</AllowDiscount><ItemStatus>1</ItemStatus><ItemPrice>6.90</ItemPrice></item><item><PriceUpdateDate>2016-05-01 10:28:18</PriceUpdateDate><ItemCode>7290000417677</ItemCode><ItemType>1</ItemType><ItemName>חטיף כיף כף בודד 45</ItemName><ManufacturerName>כיף כף</ManufacturerName><ManufactureCountry>ישראל</ManufactureCountry><ManufacturerItemDescription>חטיף כיף כף45 גר</ManufacturerItemDescription><SoldByWeight/><Quantity>0.00</Quantity><UnitOfMeasure>גרם     </UnitOfMeasure><QtyInPackage>לא ידוע</QtyInPackage><UnitOfMeasurePrice>0.0000</UnitOfMeasurePrice><AllowDiscount>1</AllowDiscount><ItemStatus>1</ItemStatus><ItemPrice>5.00</ItemPrice></item><item><PriceUpdateDate>2016-05-31 06:14:24</PriceUpdateDate><ItemCode>7290000417714</ItemCode><ItemType>1</ItemType><ItemName>בפלות שוקולד 1 ק"ג ע</ItemName><ManufacturerName>עלית</ManufacturerName><ManufactureCountry>ישראל</ManufactureCountry><ManufacturerItemDescription>בפלות שוקולד 1 ק"ג ע</ManufacturerItemDescription><SoldByWeight/><Quantity>1000.00</Quantity><UnitOfMeasure>גרם     </UnitOfMeasure><QtyInPackage>לא ידוע</QtyInPackage><UnitOfMeasurePrice>0.0193</UnitOfMeasurePrice><AllowDiscount>1</AllowDiscount><ItemStatus>1</ItemStatus><ItemPrice>19.30</ItemPrice></item><item><PriceUpdateDate>2016-05-01 06:38:10</PriceUpdateDate><ItemCode>7290000417721</ItemCode><ItemType>1</ItemType><ItemName>בפלות בטעם שוקו 500</ItemName><ManufacturerName>עלית</ManufacturerName><ManufactureCountry>ישראל</ManufactureCountry><ManufacturerItemDescription>וופל שוקולד 500 גר</ManufacturerItemDescription><SoldByWeight/><Quantity>500.00</Quantity><UnitOfMeasure>גרם     </UnitOfMeasure><QtyInPackage>לא ידוע</QtyInPackage><UnitOfMeasurePrice>0.0278</UnitOfMeasurePrice><AllowDiscount>1</AllowDiscount><ItemStatus>1</ItemStatus><ItemPrice>13.90</ItemPrice></item><item><PriceUpdateDate>2016-05-31 06:14:24</PriceUpdateDate><ItemCode>7290000417738</ItemCode><ItemType>1</ItemType><ItemName>אבקת שוקולית 500 גרם</ItemName><ManufacturerName>שוקולית</ManufacturerName><ManufactureCountry>ישראל</ManufactureCountry><ManufacturerItemDescription>שוקולית עלית 500 גרם</ManufacturerItemDescription><SoldByWeight/><Quantity>500.00</Quantity><UnitOfMeasure>גרם     </UnitOfMeasure><QtyInPackage>לא ידוע</QtyInPackage><UnitOfMeasurePrice>0.0270</UnitOfMeasurePrice><AllowDiscount>1</AllowDiscount><ItemStatus>1</ItemStatus><ItemPrice>13.50</ItemPrice></item><item><PriceUpdateDate>2016-03-15 11:31:25</PriceUpdateDate><ItemCode>7290000417776</ItemCode><ItemType>1</ItemType><ItemName>קפה טורקי עלית בשקית</ItemName><ManufacturerName>עלית</ManufacturerName><ManufactureCountry>ישראל</ManufactureCountry><ManufacturerItemDescription>קפה טורקי בצלופן 100 גרם</ManufacturerItemDescription><SoldByWeight/><Quantity>100.00</Quantity><UnitOfMeasure>גרם     </UnitOfMeasure><QtyInPackage>לא ידוע</QtyInPackage><UnitOfMeasurePrice>0.0880</UnitOfMeasurePrice><AllowDiscount>0</AllowDiscount><ItemStatus>1</ItemStatus><ItemPrice>8.80</ItemPrice></item><item><PriceUpdateDate>2016-05-01 10:28:18</PriceUpdateDate><ItemCode>7290000417783</ItemCode><ItemType>1</ItemType><ItemName>קפה טורקי עלית עם הל</ItemName><ManufacturerName>טורקי עלית</ManufacturerName><ManufactureCountry>ישראל</ManufactureCountry><ManufacturerItemDescription>קפה עם הל 100 גר</ManufacturerItemDescription><SoldByWeight/><Quantity>100.00</Quantity><UnitOfMeasure>גרם     </UnitOfMeasure><QtyInPackage>לא ידוע</QtyInPackage><UnitOfMeasurePrice>0.0990</UnitOfMeasurePrice><AllowDiscount>1</AllowDiscount><ItemStatus>1</ItemStatus><ItemPrice>9.90</ItemPrice></item><item><PriceUpdateDate>2016-08-07 20:04:27</PriceUpdateDate><ItemCode>7290000417820</ItemCode><ItemType>1</ItemType><ItemName>קפה מוקה 500  גרם</ItemName><ManufacturerName>מוקה מס.1</ManufacturerName><ManufactureCountry>ישראל</ManufactureCountry><ManufacturerItemDescription>קפה מוקה 500  גרם</ManufacturerItemDescription><SoldByWeight/><Quantity>500.00</Quantity><UnitOfMeasure>גרם     </UnitOfMeasure><QtyInPackage>לא ידוע</QtyInPackage><UnitOfMeasurePrice>0.1198</UnitOfMeasurePrice><AllowDiscount>1</AllowDiscount><ItemStatus>1</ItemStatus><ItemPrice>59.90</ItemPrice></item><item><PriceUpdateDate>2016-08-04 07:14:41</PriceUpdateDate><ItemCode>7290000417837</ItemCode><ItemType>1</ItemType><ItemName>מב קפה האג בואקום 20</ItemName><ManufacturerName>האג</ManufacturerName><ManufactureCountry>ישראל</ManufactureCountry><ManufacturerItemDescription>מב קפה האג בואקום 20</ManufacturerItemDescription><SoldByWeight/><Quantity>200.00</Quantity><UnitOfMeasure>גרם     </UnitOfMeasure><QtyInPackage>לא ידוע</QtyInPackage><UnitOfMeasurePrice>0.1095</UnitOfMeasurePrice><AllowDiscount>1</AllowDiscount><ItemStatus>1</ItemStatus><ItemPrice>21.90</ItemPrice></item><item><PriceUpdateDate>2016-06-01 07:06:55</PriceUpdateDate><ItemCode>7290000417844</ItemCode><ItemType>1</ItemType><ItemName>קפה נמס עלית 50 גרם</ItemName><ManufacturerName>עלית נמס</ManufacturerName><ManufactureCountry>ישראל</ManufactureCountry><ManufacturerItemDescription>קפה נמס עלית 50 גר</ManufacturerItemDescription><SoldByWeight/><Quantity>14.00</Quantity><UnitOfMeasure>גרם     </UnitOfMeasure><QtyInPackage>לא ידוע</QtyInPackage><UnitOfMeasurePrice>0.7071</UnitOfMeasurePrice><AllowDiscount>0</AllowDiscount><ItemStatus>1</ItemStatus><ItemPrice>9.90</ItemPrice></item><item><PriceUpdateDate>2016-03-15 11:31:25</PriceUpdateDate><ItemCode>7290000417851</ItemCode><ItemType>1</ItemType><ItemName>קפה נמס עלית 200 גרם</ItemName><ManufacturerName>עלית נמס</ManufacturerName><ManufactureCountry>ישראל</ManufactureCountry><ManufacturerItemDescription>קפה נמס עלית פחית 200 גר</ManufacturerItemDescription><SoldByWeight/><Quantity>200.00</Quantity><UnitOfMeasure>גרם     </UnitOfMeasure><QtyInPackage>לא ידוע</QtyInPackage><UnitOfMeasurePrice>0.0995</UnitOfMeasurePrice><AllowDiscount>1</AllowDiscount><ItemStatus>1</ItemStatus><ItemPrice>19.90</ItemPrice></item><item><PriceUpdateDate>2016-05-31 06:14:24</PriceUpdateDate><ItemCode>7290000417905</ItemCode><ItemType>1</ItemType><ItemName>קפה טורקי עלית בואקו</ItemName><ManufacturerName>עלית</ManufacturerName><ManufactureCountry>ישראל</ManufactureCountry><ManufacturerItemDescription>קפה טורקי קלוי טחוןבואקום</ManufacturerItemDescription><SoldByWeight/><Quantity>200.00</Quantity><UnitOfMeasure>גרם     </UnitOfMeasure><QtyInPackage>לא ידוע</QtyInPackage><UnitOfMeasurePrice>0.0945</UnitOfMeasurePrice><AllowDiscount>1</AllowDiscount><ItemStatus>1</ItemStatus><ItemPrice>18.90</ItemPrice></item><item><PriceUpdateDate>2015-10-01 00:28:59</PriceUpdateDate><ItemCode>7290000417943</ItemCode><ItemType>1</ItemType><ItemName>חטיף תפוציפס טבעי 50</ItemName><ManufacturerName>תפוצ'יפס</ManufacturerName><ManufactureCountry>ישראל</ManufactureCountry><ManufacturerItemDescription>תפוציפס מלוח 50 גר</ManufacturerItemDescription><SoldByWeight/><Quantity>14.00</Quantity><UnitOfMeasure>גרם     </UnitOfMeasure><QtyInPackage>לא ידוע</QtyInPackage><UnitOfMeasurePrice>0.2786</UnitOfMeasurePrice><AllowDiscount>1</AllowDiscount><ItemStatus>1</ItemStatus><ItemPrice>3.90</ItemPrice></item><item><PriceUpdateDate>2016-06-28 07:02:26</PriceUpdateDate><ItemCode>7290000417967</ItemCode><ItemType>1</ItemType><ItemName>תפוצ'יפס טבעי 200 גר</ItemName><ManufacturerName>תפוצ'יפס</ManufacturerName><ManufactureCountry>ישראל</ManufactureCountry><ManufacturerItemDescription>תפוציפס מלוח 200 גר</ManufacturerItemDescription><SoldByWeight/><Quantity>200.00</Quantity><UnitOfMeasure>גרם     </UnitOfMeasure><QtyInPackage>לא ידוע</QtyInPackage><UnitOfMeasurePrice>0.0610</UnitOfMeasurePrice><AllowDiscount>1</AllowDiscount><ItemStatus>1</ItemStatus><ItemPrice>12.20</ItemPrice></item><item><PriceUpdateDate>2016-05-01 10:28:18</PriceUpdateDate><ItemCode>7290000417998</ItemCode><ItemType>1</ItemType><ItemName>ביסקוויט עד חצות חלב</ItemName><ManufacturerName>פרה</ManufacturerName><ManufactureCountry>ישראל</ManufactureCountry><ManufacturerItemDescription>ביסקוויט חלב 200 גר</ManufacturerItemDescription><SoldByWeight/><Quantity>200.00</Quantity><UnitOfMeasure>גרם     </UnitOfMeasure><QtyInPackage>לא ידוע</QtyInPackage><UnitOfMeasurePrice>0.0745</UnitOfMeasurePrice><AllowDiscount>1</AllowDiscount><ItemStatus>1</ItemStatus><ItemPrice>14.90</ItemPrice></item><item><PriceUpdateDate>2016-05-31 06:14:24</PriceUpdateDate><ItemCode>7290000418087</ItemCode><ItemType>1</ItemType><ItemName>נ.טואלט לילי קלאסיק</ItemName><ManufacturerName>לילי</ManufacturerName><ManufactureCountry>ישראל</ManufactureCountry><ManufacturerItemDescription>נייר טואלט לילי לבן 32 יח</ManufacturerItemDescription><SoldByWeight/><Quantity>589.00</Quantity><UnitOfMeasure>מטר</UnitOfMeasure><QtyInPackage>לא ידוע</QtyInPackage><UnitOfMeasurePrice>0.0657</UnitOfMeasurePrice><AllowDiscount>1</AllowDiscount><ItemStatus>1</ItemStatus><ItemPrice>38.70</ItemPrice></item><item><PriceUpdateDate>2016-08-02 09:29:07</PriceUpdateDate><ItemCode>7290000418094</ItemCode><ItemType>1</ItemType><ItemName>נייר טואלט לילי פסטל</ItemName><ManufacturerName>לילי</ManufacturerName><ManufactureCountry>ישראל</ManufactureCountry><ManufacturerItemDescription>נייר טואלט לילי פסטל</ManufacturerItemDescription><SoldByWeight/><Quantity>589.00</Quantity><UnitOfMeasure>מטר</UnitOfMeasure><QtyInPackage>לא ידוע</QtyInPackage><UnitOfMeasurePrice>0.0691</UnitOfMeasurePrice><AllowDiscount>1</AllowDiscount><ItemStatus>1</ItemStatus><ItemPrice>40.70</ItemPrice></item><item><PriceUpdateDate>2016-05-01 06:09:49</PriceUpdateDate><ItemCode>7290000418230</ItemCode><ItemType>1</ItemType><ItemName>ניקול סופר מטלית</ItemName><ManufacturerName>ניקול</ManufacturerName><ManufactureCountry>ישראל</ManufactureCountry><ManufacturerItemDescription>מגבת ניקול סופר מטלית</ManufacturerItemDescription><SoldByWeight/><Quantity>1.00</Quantity><UnitOfMeasure>יח'</UnitOfMeasure><QtyInPackage>לא ידוע</QtyInPackage><UnitOfMeasurePrice>19.9000</UnitOfMeasurePrice><AllowDiscount>1</AllowDiscount><ItemStatus>1</ItemStatus><ItemPrice>19.90</ItemPrice></item><item><PriceUpdateDate>2016-08-02 09:29:07</PriceUpdateDate><ItemCode>7290000418247</ItemCode><ItemType>1</ItemType><ItemName>מב מטלית הקסם לשיש נ</ItemName><ManufacturerName>ניקול</ManufacturerName><ManufactureCountry>סין</ManufactureCountry><ManufacturerItemDescription>דאודורנט        ורט50גרם</ManufacturerItemDescription><SoldByWeight/><Quantity>1.00</Quantity><UnitOfMeasure>יח'</UnitOfMeasure><QtyInPackage>לא ידוע</QtyInPackage><UnitOfMeasurePrice>5.0000</UnitOfMeasurePrice><AllowDiscount>1</AllowDiscount><ItemStatus>1</ItemStatus><ItemPrice>5.00</ItemPrice></item><item><PriceUpdateDate>2016-06-28 07:02:27</PriceUpdateDate><ItemCode>7290000418254</ItemCode><ItemType>1</ItemType><ItemName>מב מטלית הקסם לרצפה</ItemName><ManufacturerName>ניקול</ManufacturerName><ManufactureCountry>ישראל</ManufactureCountry><ManufacturerItemDescription>מטלית הקסם ניקול לרצפה</ManufacturerItemDescription><SoldByWeight/><Quantity>1.00</Quantity><UnitOfMeasure>יח'</UnitOfMeasure><QtyInPackage>לא ידוע</QtyInPackage><UnitOfMeasurePrice>9.9000</UnitOfMeasurePrice><AllowDiscount>1</AllowDiscount><ItemStatus>1</ItemStatus><ItemPrice>9.90</ItemPrice></item><item><PriceUpdateDate>2015-10-19 10:39:50</PriceUpdateDate><ItemCode>7290000418339</ItemCode><ItemType>1</ItemType><ItemName>תבניות אפייה חד פעמי</ItemName><ManufacturerName>ניקול</ManufacturerName><ManufactureCountry>ישראל</ManufactureCountry><ManufacturerItemDescription>תבניות אפייה חד פעמי</ManufacturerItemDescription><SoldByWeight/><Quantity>3.00</Quantity><UnitOfMeasure>בודד</UnitOfMeasure><QtyInPackage>לא ידוע</QtyInPackage><UnitOfMeasurePrice>4.1333</UnitOfMeasurePrice><AllowDiscount>1</AllowDiscount><ItemStatus>1</ItemStatus><ItemPrice>12.40</ItemPrice></item><item><PriceUpdateDate>2015-10-19 10:39:50</PriceUpdateDate><ItemCode>7290000418346</ItemCode><ItemType>1</ItemType><ItemName>תבניות אפייה חד פעמי</ItemName><ManufacturerName>ניקול</ManufacturerName><ManufactureCountry>ישראל</ManufactureCountry><ManufacturerItemDescription>תבנית אפייה קרטון אינגליש</ManufacturerItemDescription><SoldByWeight/><Quantity>5.00</Quantity><UnitOfMeasure>בודד</UnitOfMeasure><QtyInPackage>לא ידוע</QtyInPackage><UnitOfMeasurePrice>2.4800</UnitOfMeasurePrice><AllowDiscount>1</AllowDiscount><ItemStatus>1</ItemStatus><ItemPrice>12.40</ItemPrice></item><item><PriceUpdateDate>2016-08-02 09:29:08</PriceUpdateDate><ItemCode>7290000418407</ItemCode><ItemType>1</ItemType><ItemName>מב מטליות לחות חד"פ</ItemName><ManufacturerName>ניקול</ManufacturerName><ManufactureCountry>ישראל</ManufactureCountry><ManufacturerItemDescription>מגבוני ניקול לניקוי כללי5</ManufacturerItemDescription><SoldByWeight/><Quantity>50.00</Quantity><UnitOfMeasure>יח'</UnitOfMeasure><QtyInPackage>לא ידוע</QtyInPackage><UnitOfMeasurePrice>0.2180</UnitOfMeasurePrice><AllowDiscount>1</AllowDiscount><ItemStatus>1</ItemStatus><ItemPrice>10.90</ItemPrice></item><item><PriceUpdateDate>2016-05-31 06:14:24</PriceUpdateDate><ItemCode>7290000418469</ItemCode><ItemType>1</ItemType><ItemName>אשפתון 60 שקיות ניקו</ItemName><ManufacturerName>ניקול</ManufacturerName><ManufactureCountry>ישראל</ManufactureCountry><ManufacturerItemDescription>ש.אשפה מתכלות 60 יח</ManufacturerItemDescription><SoldByWeight/><Quantity>60.00</Quantity><UnitOfMeasure>חב'</UnitOfMeasure><QtyInPackage>לא ידוע</QtyInPackage><UnitOfMeasurePrice>0.3650</UnitOfMeasurePrice><AllowDiscount>1</AllowDiscount><ItemStatus>1</ItemStatus><ItemPrice>21.90</ItemPrice></item><item><PriceUpdateDate>2016-05-31 06:14:24</PriceUpdateDate><ItemCode>7290000418643</ItemCode><ItemType>1</ItemType><ItemName>נייר טישו לילי צבעונ</ItemName><ManufacturerName>לילי</ManufacturerName><ManufactureCountry>ישראל</ManufactureCountry><ManufacturerItemDescription>נייר טישו לילי צבעונ</ManufacturerItemDescription><SoldByWeight/><Quantity>5.00</Quantity><UnitOfMeasure>חב'</UnitOfMeasure><QtyInPackage>לא ידוע</QtyInPackage><UnitOfMeasurePrice>2.5000</UnitOfMeasurePrice><AllowDiscount>1</AllowDiscount><ItemStatus>1</ItemStatus><ItemPrice>12.50</ItemPrice></item><item><PriceUpdateDate>2016-01-05 06:58:03</PriceUpdateDate><ItemCode>7290000418834</ItemCode><ItemType>1</ItemType><ItemName>תחבושות לילי סופר +</ItemName><ManufacturerName>לילי</ManufacturerName><ManufactureCountry>ישראל</ManufactureCountry><ManufacturerItemDescription>תחבושות לילי סופר +</ManufacturerItemDescription><SoldByWeight/><Quantity>24.00</Quantity><UnitOfMeasure>בודד</UnitOfMeasure><QtyInPackage>לא ידוע</QtyInPackage><UnitOfMeasurePrice>0.8208</UnitOfMeasurePrice><AllowDiscount>1</AllowDiscount><ItemStatus>1</ItemStatus><ItemPrice>19.70</ItemPrice></item><item><PriceUpdateDate>2016-08-02 09:29:08</PriceUpdateDate><ItemCode>7290000419312</ItemCode><ItemType>1</ItemType><ItemName>מב אשפתון ניקול 50 י</ItemName><ManufacturerName>ניקול</ManufacturerName><ManufactureCountry>ישראל</ManufactureCountry><ManufacturerItemDescription>אשפתון ענק 50 75*90 יחידו</ManufacturerItemDescription><SoldByWeight/><Quantity>50.00</Quantity><UnitOfMeasure>בודד</UnitOfMeasure><QtyInPackage>לא ידוע</QtyInPackage><UnitOfMeasurePrice>0.4380</UnitOfMeasurePrice><AllowDiscount>1</AllowDiscount><ItemStatus>1</ItemStatus><ItemPrice>21.90</ItemPrice></item><item><PriceUpdateDate>2016-08-02 09:29:08</PriceUpdateDate><ItemCode>7290000419350</ItemCode><ItemType>1</ItemType><ItemName>מב זוג ניילון נצמד נ</ItemName><ManufacturerName>ניקול</ManufacturerName><ManufactureCountry>ישראל</ManufactureCountry><ManufacturerItemDescription>ניילונית ניקול זוג</ManufacturerItemDescription><SoldByWeight/><Quantity>60.00</Quantity><UnitOfMeasure>מטר</UnitOfMeasure><QtyInPackage>לא ידוע</QtyInPackage><UnitOfMeasurePrice>0.1817</UnitOfMeasurePrice><AllowDiscount>1</AllowDiscount><ItemStatus>1</ItemStatus><ItemPrice>10.90</ItemPrice></item><item><PriceUpdateDate>2016-06-28 07:02:27</PriceUpdateDate><ItemCode>7290000419381</ItemCode><ItemType>1</ItemType><ItemName>מב תבניות אפייה חד פ</ItemName><ManufacturerName>ניקול</ManufacturerName><ManufactureCountry>ישראל</ManufactureCountry><ManufacturerItemDescription>תבנית אלומיניום קטן 4 יח</ManufacturerItemDescription><SoldByWeight/><Quantity>4.00</Quantity><UnitOfMeasure>יח'</UnitOfMeasure><QtyInPackage>לא ידוע</QtyInPackage><UnitOfMeasurePrice>1.9750</UnitOfMeasurePrice><AllowDiscount>1</AllowDiscount><ItemStatus>1</ItemStatus><ItemPrice>7.90</ItemPrice></item><item><PriceUpdateDate>2016-06-28 07:02:27</PriceUpdateDate><ItemCode>7290000419398</ItemCode><ItemType>1</ItemType><ItemName>מב תבניות אפייה חד פ</ItemName><ManufacturerName>ניקול</ManufacturerName><ManufactureCountry>ישראל</ManufactureCountry><ManufacturerItemDescription>תבנית אלומיניום גדול 4 יח</ManufacturerItemDescription><SoldByWeight/><Quantity>0.00</Quantity><UnitOfMeasure>יח'</UnitOfMeasure><QtyInPackage>לא ידוע</QtyInPackage><UnitOfMeasurePrice>0.0000</UnitOfMeasurePrice><AllowDiscount>1</AllowDiscount><ItemStatus>1</ItemStatus><ItemPrice>7.90</ItemPrice></item><item><PriceUpdateDate>2016-06-28 07:02:27</PriceUpdateDate><ItemCode>7290000419404</ItemCode><ItemType>1</ItemType><ItemName>מב תבנית אפיה חד פעמ</ItemName><ManufacturerName>ניקול</ManufacturerName><ManufactureCountry>ישראל</ManufactureCountry><ManufacturerItemDescription>תבנית אלומיניום ענק 2 יח</ManufacturerItemDescription><SoldByWeight/><Quantity>1.00</Quantity><UnitOfMeasure>יח'</UnitOfMeasure><QtyInPackage>לא ידוע</QtyInPackage><UnitOfMeasurePrice>7.9000</UnitOfMeasurePrice><AllowDiscount>1</AllowDiscount><ItemStatus>1</ItemStatus><ItemPrice>7.90</ItemPrice></item><item><PriceUpdateDate>2016-06-28 07:02:27</PriceUpdateDate><ItemCode>7290000419442</ItemCode><ItemType>1</ItemType><ItemName>מב תחבושות קוטקס לנע</ItemName><ManufacturerName>קוטקס</ManufacturerName><ManufactureCountry>ישראל</ManufactureCountry><ManufacturerItemDescription>קוטקס תחבושות לנערות 28</ManufacturerItemDescription><SoldByWeight/><Quantity>28.00</Quantity><UnitOfMeasure>בודד</UnitOfMeasure><QtyInPackage>לא ידוע</QtyInPackage><UnitOfMeasurePrice>0.6393</UnitOfMeasurePrice><AllowDiscount>1</AllowDiscount><ItemStatus>1</ItemStatus><ItemPrice>17.90</ItemPrice></item><item><PriceUpdateDate>2016-05-01 06:38:11</PriceUpdateDate><ItemCode>7290000419558</ItemCode><ItemType>1</ItemType><ItemName>מטליות רב שימושי ניק</ItemName><ManufacturerName>ניקול</ManufacturerName><ManufactureCountry>ישראל</ManufactureCountry><ManufacturerItemDescription>מטלית ניקול</ManufacturerItemDescription><SoldByWeight/><Quantity>1.00</Quantity><UnitOfMeasure>יח'</UnitOfMeasure><QtyInPackage>לא ידוע</QtyInPackage><UnitOfMeasurePrice>10.9000</UnitOfMeasurePrice><AllowDiscount>1</AllowDiscount><ItemStatus>1</ItemStatus><ItemPrice>10.90</ItemPrice></item><item><PriceUpdateDate>2016-08-02 09:29:08</PriceUpdateDate><ItemCode>7290000419572</ItemCode><ItemType>1</ItemType><ItemName>מב מטליות רב שימושיו</ItemName><ManufacturerName>ניקול</ManufacturerName><ManufactureCountry>ישראל</ManufactureCountry><ManufacturerItemDescription>מב מטליות רב שימושיו</ManufacturerItemDescription><SoldByWeight/><Quantity>40.00</Quantity><UnitOfMeasure>חב'</UnitOfMeasure><QtyInPackage>לא ידוע</QtyInPackage><UnitOfMeasurePrice>0.4225</UnitOfMeasurePrice><AllowDiscount>1</AllowDiscount><ItemStatus>1</ItemStatus><ItemPrice>16.90</ItemPrice></item><item><PriceUpdateDate>2016-08-02 09:29:08</PriceUpdateDate><ItemCode>7290000419633</ItemCode><ItemType>1</ItemType><ItemName>מלווח מעדנות 700 גרם</ItemName><ManufacturerName>מעדנות</ManufacturerName><ManufactureCountry>ישראל</ManufactureCountry><ManufacturerItemDescription>מלווח 700 גר</ManufacturerItemDescription><SoldByWeight/><Quantity>700.00</Quantity><UnitOfMeasure>גרם     </UnitOfMeasure><QtyInPackage>לא ידוע</QtyInPackage><UnitOfMeasurePrice>0.0270</UnitOfMeasurePrice><AllowDiscount>1</AllowDiscount><ItemStatus>1</ItemStatus><ItemPrice>18.90</ItemPrice></item><item><PriceUpdateDate>2016-02-08 14:14:14</PriceUpdateDate><ItemCode>7290000420004</ItemCode><ItemType>1</ItemType><ItemName>אבקת כביסה סוד שושן</ItemName><ManufacturerName>סוד</ManufacturerName><ManufactureCountry>ישראל</ManufactureCountry><ManufacturerItemDescription>אבקת כביסה סוד שושן</ManufacturerItemDescription><SoldByWeight/><Quantity>1250.00</Quantity><UnitOfMeasure>גרם     </UnitOfMeasure><QtyInPackage>לא ידוע</QtyInPackage><UnitOfMeasurePrice>0.0119</UnitOfMeasurePrice><AllowDiscount>1</AllowDiscount><ItemStatus>1</ItemStatus><ItemPrice>14.90</ItemPrice></item><item><PriceUpdateDate>2016-02-08 14:14:14</PriceUpdateDate><ItemCode>7290000420028</ItemCode><ItemType>1</ItemType><ItemName>אבקת כביסה סוד קולור</ItemName><ManufacturerName>סוד</ManufacturerName><ManufactureCountry>ישראל</ManufactureCountry><ManufacturerItemDescription>אבקת כביסה סוד קולור</ManufacturerItemDescription><SoldByWeight/><Quantity>1250.00</Quantity><UnitOfMeasure>גרם     </UnitOfMeasure><QtyInPackage>לא ידוע</QtyInPackage><UnitOfMeasurePrice>0.0119</UnitOfMeasurePrice><AllowDiscount>1</AllowDiscount><ItemStatus>1</ItemStatus><ItemPrice>14.90</ItemPrice></item><item><PriceUpdateDate>2016-08-02 09:29:08</PriceUpdateDate><ItemCode>7290000420172</ItemCode><ItemType>1</ItemType><ItemName>נייר טואלט מולט 32 ג</ItemName><ManufacturerName>מולט</ManufacturerName><ManufactureCountry>ישראל</ManufactureCountry><ManufacturerItemDescription>נ.ט.מולט לבבות 32 יחידות</ManufacturerItemDescription><SoldByWeight/><Quantity>0.00</Quantity><UnitOfMeasure>יח'</UnitOfMeasure><QtyInPackage>לא ידוע</QtyInPackage><UnitOfMeasurePrice>0.0000</UnitOfMeasurePrice><AllowDiscount>1</AllowDiscount><ItemStatus>1</ItemStatus><ItemPrice>32.00</ItemPrice></item><item><PriceUpdateDate>2016-05-31 06:15:50</PriceUpdateDate><ItemCode>7290000420417</ItemCode><ItemType>1</ItemType><ItemName>גלילונית 52*65 60 יח</ItemName><ManufacturerName>גלילונית</ManufacturerName><ManufactureCountry>ישראל</ManufactureCountry><ManufacturerItemDescription>גלילונית 52*65 60 יח</ManufacturerItemDescription><SoldByWeight/><Quantity>60.00</Quantity><UnitOfMeasure>בודד</UnitOfMeasure><QtyInPackage>לא ידוע</QtyInPackage><UnitOfMeasurePrice>0.3283</UnitOfMeasurePrice><AllowDiscount>1</AllowDiscount><ItemStatus>1</ItemStatus><ItemPrice>19.70</ItemPrice></item><item><PriceUpdateDate>2016-03-15 11:31:25</PriceUpdateDate><ItemCode>7290000420561</ItemCode><ItemType>1</ItemType><ItemName>חומץ עסיס 1 ליטר</ItemName><ManufacturerName>עסיס</ManufacturerName><ManufactureCountry>ישראל</ManufactureCountry><ManufacturerItemDescription>חומץ עסיס 1 ליטר</ManufacturerItemDescription><SoldByWeight/><Quantity>1000.00</Quantity><UnitOfMeasure>מ"ל</UnitOfMeasure><QtyInPackage>לא ידוע</QtyInPackage><UnitOfMeasurePrice>0.0069</UnitOfMeasurePrice><AllowDiscount>1</AllowDiscount><ItemStatus>1</ItemStatus><ItemPrice>6.90</ItemPrice></item><item><PriceUpdateDate>2015-10-01 00:28:59</PriceUpdateDate><ItemCode>7290000420578</ItemCode><ItemType>1</ItemType><ItemName>קוקה קולה 1.5 ליטר</ItemName><ManufacturerName>קוקה קולה</ManufacturerName><ManufactureCountry>ישראל</ManufactureCountry><ManufacturerItemDescription>קוקה קולה 1.5 ליטר</ManufacturerItemDescription><SoldByWeight/><Quantity>1500.00</Quantity><UnitOfMeasure>מ"ל</UnitOfMeasure><QtyInPackage>לא ידוע</QtyInPackage><UnitOfMeasurePrice>0.0043</UnitOfMeasurePrice><AllowDiscount>1</AllowDiscount><ItemStatus>1</ItemStatus><ItemPrice>6.40</ItemPrice></item><item><PriceUpdateDate>2016-05-31 06:14:25</PriceUpdateDate><ItemCode>7290000420608</ItemCode><ItemType>1</ItemType><ItemName>קוקה קולה דיאט 1.5 ל</ItemName><ManufacturerName>דיאט קוקה קולה</ManufacturerName><ManufactureCountry>ישראל</ManufactureCountry><ManufacturerItemDescription>קולה דיאט 1.5 ל</ManufacturerItemDescription><SoldByWeight/><Quantity>1500.00</Quantity><UnitOfMeasure>מ"ל</UnitOfMeasure><QtyInPackage>לא ידוע</QtyInPackage><UnitOfMeasurePrice>0.0043</UnitOfMeasurePrice><AllowDiscount>1</AllowDiscount><ItemStatus>1</ItemStatus><ItemPrice>6.40</ItemPrice></item><item><PriceUpdateDate>2016-03-15 11:31:25</PriceUpdateDate><ItemCode>7290000420622</ItemCode><ItemType>1</ItemType><ItemName>קוקה קולה נטול קופאי</ItemName><ManufacturerName>דיאט קולה נטול קופאי</ManufacturerName><ManufactureCountry>ישראל</ManufactureCountry><ManufacturerItemDescription>קולה דיאט נטול קפאין 1.5</ManufacturerItemDescription><SoldByWeight/><Quantity>1500.00</Quantity><UnitOfMeasure>מ"ל</UnitOfMeasure><QtyInPackage>לא ידוע</QtyInPackage><UnitOfMeasurePrice>0.0046</UnitOfMeasurePrice><AllowDiscount>1</AllowDiscount><ItemStatus>1</ItemStatus><ItemPrice>6.90</ItemPrice></item><item><PriceUpdateDate>2016-05-01 10:28:19</PriceUpdateDate><ItemCode>7290000420707</ItemCode><ItemType>1</ItemType><ItemName>שניצל ברוקולי 750 גר</ItemName><ManufacturerName>טבעול</ManufacturerName><ManufactureCountry>ישראל</ManufactureCountry><ManufacturerItemDescription>שניצל ברוקולי 750 ג</ManufacturerItemDescription><SoldByWeight/><Quantity>750.00</Quantity><UnitOfMeasure>גרם     </UnitOfMeasure><QtyInPackage>לא ידוע</QtyInPackage><UnitOfMeasurePrice>0.0481</UnitOfMeasurePrice><AllowDiscount>1</AllowDiscount><ItemStatus>1</ItemStatus><ItemPrice>36.10</ItemPrice></item><item><PriceUpdateDate>2016-05-01 10:28:19</PriceUpdateDate><ItemCode>7290000420721</ItemCode><ItemType>1</ItemType><ItemName>שניצל תירס 750 גרם</ItemName><ManufacturerName>טבעול</ManufacturerName><ManufactureCountry>ישראל</ManufactureCountry><ManufacturerItemDescription>שניצל תירס 750 גרם טבעול</ManufacturerItemDescription><SoldByWeight/><Quantity>750.00</Quantity><UnitOfMeasure>גרם     </UnitOfMeasure><QtyInPackage>לא ידוע</QtyInPackage><UnitOfMeasurePrice>0.0372</UnitOfMeasurePrice><AllowDiscount>1</AllowDiscount><ItemStatus>1</ItemStatus><ItemPrice>27.90</ItemPrice></item><item><PriceUpdateDate>2016-05-01 10:28:19</PriceUpdateDate><ItemCode>7290000420738</ItemCode><ItemType>1</ItemType><ItemName>שניצל תרד 750 גרם</ItemName><ManufacturerName>טבעול</ManufacturerName><ManufactureCountry>ישראל</ManufactureCountry><ManufacturerItemDescription>שניצל תרד 750 ג</ManufacturerItemDescription><SoldByWeight/><Quantity>750.00</Quantity><UnitOfMeasure>גרם     </UnitOfMeasure><QtyInPackage>לא ידוע</QtyInPackage><UnitOfMeasurePrice>0.0465</UnitOfMeasurePrice><AllowDiscount>1</AllowDiscount><ItemStatus>1</ItemStatus><ItemPrice>34.90</ItemPrice></item><item><PriceUpdateDate>2016-05-01 10:28:19</PriceUpdateDate><ItemCode>7290000420783</ItemCode><ItemType>1</ItemType><ItemName>חטיפי תירס 600 גרם</ItemName><ManufacturerName>טבעול</ManufacturerName><ManufactureCountry>ישראל</ManufactureCountry><ManufacturerItemDescription>חטיפי תירס 600 גר</ManufacturerItemDescription><SoldByWeight/><Quantity>600.00</Quantity><UnitOfMeasure>גרם     </UnitOfMeasure><QtyInPackage>לא ידוע</QtyInPackage><UnitOfMeasurePrice>0.0490</UnitOfMeasurePrice><AllowDiscount>1</AllowDiscount><ItemStatus>1</ItemStatus><ItemPrice>29.40</ItemPrice></item><item><PriceUpdateDate>2016-08-07 20:02:43</PriceUpdateDate><ItemCode>7290000420967</ItemCode><ItemType>1</ItemType><ItemName>עוגיות זהבה שוקו 250</ItemName><ManufacturerName>אסם</ManufacturerName><ManufactureCountry>ישראל</ManufactureCountry><ManufacturerItemDescription>ביסקוויט זהבה ושלשת הדובי</ManufacturerItemDescription><SoldByWeight/><Quantity>250.00</Quantity><UnitOfMeasure>גרם     </UnitOfMeasure><QtyInPackage>לא ידוע</QtyInPackage><UnitOfMeasurePrice>0.0376</UnitOfMeasurePrice><AllowDiscount>1</AllowDiscount><ItemStatus>1</ItemStatus><ItemPrice>9.40</ItemPrice></item><item><PriceUpdateDate>2016-05-31 06:14:25</PriceUpdateDate><ItemCode>7290000421131</ItemCode><ItemType>1</ItemType><ItemName>ברנפלקס ללא סוכר 500</ItemName><ManufacturerName>ברנפלקס - תלמה</ManufacturerName><ManufactureCountry>ישראל</ManufactureCountry><ManufacturerItemDescription>ברנפלקס ללא סוכר בדצ 500</ManufacturerItemDescription><SoldByWeight/><Quantity>500.00</Quantity><UnitOfMeasure>גרם     </UnitOfMeasure><QtyInPackage>לא ידוע</QtyInPackage><UnitOfMeasurePrice>0.0398</UnitOfMeasurePrice><AllowDiscount>1</AllowDiscount><ItemStatus>1</ItemStatus><ItemPrice>19.90</ItemPrice></item><item><PriceUpdateDate>2016-08-02 09:29:08</PriceUpdateDate><ItemCode>7290000421186</ItemCode><ItemType>1</ItemType><ItemName>מב סודה טמפו 1.5 ליט</ItemName><ManufacturerName>טמפו</ManufacturerName><ManufactureCountry>ישראל</ManufactureCountry><ManufacturerItemDescription>סודה 1.5 ל</ManufacturerItemDescription><SoldByWeight/><Quantity>1500.00</Quantity><UnitOfMeasure>מ"ל</UnitOfMeasure><QtyInPackage>לא ידוע</QtyInPackage><UnitOfMeasurePrice>0.0019</UnitOfMeasurePrice><AllowDiscount>1</AllowDiscount><ItemStatus>1</ItemStatus><ItemPrice>2.90</ItemPrice></item><item><PriceUpdateDate>2016-05-31 06:14:25</PriceUpdateDate><ItemCode>7290000421230</ItemCode><ItemType>1</ItemType><ItemName>תפוגן מובחר 700 גרם</ItemName><ManufacturerName>תפוגן</ManufacturerName><ManufactureCountry>ישראל</ManufactureCountry><ManufacturerItemDescription>תפוגן מובחר 700 גרם</ManufacturerItemDescription><SoldByWeight/><Quantity>700.00</Quantity><UnitOfMeasure>גרם     </UnitOfMeasure><QtyInPackage>לא ידוע</QtyInPackage><UnitOfMeasurePrice>0.0199</UnitOfMeasurePrice><AllowDiscount>0</AllowDiscount><ItemStatus>1</ItemStatus><ItemPrice>13.90</ItemPrice></item><item><PriceUpdateDate>2016-05-31 06:14:25</PriceUpdateDate><ItemCode>7290000421469</ItemCode><ItemType>1</ItemType><ItemName>מרכך כביסה בדין צהוב</ItemName><ManufacturerName>בדין</ManufacturerName><ManufactureCountry>ישראל</ManufactureCountry><ManufacturerItemDescription>מרכך כביסה בדין צהוב</ManufacturerItemDescription><SoldByWeight/><Quantity>4000.00</Quantity><UnitOfMeasure>מ"ל</UnitOfMeasure><QtyInPackage>לא ידוע</QtyInPackage><UnitOfMeasurePrice>0.0050</UnitOfMeasurePrice><AllowDiscount>1</AllowDiscount><ItemStatus>1</ItemStatus><ItemPrice>19.90</ItemPrice></item><item><PriceUpdateDate>2016-08-02 09:29:08</PriceUpdateDate><ItemCode>7290000421674</ItemCode><ItemType>1</ItemType><ItemName>מב סלסולי פסטרמה הוד</ItemName><ManufacturerName>טירת צבי</ManufacturerName><ManufactureCountry>ישראל</ManufactureCountry><ManufacturerItemDescription>סלסולי פסטרמה הודו 120 גר</ManufacturerItemDescription><SoldByWeight/><Quantity>120.00</Quantity><UnitOfMeasure>גרם     </UnitOfMeasure><QtyInPackage>לא ידוע</QtyInPackage><UnitOfMeasurePrice>0.1075</UnitOfMeasurePrice><AllowDiscount>1</AllowDiscount><ItemStatus>1</ItemStatus><ItemPrice>12.90</ItemPrice></item><item><PriceUpdateDate>2015-11-10 07:30:39</PriceUpdateDate><ItemCode>7290000421711</ItemCode><ItemType>1</ItemType><ItemName>נקניקיות אמריקאיות 5</ItemName><ManufacturerName>טירת צבי</ManufacturerName><ManufactureCountry>ישראל</ManufactureCountry><ManufacturerItemDescription>נקניקיות אמריקאיות 500 גר</ManufacturerItemDescription><SoldByWeight/><Quantity>500.00</Quantity><UnitOfMeasure>גרם     </UnitOfMeasure><QtyInPackage>לא ידוע</QtyInPackage><UnitOfMeasurePrice>0.0600</UnitOfMeasurePrice><AllowDiscount>1</AllowDiscount><ItemStatus>1</ItemStatus><ItemPrice>30.00</ItemPrice></item><item><PriceUpdateDate>2015-11-10 07:30:39</PriceUpdateDate><ItemCode>7290000421728</ItemCode><ItemType>1</ItemType><ItemName>נקניק עגל 500 גרם</ItemName><ManufacturerName>טירת צבי</ManufacturerName><ManufactureCountry>ישראל</ManufactureCountry><ManufacturerItemDescription>נקניק עגל 500 גרם</ManufacturerItemDescription><SoldByWeight/><Quantity>500.00</Quantity><UnitOfMeasure>גרם     </UnitOfMeasure><QtyInPackage>לא ידוע</QtyInPackage><UnitOfMeasurePrice>0.0580</UnitOfMeasurePrice><AllowDiscount>1</AllowDiscount><ItemStatus>1</ItemStatus><ItemPrice>29.00</ItemPrice></item><item><PriceUpdateDate>2016-08-02 09:29:08</PriceUpdateDate><ItemCode>7290000421742</ItemCode><ItemType>1</ItemType><ItemName>מב נקניקיות עוף טרי</ItemName><ManufacturerName>טירת צבי</ManufacturerName><ManufactureCountry>ישראל</ManufactureCountry><ManufacturerItemDescription>נקניקיות עוף 400 ג</ManufacturerItemDescription><SoldByWeight/><Quantity>400.00</Quantity><UnitOfMeasure>גרם     </UnitOfMeasure><QtyInPackage>לא ידוע</QtyInPackage><UnitOfMeasurePrice>0.0273</UnitOfMeasurePrice><AllowDiscount>0</AllowDiscount><ItemStatus>1</ItemStatus><ItemPrice>10.90</ItemPrice></item><item><PriceUpdateDate>2016-08-02 09:29:08</PriceUpdateDate><ItemCode>7290000421988</ItemCode><ItemType>1</ItemType><ItemName>מב נקניק צמד כפרי 80</ItemName><ManufacturerName>טירת צבי</ManufacturerName><ManufactureCountry>ישראל</ManufactureCountry><ManufacturerItemDescription>צמד כפרי 800 גר</ManufacturerItemDescription><SoldByWeight/><Quantity>800.00</Quantity><UnitOfMeasure>גרם     </UnitOfMeasure><QtyInPackage>לא ידוע</QtyInPackage><UnitOfMeasurePrice>0.0374</UnitOfMeasurePrice><AllowDiscount>1</AllowDiscount><ItemStatus>1</ItemStatus><ItemPrice>29.90</ItemPrice></item><item><PriceUpdateDate>2015-11-10 07:30:39</PriceUpdateDate><ItemCode>7290000422008</ItemCode><ItemType>1</ItemType><ItemName>גת בוטן מטוגן שקית 2</ItemName><ManufacturerName>ליימן חטיבת המותגים</ManufacturerName><ManufactureCountry>ישראל</ManufactureCountry><ManufacturerItemDescription>בוטן מטוגן 200 גרם</ManufacturerItemDescription><SoldByWeight/><Quantity>200.00</Quantity><UnitOfMeasure>גרם     </UnitOfMeasure><QtyInPackage>לא ידוע</QtyInPackage><UnitOfMeasurePrice>0.0430</UnitOfMeasurePrice><AllowDiscount>1</AllowDiscount><ItemStatus>1</ItemStatus><ItemPrice>8.60</ItemPrice></item><item><PriceUpdateDate>2016-08-02 09:29:09</PriceUpdateDate><ItemCode>7290000422039</ItemCode><ItemType>1</ItemType><ItemName>גת גרעיני אבטיח 200</ItemName><ManufacturerName>ליימן חטיבת המותגים</ManufacturerName><ManufactureCountry>ישראל</ManufactureCountry><ManufacturerItemDescription>גרעין אבטיח 200 גרם</ManufacturerItemDescription><SoldByWeight/><Quantity>200.00</Quantity><UnitOfMeasure>גרם     </UnitOfMeasure><QtyInPackage>לא ידוע</QtyInPackage><UnitOfMeasurePrice>0.0775</UnitOfMeasurePrice><AllowDiscount>1</AllowDiscount><ItemStatus>1</ItemStatus><ItemPrice>15.50</ItemPrice></item><item><PriceUpdateDate>2015-10-11 06:43:20</PriceUpdateDate><ItemCode>7290000422091</ItemCode><ItemType>1</ItemType><ItemName>דנונה טבעי 3% 200 גר</ItemName><ManufacturerName>דנונה</ManufacturerName><ManufactureCountry>ישראל</ManufactureCountry><ManufacturerItemDescription>דנונה 200 3%- גרם</ManufacturerItemDescription><SoldByWeight/><Quantity>200.00</Quantity><UnitOfMeasure>גרם     </UnitOfMeasure><QtyInPackage>לא ידוע</QtyInPackage><UnitOfMeasurePrice>0.0200</UnitOfMeasurePrice><AllowDiscount>1</AllowDiscount><ItemStatus>1</ItemStatus><ItemPrice>4.00</ItemPrice></item><item><PriceUpdateDate>2016-03-15 11:31:25</PriceUpdateDate><ItemCode>7290000422107</ItemCode><ItemType>1</ItemType><ItemName>דנונה בר עם פצפוצי ש</ItemName><ManufacturerName>דנונה</ManufacturerName><ManufactureCountry>ישראל</ManufactureCountry><ManufacturerItemDescription>דנונה+דגנים שוקולד200 1/2</ManufacturerItemDescription><SoldByWeight/><Quantity>173.00</Quantity><UnitOfMeasure>גרם     </UnitOfMeasure><QtyInPackage>לא ידוע</QtyInPackage><UnitOfMeasurePrice>0.0260</UnitOfMeasurePrice><AllowDiscount>1</AllowDiscount><ItemStatus>1</ItemStatus><ItemPrice>4.50</ItemPrice></item><item><PriceUpdateDate>2016-08-07 20:04:27</PriceUpdateDate><ItemCode>7290000422312</ItemCode><ItemType>1</ItemType><ItemName>פפסי קולה 1.5 ליטר</ItemName><ManufacturerName>פפסי</ManufacturerName><ManufactureCountry>ישראל</ManufactureCountry><ManufacturerItemDescription>פפסי קולה 1.5  ל</ManufacturerItemDescription><SoldByWeight/><Quantity>1500.00</Quantity><UnitOfMeasure>מ"ל</UnitOfMeasure><QtyInPackage>לא ידוע</QtyInPackage><UnitOfMeasurePrice>0.0046</UnitOfMeasurePrice><AllowDiscount>0</AllowDiscount><ItemStatus>1</ItemStatus><ItemPrice>6.90</ItemPrice></item><item><PriceUpdateDate>2016-08-07 20:04:27</PriceUpdateDate><ItemCode>7290000422329</ItemCode><ItemType>1</ItemType><ItemName>סבן אפ 1.5 ליטר</ItemName><ManufacturerName>7 אפ</ManufacturerName><ManufactureCountry>ישראל</ManufactureCountry><ManufacturerItemDescription>פפסי סבנאפ 1.5  ל</ManufacturerItemDescription><SoldByWeight/><Quantity>1500.00</Quantity><UnitOfMeasure>מ"ל</UnitOfMeasure><QtyInPackage>לא ידוע</QtyInPackage><UnitOfMeasurePrice>0.0046</UnitOfMeasurePrice><AllowDiscount>1</AllowDiscount><ItemStatus>1</ItemStatus><ItemPrice>6.90</ItemPrice></item><item><PriceUpdateDate>2015-10-19 10:39:51</PriceUpdateDate><ItemCode>7290000422336</ItemCode><ItemType>1</ItemType><ItemName>מירנדה 1.5 ליטר</ItemName><ManufacturerName>מירינדה תפוז</ManufacturerName><ManufactureCountry>ישראל</ManufactureCountry><ManufacturerItemDescription>פפסי מירינדה 1.5  ל</ManufacturerItemDescription><SoldByWeight/><Quantity>1500.00</Quantity><UnitOfMeasure>מ"ל</UnitOfMeasure><QtyInPackage>לא ידוע</QtyInPackage><UnitOfMeasurePrice>0.0049</UnitOfMeasurePrice><AllowDiscount>0</AllowDiscount><ItemStatus>1</ItemStatus><ItemPrice>7.30</ItemPrice></item><item><PriceUpdateDate>2016-08-07 20:04:27</PriceUpdateDate><ItemCode>7290000422343</ItemCode><ItemType>1</ItemType><ItemName>סבן אפ דיאט 1.5 ליטר</ItemName><ManufacturerName>7 אפ דיאט</ManufacturerName><ManufactureCountry>ישראל</ManufactureCountry><ManufacturerItemDescription>פפסי סבנאפ דיאט 1.5  ל</ManufacturerItemDescription><SoldByWeight/><Quantity>1500.00</Quantity><UnitOfMeasure>מ"ל</UnitOfMeasure><QtyInPackage>לא ידוע</QtyInPackage><UnitOfMeasurePrice>0.0046</UnitOfMeasurePrice><AllowDiscount>1</AllowDiscount><ItemStatus>1</ItemStatus><ItemPrice>6.90</ItemPrice></item><item><PriceUpdateDate>2016-08-07 20:04:27</PriceUpdateDate><ItemCode>7290000422350</ItemCode><ItemType>1</ItemType><ItemName>פפסי מקס 1.5 ליטר</ItemName><ManufacturerName>פפסי מקס</ManufacturerName><ManufactureCountry>ישראל</ManufactureCountry><ManufacturerItemDescription>פפסי קולה מקס 1.5 ללא סוכ</ManufacturerItemDescription><SoldByWeight/><Quantity>1500.00</Quantity><UnitOfMeasure>מ"ל</UnitOfMeasure><QtyInPackage>לא ידוע</QtyInPackage><UnitOfMeasurePrice>0.0046</UnitOfMeasurePrice><AllowDiscount>0</AllowDiscount><ItemStatus>1</ItemStatus><ItemPrice>6.90</ItemPrice></item><item><PriceUpdateDate>2015-11-10 07:30:40</PriceUpdateDate><ItemCode>7290000422411</ItemCode><ItemType>1</ItemType><ItemName>טונה פוסידון בשמן 10</ItemName><ManufacturerName>פוסידון</ManufacturerName><ManufactureCountry>ישראל</ManufactureCountry><ManufacturerItemDescription>טונה בהירה בשמן פוסידון 1</ManufacturerItemDescription><SoldByWeight/><Quantity>108.00</Quantity><UnitOfMeasure>גרם     </UnitOfMeasure><QtyInPackage>לא ידוע</QtyInPackage><UnitOfMeasurePrice>0.0648</UnitOfMeasurePrice><AllowDiscount>1</AllowDiscount><ItemStatus>1</ItemStatus><ItemPrice>7.00</ItemPrice></item><item><PriceUpdateDate>2016-08-07 20:02:44</PriceUpdateDate><ItemCode>7290000422442</ItemCode><ItemType>1</ItemType><ItemName>שמרים טריים 50 גרם</ItemName><ManufacturerName>שמרית</ManufacturerName><ManufactureCountry>ישראל</ManufactureCountry><ManufacturerItemDescription>שמרים לחים אינסטנט</ManufacturerItemDescription><SoldByWeight/><Quantity>14.00</Quantity><UnitOfMeasure>גרם     </UnitOfMeasure><QtyInPackage>לא ידוע</QtyInPackage><UnitOfMeasurePrice>0.3857</UnitOfMeasurePrice><AllowDiscount>1</AllowDiscount><ItemStatus>1</ItemStatus><ItemPrice>5.40</ItemPrice></item><item><PriceUpdateDate>2016-06-28 07:02:29</PriceUpdateDate><ItemCode>7290000422602</ItemCode><ItemType>1</ItemType><ItemName>בייגלה דג דג 400 גרם</ItemName><ManufacturerName>בייגל בייגל</ManufacturerName><ManufactureCountry>ישראל</ManufactureCountry><ManufacturerItemDescription>חטיפי קוקטייל דג דג 400 ג</ManufacturerItemDescription><SoldByWeight/><Quantity>400.00</Quantity><UnitOfMeasure>גרם     </UnitOfMeasure><QtyInPackage>לא ידוע</QtyInPackage><UnitOfMeasurePrice>0.0398</UnitOfMeasurePrice><AllowDiscount>1</AllowDiscount><ItemStatus>1</ItemStatus><ItemPrice>15.90</ItemPrice></item><item><PriceUpdateDate>2016-05-01 10:28:22</PriceUpdateDate><ItemCode>7290000422619</ItemCode><ItemType>1</ItemType><ItemName>בייגל ביג ביג 150 גר</ItemName><ManufacturerName>בייגל בייגל</ManufacturerName><ManufactureCountry>ישראל</ManufactureCountry><ManufacturerItemDescription>בייגל ביג ביג 150 גר</ManufacturerItemDescription><SoldByWeight/><Quantity>150.00</Quantity><UnitOfMeasure>גרם     </UnitOfMeasure><QtyInPackage>לא ידוע</QtyInPackage><UnitOfMeasurePrice>0.0487</UnitOfMeasurePrice><AllowDiscount>1</AllowDiscount><ItemStatus>1</ItemStatus><ItemPrice>7.30</ItemPrice></item><item><PriceUpdateDate>2016-05-01 10:28:22</PriceUpdateDate><ItemCode>7290000422701</ItemCode><ItemType>1</ItemType><ItemName>זית ירוק טעם שום בית</ItemName><ManufacturerName>בית השיטה</ManufacturerName><ManufactureCountry>ישראל</ManufactureCountry><ManufacturerItemDescription>זית ירוק טעם שום בית</ManufacturerItemDescription><SoldByWeight/><Quantity>0.00</Quantity><UnitOfMeasure>יח'</UnitOfMeasure><QtyInPackage>לא ידוע</QtyInPackage><UnitOfMeasurePrice>0.0000</UnitOfMeasurePrice><AllowDiscount>1</AllowDiscount><ItemStatus>1</ItemStatus><ItemPrice>16.30</ItemPrice></item><item><PriceUpdateDate>2016-05-01 10:28:22</PriceUpdateDate><ItemCode>7290000422749</ItemCode><ItemType>1</ItemType><ItemName>זית חרוזית מרינד 430</ItemName><ManufacturerName>בית השיטה</ManufacturerName><ManufactureCountry>ישראל</ManufactureCountry><ManufacturerItemDescription>זית חרוזית מרינד 430</ManufacturerItemDescription><SoldByWeight/><Quantity>275.00</Quantity><UnitOfMeasure>גרם     </UnitOfMeasure><QtyInPackage>לא ידוע</QtyInPackage><UnitOfMeasurePrice>0.0455</UnitOfMeasurePrice><AllowDiscount>1</AllowDiscount><ItemStatus>1</ItemStatus><ItemPrice>12.50</ItemPrice></item><item><PriceUpdateDate>2016-04-27 08:40:21</PriceUpdateDate><ItemCode>7290000422756</ItemCode><ItemType>1</ItemType><ItemName>זית טבעות שחור A3  2</ItemName><ManufacturerName>לא ממותג</ManufacturerName><ManufactureCountry>ישראל</ManufactureCountry><ManufacturerItemDescription>זית טבעות שחור A3  2</ManufacturerItemDescription><SoldByWeight/><Quantity>280.00</Quantity><UnitOfMeasure>גרם     </UnitOfMeasure><QtyInPackage>לא ידוע</QtyInPackage><UnitOfMeasurePrice>0.0457</UnitOfMeasurePrice><AllowDiscount>1</AllowDiscount><ItemStatus>1</ItemStatus><ItemPrice>12.80</ItemPrice></item><item><PriceUpdateDate>2016-04-27 08:40:22</PriceUpdateDate><ItemCode>7290000422763</ItemCode><ItemType>1</ItemType><ItemName>זית סורי מבוקע 560 ג</ItemName><ManufacturerName>.N.Y.C</ManufacturerName><ManufactureCountry>ישראל</ManufactureCountry><ManufacturerItemDescription>זית סורי מבוקע 560 ג</ManufacturerItemDescription><SoldByWeight/><Quantity>340.00</Quantity><UnitOfMeasure>גרם     </UnitOfMeasure><QtyInPackage>לא ידוע</QtyInPackage><UnitOfMeasurePrice>0.0403</UnitOfMeasurePrice><AllowDiscount>1</AllowDiscount><ItemStatus>1</ItemStatus><ItemPrice>13.70</ItemPrice></item><item><PriceUpdateDate>2016-05-31 06:14:26</PriceUpdateDate><ItemCode>7290000422770</ItemCode><ItemType>1</ItemType><ItemName>מלפפון 7-9 במלח 560</ItemName><ManufacturerName>בית השיטה</ManufacturerName><ManufactureCountry>ישראל</ManufactureCountry><ManufacturerItemDescription>מלפפון 7-9 במלח 560</ManufacturerItemDescription><SoldByWeight/><Quantity>560.00</Quantity><UnitOfMeasure>גרם     </UnitOfMeasure><QtyInPackage>לא ידוע</QtyInPackage><UnitOfMeasurePrice>0.0105</UnitOfMeasurePrice><AllowDiscount>1</AllowDiscount><ItemStatus>1</ItemStatus><ItemPrice>5.90</ItemPrice></item><item><PriceUpdateDate>2016-05-31 06:14:26</PriceUpdateDate><ItemCode>7290000422787</ItemCode><ItemType>1</ItemType><ItemName>מלפפון במלח 10-12  3</ItemName><ManufacturerName>לא ידוע</ManufacturerName><ManufactureCountry>ישראל</ManufactureCountry><ManufacturerItemDescription>מלפפון במלח 10-12  3</ManufacturerItemDescription><SoldByWeight/><Quantity>320.00</Quantity><UnitOfMeasure>גרם     </UnitOfMeasure><QtyInPackage>לא ידוע</QtyInPackage><UnitOfMeasurePrice>0.0203</UnitOfMeasurePrice><AllowDiscount>1</AllowDiscount><ItemStatus>1</ItemStatus><ItemPrice>6.50</ItemPrice></item><item><PriceUpdateDate>2016-07-27 06:42:40</PriceUpdateDate><ItemCode>7290000422794</ItemCode><ItemType>1</ItemType><ItemName>מלפפון 13-17 במלח  3</ItemName><ManufacturerName>בית השיטה</ManufacturerName><ManufactureCountry>ישראל</ManufactureCountry><ManufacturerItemDescription>מלפפון 13-17 במלח  3</ManufacturerItemDescription><SoldByWeight/><Quantity>320.00</Quantity><UnitOfMeasure>גרם     </UnitOfMeasure><QtyInPackage>לא ידוע</QtyInPackage><UnitOfMeasurePrice>0.0309</UnitOfMeasurePrice><AllowDiscount>1</AllowDiscount><ItemStatus>1</ItemStatus><ItemPrice>9.90</ItemPrice></item><item><PriceUpdateDate>2016-05-31 06:14:26</PriceUpdateDate><ItemCode>7290000422848</ItemCode><ItemType>1</ItemType><ItemName>מלפפון 7-9 בחומץ 560</ItemName><ManufacturerName>בית השיטה</ManufacturerName><ManufactureCountry>ישראל</ManufactureCountry><ManufacturerItemDescription>מלפפון 7-9 בחומץ 560</ManufacturerItemDescription><SoldByWeight/><Quantity>560.00</Quantity><UnitOfMeasure>גרם     </UnitOfMeasure><QtyInPackage>לא ידוע</QtyInPackage><UnitOfMeasurePrice>0.0105</UnitOfMeasurePrice><AllowDiscount>1</AllowDiscount><ItemStatus>1</ItemStatus><ItemPrice>5.90</ItemPrice></item><item><PriceUpdateDate>2016-05-31 06:14:26</PriceUpdateDate><ItemCode>7290000422855</ItemCode><ItemType>1</ItemType><ItemName>מלפפון 12 10חומץ גלע</ItemName><ManufacturerName>אסם</ManufacturerName><ManufactureCountry>ישראל</ManufactureCountry><ManufacturerItemDescription>מלפפון 12 10חומץ גלע</ManufacturerItemDescription><SoldByWeight/><Quantity>290.00</Quantity><UnitOfMeasure>גרם     </UnitOfMeasure><QtyInPackage>לא ידוע</QtyInPackage><UnitOfMeasurePrice>0.0224</UnitOfMeasurePrice><AllowDiscount>1</AllowDiscount><ItemStatus>1</ItemStatus><ItemPrice>6.50</ItemPrice></item><item><PriceUpdateDate>2016-05-01 06:09:53</PriceUpdateDate><ItemCode>7290000422886</ItemCode><ItemType>1</ItemType><ItemName>כרוב כבוש 600 גרם</ItemName><ManufacturerName>בית השיטה</ManufacturerName><ManufactureCountry>ישראל</ManufactureCountry><ManufacturerItemDescription>כרוב כבוש 600 גרם</ManufacturerItemDescription><SoldByWeight/><Quantity>130.00</Quantity><UnitOfMeasure>גרם     </UnitOfMeasure><QtyInPackage>לא ידוע</QtyInPackage><UnitOfMeasurePrice>0.0746</UnitOfMeasurePrice><AllowDiscount>1</AllowDiscount><ItemStatus>1</ItemStatus><ItemPrice>9.70</ItemPrice></item><item><PriceUpdateDate>2016-04-27 08:40:22</PriceUpdateDate><ItemCode>7290000422909</ItemCode><ItemType>1</ItemType><ItemName>פלפל חריף 600 גרם</ItemName><ManufacturerName>לא ממותג</ManufacturerName><ManufactureCountry>ישראל</ManufactureCountry><ManufacturerItemDescription>פלפל חריף 600 גרם</ManufacturerItemDescription><SoldByWeight/><Quantity>425.00</Quantity><UnitOfMeasure>גרם     </UnitOfMeasure><QtyInPackage>לא ידוע</QtyInPackage><UnitOfMeasurePrice>0.0191</UnitOfMeasurePrice><AllowDiscount>1</AllowDiscount><ItemStatus>1</ItemStatus><ItemPrice>8.10</ItemPrice></item><item><PriceUpdateDate>2016-02-11 06:58:44</PriceUpdateDate><ItemCode>7290000423081</ItemCode><ItemType>1</ItemType><ItemName>חלב טרה 3% בשקית 1 ל</ItemName><ManufacturerName>טרה</ManufacturerName><ManufactureCountry>ישראל</ManufactureCountry><ManufacturerItemDescription>חלב1 3% ל.שקית מהדרין פיק</ManufacturerItemDescription><SoldByWeight/><Quantity>1000.00</Quantity><UnitOfMeasure>מ"ל</UnitOfMeasure><QtyInPackage>לא ידוע</QtyInPackage><UnitOfMeasurePrice>0.0050</UnitOfMeasurePrice><AllowDiscount>1</AllowDiscount><ItemStatus>1</ItemStatus><ItemPrice>5.00</ItemPrice></item><item><PriceUpdateDate>2016-02-11 06:58:44</PriceUpdateDate><ItemCode>7290000423166</ItemCode><ItemType>1</ItemType><ItemName>חמאה 100 גרם טרה</ItemName><ManufacturerName>טרה</ManufacturerName><ManufactureCountry>ישראל</ManufactureCountry><ManufacturerItemDescription>חמאה 100 גרם טרה</ManufacturerItemDescription><SoldByWeight/><Quantity>100.00</Quantity><UnitOfMeasure>גרם     </UnitOfMeasure><QtyInPackage>לא ידוע</QtyInPackage><UnitOfMeasurePrice>0.0380</UnitOfMeasurePrice><AllowDiscount>1</AllowDiscount><ItemStatus>1</ItemStatus><ItemPrice>3.80</ItemPrice></item><item><PriceUpdateDate>2016-08-02 09:29:09</PriceUpdateDate><ItemCode>7290000423180</ItemCode><ItemType>1</ItemType><ItemName>מב גבינה לבנה 5% טרה</ItemName><ManufacturerName>טרה</ManufacturerName><ManufactureCountry>ישראל</ManufactureCountry><ManufacturerItemDescription>גבינה לבנה250 5% גר  פיקו</ManufacturerItemDescription><SoldByWeight/><Quantity>250.00</Quantity><UnitOfMeasure>גרם     </UnitOfMeasure><QtyInPackage>לא ידוע</QtyInPackage><UnitOfMeasurePrice>0.0176</UnitOfMeasurePrice><AllowDiscount>1</AllowDiscount><ItemStatus>1</ItemStatus><ItemPrice>4.40</ItemPrice></item><item><PriceUpdateDate>2015-10-11 06:43:20</PriceUpdateDate><ItemCode>7290000423197</ItemCode><ItemType>1</ItemType><ItemName>גבינה טוב טעם 3% 250</ItemName><ManufacturerName>טוב טעם -גבינה</ManufacturerName><ManufactureCountry>ישראל</ManufactureCountry><ManufacturerItemDescription>גבינה טוב טעם250 3% גר</ManufacturerItemDescription><SoldByWeight/><Quantity>250.00</Quantity><UnitOfMeasure>גרם     </UnitOfMeasure><QtyInPackage>לא ידוע</QtyInPackage><UnitOfMeasurePrice>0.0468</UnitOfMeasurePrice><AllowDiscount>1</AllowDiscount><ItemStatus>1</ItemStatus><ItemPrice>11.70</ItemPrice></item><item><PriceUpdateDate>2016-05-31 06:14:26</PriceUpdateDate><ItemCode>7290000423258</ItemCode><ItemType>1</ItemType><ItemName>קוואקר בפחית 500 גרם</ItemName><ManufacturerName>קוואקר אואטס</ManufacturerName><ManufactureCountry>ישראל</ManufactureCountry><ManufacturerItemDescription>קואקר שיבולת    500גרם</ManufacturerItemDescription><SoldByWeight/><Quantity>500.00</Quantity><UnitOfMeasure>גרם     </UnitOfMeasure><QtyInPackage>לא ידוע</QtyInPackage><UnitOfMeasurePrice>0.0278</UnitOfMeasurePrice><AllowDiscount>1</AllowDiscount><ItemStatus>1</ItemStatus><ItemPrice>13.90</ItemPrice></item><item><PriceUpdateDate>2016-06-07 15:00:53</PriceUpdateDate><ItemCode>7290000423302</ItemCode><ItemType>1</ItemType><ItemName>קוואקר בשקית 500 גרם</ItemName><ManufacturerName>קוואקר אואטס</ManufacturerName><ManufactureCountry>ישראל</ManufactureCountry><ManufacturerItemDescription>קואקר           מינ500גר</ManufacturerItemDescription><SoldByWeight/><Quantity>500.00</Quantity><UnitOfMeasure>גרם     </UnitOfMeasure><QtyInPackage>לא ידוע</QtyInPackage><UnitOfMeasurePrice>0.0278</UnitOfMeasurePrice><AllowDiscount>1</AllowDiscount><ItemStatus>1</ItemStatus><ItemPrice>13.90</ItemPrice></item><item><PriceUpdateDate>2016-08-02 09:29:09</PriceUpdateDate><ItemCode>7290000423562</ItemCode><ItemType>1</ItemType><ItemName>יין זני סגל מרלו 750</ItemName><ManufacturerName>סגל</ManufacturerName><ManufactureCountry>ישראל</ManufactureCountry><ManufacturerItemDescription>יין מרלו סגל 750  מל</ManufacturerItemDescription><SoldByWeight/><Quantity>750.00</Quantity><UnitOfMeasure>מ"ל</UnitOfMeasure><QtyInPackage>לא ידוע</QtyInPackage><UnitOfMeasurePrice>0.0376</UnitOfMeasurePrice><AllowDiscount>1</AllowDiscount><ItemStatus>1</ItemStatus><ItemPrice>28.20</ItemPrice></item><item><PriceUpdateDate>2016-08-02 09:29:09</PriceUpdateDate><ItemCode>7290000423579</ItemCode><ItemType>1</ItemType><ItemName>יין זניסגל מרלו קברנ</ItemName><ManufacturerName>סגל</ManufacturerName><ManufactureCountry>ישראל</ManufactureCountry><ManufacturerItemDescription>יין של סגל מרלו 66% וקברנ</ManufacturerItemDescription><SoldByWeight/><Quantity>750.00</Quantity><UnitOfMeasure>מ"ל</UnitOfMeasure><QtyInPackage>לא ידוע</QtyInPackage><UnitOfMeasurePrice>0.0376</UnitOfMeasurePrice><AllowDiscount>1</AllowDiscount><ItemStatus>1</ItemStatus><ItemPrice>28.20</ItemPrice></item><item><PriceUpdateDate>2015-11-10 07:30:41</PriceUpdateDate><ItemCode>7290000423616</ItemCode><ItemType>1</ItemType><ItemName>חלב עמיד 3% 1 ליטר</ItemName><ManufacturerName>מחלבות רמת הגולן</ManufacturerName><ManufactureCountry>ישראל</ManufactureCountry><ManufacturerItemDescription>חלב עמיד1 ל 3% .קרטון</ManufacturerItemDescription><SoldByWeight/><Quantity>1000.00</Quantity><UnitOfMeasure>מ"ל</UnitOfMeasure><QtyInPackage>לא ידוע</QtyInPackage><UnitOfMeasurePrice>0.0080</UnitOfMeasurePrice><AllowDiscount>1</AllowDiscount><ItemStatus>1</ItemStatus><ItemPrice>8.00</ItemPrice></item><item><PriceUpdateDate>2016-03-29 07:50:00</PriceUpdateDate><ItemCode>7290000423654</ItemCode><ItemType>1</ItemType><ItemName>מיץ סחוט תפוזים 1 לי</ItemName><ManufacturerName>פרימור</ManufacturerName><ManufactureCountry>ישראל</ManufactureCountry><ManufacturerItemDescription>מיץ סחוט תפוזים 1 ל</ManufacturerItemDescription><SoldByWeight/><Quantity>1000.00</Quantity><UnitOfMeasure>מ"ל</UnitOfMeasure><QtyInPackage>לא ידוע</QtyInPackage><UnitOfMeasurePrice>0.0152</UnitOfMeasurePrice><AllowDiscount>1</AllowDiscount><ItemStatus>1</ItemStatus><ItemPrice>15.20</ItemPrice></item><item><PriceUpdateDate>2016-08-02 09:29:09</PriceUpdateDate><ItemCode>7290000424132</ItemCode><ItemType>1</ItemType><ItemName>טחון עוף 500 גרם</ItemName><ManufacturerName>טיבון ויל</ManufacturerName><ManufactureCountry>ישראל</ManufactureCountry><ManufacturerItemDescription>טחון עוף 500 גרם</ManufacturerItemDescription><SoldByWeight/><Quantity>500.00</Quantity><UnitOfMeasure>גרם     </UnitOfMeasure><QtyInPackage>לא ידוע</QtyInPackage><UnitOfMeasurePrice>0.0304</UnitOfMeasurePrice><AllowDiscount>1</AllowDiscount><ItemStatus>1</ItemStatus><ItemPrice>15.20</ItemPrice></item><item><PriceUpdateDate>2015-10-19 10:39:51</PriceUpdateDate><ItemCode>7290000424194</ItemCode><ItemType>1</ItemType><ItemName>יוגורמה בית יצחק 850</ItemName><ManufacturerName>בית יצחק</ManufacturerName><ManufactureCountry>ישראל</ManufactureCountry><ManufacturerItemDescription>יוגורט יוגורמה מחלב כבשים</ManufacturerItemDescription><SoldByWeight/><Quantity>850.00</Quantity><UnitOfMeasure>מ"ל</UnitOfMeasure><QtyInPackage>לא ידוע</QtyInPackage><UnitOfMeasurePrice>0.0319</UnitOfMeasurePrice><AllowDiscount>1</AllowDiscount><ItemStatus>1</ItemStatus><ItemPrice>27.10</ItemPrice></item><item><PriceUpdateDate>2016-06-28 07:02:29</PriceUpdateDate><ItemCode>7290000424200</ItemCode><ItemType>1</ItemType><ItemName>יוגורמה כבשים 140 גר</ItemName><ManufacturerName>יוגורמה</ManufacturerName><ManufactureCountry>ישראל</ManufactureCountry><ManufacturerItemDescription>יוגורמה יוגורט מחלב כבשים</ManufacturerItemDescription><SoldByWeight/><Quantity>140.00</Quantity><UnitOfMeasure>גרם     </UnitOfMeasure><QtyInPackage>לא ידוע</QtyInPackage><UnitOfMeasurePrice>0.0471</UnitOfMeasurePrice><AllowDiscount>1</AllowDiscount><ItemStatus>1</ItemStatus><ItemPrice>6.60</ItemPrice></item><item><PriceUpdateDate>2016-03-29 07:50:00</PriceUpdateDate><ItemCode>7290000426891</ItemCode><ItemType>1</ItemType><ItemName>מיץ סחוט תפוחים 1 לי</ItemName><ManufacturerName>פרימור</ManufacturerName><ManufactureCountry>ישראל</ManufactureCountry><ManufacturerItemDescription>מיץ תפוחים צלול 1 ל</ManufacturerItemDescription><SoldByWeight/><Quantity>1000.00</Quantity><UnitOfMeasure>מ"ל</UnitOfMeasure><QtyInPackage>לא ידוע</QtyInPackage><UnitOfMeasurePrice>0.0152</UnitOfMeasurePrice><AllowDiscount>1</AllowDiscount><ItemStatus>1</ItemStatus><ItemPrice>15.20</ItemPrice></item><item><PriceUpdateDate>2016-06-13 16:00:18</PriceUpdateDate><ItemCode>7290000426907</ItemCode><ItemType>1</ItemType><ItemName>פרימור סחוט תפוזים 2</ItemName><ManufacturerName>פרימור</ManufacturerName><ManufactureCountry>ישראל</ManufactureCountry><ManufacturerItemDescription>מיץ תפוזים סחוט2 ל</ManufacturerItemDescription><SoldByWeight/><Quantity>2000.00</Quantity><UnitOfMeasure>מ"ל</UnitOfMeasure><QtyInPackage>לא ידוע</QtyInPackage><UnitOfMeasurePrice>0.0124</UnitOfMeasurePrice><AllowDiscount>1</AllowDiscount><ItemStatus>1</ItemStatus><ItemPrice>24.90</ItemPrice></item><item><PriceUpdateDate>2016-06-13 16:00:18</PriceUpdateDate><ItemCode>7290000426914</ItemCode><ItemType>1</ItemType><ItemName>פרימור סחוט לימונענע</ItemName><ManufacturerName>פרימור</ManufacturerName><ManufactureCountry>ישראל</ManufactureCountry><ManufacturerItemDescription>מיץ לימון עם נענע 2 ל</ManufacturerItemDescription><SoldByWeight/><Quantity>2000.00</Quantity><UnitOfMeasure>מ"ל</UnitOfMeasure><QtyInPackage>לא ידוע</QtyInPackage><UnitOfMeasurePrice>0.0124</UnitOfMeasurePrice><AllowDiscount>1</AllowDiscount><ItemStatus>1</ItemStatus><ItemPrice>24.90</ItemPrice></item><item><PriceUpdateDate>2016-06-28 07:02:30</PriceUpdateDate><ItemCode>7290000427454</ItemCode><ItemType>1</ItemType><ItemName>גבינה פילדלפיה לייט</ItemName><ManufacturerName>פילדלפיה</ManufacturerName><ManufactureCountry>ארצות הברית</ManufactureCountry><ManufacturerItemDescription>טואלט דאק זוג   750* מ"ל</ManufacturerItemDescription><SoldByWeight/><Quantity>227.00</Quantity><UnitOfMeasure>גרם     </UnitOfMeasure><QtyInPackage>לא ידוע</QtyInPackage><UnitOfMeasurePrice>0.0894</UnitOfMeasurePrice><AllowDiscount>1</AllowDiscount><ItemStatus>1</ItemStatus><ItemPrice>20.30</ItemPrice></item><item><PriceUpdateDate>2016-06-28 07:02:30</PriceUpdateDate><ItemCode>7290000427461</ItemCode><ItemType>1</ItemType><ItemName>גבינה פילדלפיה שמנה</ItemName><ManufacturerName>פילדלפיה</ManufacturerName><ManufactureCountry>ארצות הברית</ManufactureCountry><ManufacturerItemDescription>אג'קס כלורון    ון 2 ל'</ManufacturerItemDescription><SoldByWeight/><Quantity>227.00</Quantity><UnitOfMeasure>גרם     </UnitOfMeasure><QtyInPackage>לא ידוע</QtyInPackage><UnitOfMeasurePrice>0.0894</UnitOfMeasurePrice><AllowDiscount>1</AllowDiscount><ItemStatus>1</ItemStatus><ItemPrice>20.30</ItemPrice></item><item><PriceUpdateDate>2015-10-11 06:43:20</PriceUpdateDate><ItemCode>7290000428680</ItemCode><ItemType>1</ItemType><ItemName>קוקה קולה 0.5 ליטר.</ItemName><ManufacturerName>קוקה קולה</ManufacturerName><ManufactureCountry>ישראל</ManufactureCountry><ManufacturerItemDescription>קוקה קולה500 מל</ManufacturerItemDescription><SoldByWeight/><Quantity>500.00</Quantity><UnitOfMeasure>מ"ל</UnitOfMeasure><QtyInPackage>לא ידוע</QtyInPackage><UnitOfMeasurePrice>0.0146</UnitOfMeasurePrice><AllowDiscount>1</AllowDiscount><ItemStatus>1</ItemStatus><ItemPrice>7.30</ItemPrice></item><item><PriceUpdateDate>2015-10-11 06:43:20</PriceUpdateDate><ItemCode>7290000428703</ItemCode><ItemType>1</ItemType><ItemName>פאנטה אורנג' 5 0 ליט</ItemName><ManufacturerName>פאנטה אורנג</ManufacturerName><ManufactureCountry>ישראל</ManufactureCountry><ManufacturerItemDescription>פאנטה אורנג 500 בקבוק</ManufacturerItemDescription><SoldByWeight/><Quantity>500.00</Quantity><UnitOfMeasure>מ"ל</UnitOfMeasure><QtyInPackage>לא ידוע</QtyInPackage><UnitOfMeasurePrice>0.0146</UnitOfMeasurePrice><AllowDiscount>1</AllowDiscount><ItemStatus>1</ItemStatus><ItemPrice>7.30</ItemPrice></item><item><PriceUpdateDate>2015-10-11 06:43:20</PriceUpdateDate><ItemCode>7290000428710</ItemCode><ItemType>1</ItemType><ItemName>קוקה קולה דיאט 0.5 ל</ItemName><ManufacturerName>דיאט קוקה קולה</ManufacturerName><ManufactureCountry>ישראל</ManufactureCountry><ManufacturerItemDescription>קוקה קולה דיאט500 מל</ManufacturerItemDescription><SoldByWeight/><Quantity>500.00</Quantity><UnitOfMeasure>מ"ל</UnitOfMeasure><QtyInPackage>לא ידוע</QtyInPackage><UnitOfMeasurePrice>0.0146</UnitOfMeasurePrice><AllowDiscount>1</AllowDiscount><ItemStatus>1</ItemStatus><ItemPrice>7.30</ItemPrice></item><item><PriceUpdateDate>2015-10-11 06:43:20</PriceUpdateDate><ItemCode>7290000428741</ItemCode><ItemType>1</ItemType><ItemName>מיץ פריגת תפוזים 0.5</ItemName><ManufacturerName>פריגת</ManufacturerName><ManufactureCountry>ישראל</ManufactureCountry><ManufacturerItemDescription>משקל פריגת תפוזים500 מל</ManufacturerItemDescription><SoldByWeight/><Quantity>500.00</Quantity><UnitOfMeasure>מ"ל</UnitOfMeasure><QtyInPackage>לא ידוע</QtyInPackage><UnitOfMeasurePrice>0.0132</UnitOfMeasurePrice><AllowDiscount>1</AllowDiscount><ItemStatus>1</ItemStatus><ItemPrice>6.60</ItemPrice></item><item><PriceUpdateDate>2015-10-11 06:43:20</PriceUpdateDate><ItemCode>7290000428765</ItemCode><ItemType>1</ItemType><ItemName>מיץ פריגת ענבים 0.5</ItemName><ManufacturerName>פריגת</ManufacturerName><ManufactureCountry>ישראל</ManufactureCountry><ManufacturerItemDescription>משקל פריגת ענבים500 מל</ManufacturerItemDescription><SoldByWeight/><Quantity>500.00</Quantity><UnitOfMeasure>מ"ל</UnitOfMeasure><QtyInPackage>לא ידוע</QtyInPackage><UnitOfMeasurePrice>0.0132</UnitOfMeasurePrice><AllowDiscount>1</AllowDiscount><ItemStatus>1</ItemStatus><ItemPrice>6.60</ItemPrice></item><item><PriceUpdateDate>2016-08-02 09:29:09</PriceUpdateDate><ItemCode>7290000428901</ItemCode><ItemType>1</ItemType><ItemName>מב בירה טובורג רד בק</ItemName><ManufacturerName>טובורג רד</ManufacturerName><ManufactureCountry>ישראל</ManufactureCountry><ManufacturerItemDescription>בירה טובורג רד בקבוק</ManufacturerItemDescription><SoldByWeight/><Quantity>1980.00</Quantity><UnitOfMeasure>מ"ל</UnitOfMeasure><QtyInPackage>לא ידוע</QtyInPackage><UnitOfMeasurePrice>0.0186</UnitOfMeasurePrice><AllowDiscount>1</AllowDiscount><ItemStatus>1</ItemStatus><ItemPrice>36.90</ItemPrice></item><item><PriceUpdateDate>2016-02-16 09:21:52</PriceUpdateDate><ItemCode>7290000428956</ItemCode><ItemType>1</ItemType><ItemName>שוקולד פרה עדשים 100</ItemName><ManufacturerName>פרה</ManufacturerName><ManufactureCountry>ישראל</ManufactureCountry><ManufacturerItemDescription>שוקולד פרה עדשים 100 גר</ManufacturerItemDescription><SoldByWeight/><Quantity>100.00</Quantity><UnitOfMeasure>גרם     </UnitOfMeasure><QtyInPackage>לא ידוע</QtyInPackage><UnitOfMeasurePrice>0.0690</UnitOfMeasurePrice><AllowDiscount>0</AllowDiscount><ItemStatus>1</ItemStatus><ItemPrice>6.90</ItemPrice></item><item><PriceUpdateDate>2015-10-19 10:39:51</PriceUpdateDate><ItemCode>7290000430034</ItemCode><ItemType>1</ItemType><ItemName>גבינת עיזים טבעי 5%</ItemName><ManufacturerName>משק צוריאל</ManufacturerName><ManufactureCountry>ישראל</ManufactureCountry><ManufacturerItemDescription>גבינת עיזים 5% למריחה טעם</ManufacturerItemDescription><SoldByWeight/><Quantity>250.00</Quantity><UnitOfMeasure>מ"ל</UnitOfMeasure><QtyInPackage>לא ידוע</QtyInPackage><UnitOfMeasurePrice>0.0660</UnitOfMeasurePrice><AllowDiscount>1</AllowDiscount><ItemStatus>1</ItemStatus><ItemPrice>16.50</ItemPrice></item><item><PriceUpdateDate>2016-05-31 06:14:28</PriceUpdateDate><ItemCode>7290000430195</ItemCode><ItemType>1</ItemType><ItemName>דבש 350 גרם</ItemName><ManufacturerName>יד מרדכי</ManufacturerName><ManufactureCountry>ישראל</ManufactureCountry><ManufacturerItemDescription>דבש דבורים טהור350 גר</ManufacturerItemDescription><SoldByWeight/><Quantity>350.00</Quantity><UnitOfMeasure>גרם     </UnitOfMeasure><QtyInPackage>לא ידוע</QtyInPackage><UnitOfMeasurePrice>0.0540</UnitOfMeasurePrice><AllowDiscount>1</AllowDiscount><ItemStatus>1</ItemStatus><ItemPrice>18.90</ItemPrice></item><item><PriceUpdateDate>2016-02-16 09:21:52</PriceUpdateDate><ItemCode>7290000430201</ItemCode><ItemType>1</ItemType><ItemName>דבש 500 גרם</ItemName><ManufacturerName>יד מרדכי</ManufacturerName><ManufactureCountry>ישראל</ManufactureCountry><ManufacturerItemDescription>דבש דבורים טהור500 גר</ManufacturerItemDescription><SoldByWeight/><Quantity>500.00</Quantity><UnitOfMeasure>גרם     </UnitOfMeasure><QtyInPackage>לא ידוע</QtyInPackage><UnitOfMeasurePrice>0.0598</UnitOfMeasurePrice><AllowDiscount>1</AllowDiscount><ItemStatus>1</ItemStatus><ItemPrice>29.90</ItemPrice></item><item><PriceUpdateDate>2016-05-01 06:09:55</PriceUpdateDate><ItemCode>7290000430577</ItemCode><ItemType>1</ItemType><ItemName>קוביות שום טרי במגשי</ItemName><ManufacturerName>דורות</ManufacturerName><ManufactureCountry>ישראל</ManufactureCountry><ManufacturerItemDescription>שום כתוש מגשית 80 גר</ManufacturerItemDescription><SoldByWeight/><Quantity>80.00</Quantity><UnitOfMeasure>גרם     </UnitOfMeasure><QtyInPackage>לא ידוע</QtyInPackage><UnitOfMeasurePrice>0.1613</UnitOfMeasurePrice><AllowDiscount>1</AllowDiscount><ItemStatus>1</ItemStatus><ItemPrice>12.90</ItemPrice></item><item><PriceUpdateDate>2016-05-01 06:09:55</PriceUpdateDate><ItemCode>7290000430607</ItemCode><ItemType>1</ItemType><ItemName>שמיר טרי קצוץ 70 גרם</ItemName><ManufacturerName>דורות</ManufacturerName><ManufactureCountry>ישראל</ManufactureCountry><ManufacturerItemDescription>שמיר טרי קצוץ 70 גרם</ManufacturerItemDescription><SoldByWeight/><Quantity>70.00</Quantity><UnitOfMeasure>גרם     </UnitOfMeasure><QtyInPackage>לא ידוע</QtyInPackage><UnitOfMeasurePrice>0.1600</UnitOfMeasurePrice><AllowDiscount>1</AllowDiscount><ItemStatus>1</ItemStatus><ItemPrice>11.20</ItemPrice></item><item><PriceUpdateDate>2016-05-01 06:09:56</PriceUpdateDate><ItemCode>7290000430614</ItemCode><ItemType>1</ItemType><ItemName>כוסברה טרייה קצוצה 7</ItemName><ManufacturerName>דורות</ManufacturerName><ManufactureCountry>ישראל</ManufactureCountry><ManufacturerItemDescription>כוסברה טריה קצוצה</ManufacturerItemDescription><SoldByWeight/><Quantity>14.00</Quantity><UnitOfMeasure>גרם     </UnitOfMeasure><QtyInPackage>לא ידוע</QtyInPackage><UnitOfMeasurePrice>0.8214</UnitOfMeasurePrice><AllowDiscount>1</AllowDiscount><ItemStatus>1</ItemStatus><ItemPrice>11.50</ItemPrice></item><item><PriceUpdateDate>2016-05-01 10:28:26</PriceUpdateDate><ItemCode>7290000431253</ItemCode><ItemType>1</ItemType><ItemName>בצק עלים 1 ק"ג</ItemName><ManufacturerName>שלושת האופים</ManufacturerName><ManufactureCountry>ישראל</ManufactureCountry><ManufacturerItemDescription>בצק עלים מרודד 1 קג</ManufacturerItemDescription><SoldByWeight/><Quantity>1000.00</Quantity><UnitOfMeasure>גרם     </UnitOfMeasure><QtyInPackage>לא ידוע</QtyInPackage><UnitOfMeasurePrice>0.0199</UnitOfMeasurePrice><AllowDiscount>1</AllowDiscount><ItemStatus>1</ItemStatus><ItemPrice>19.90</ItemPrice></item><item><PriceUpdateDate>2015-11-10 07:30:44</PriceUpdateDate><ItemCode>7290000431321</ItemCode><ItemType>1</ItemType><ItemName>מים נביעות 0.5TO GO</ItemName><ManufacturerName>נביעות</ManufacturerName><ManufactureCountry>ישראל</ManufactureCountry><ManufacturerItemDescription>נביעות1/2 ל.ספורט</ManufacturerItemDescription><SoldByWeight/><Quantity>500.00</Quantity><UnitOfMeasure>מ"ל</UnitOfMeasure><QtyInPackage>לא ידוע</QtyInPackage><UnitOfMeasurePrice>0.0106</UnitOfMeasurePrice><AllowDiscount>1</AllowDiscount><ItemStatus>1</ItemStatus><ItemPrice>5.30</ItemPrice></item><item><PriceUpdateDate>2016-02-26 06:49:18</PriceUpdateDate><ItemCode>7290000431345</ItemCode><ItemType>1</ItemType><ItemName>מים נביעות ענבים עדי</ItemName><ManufacturerName>נביעות</ManufacturerName><ManufactureCountry>ישראל</ManufactureCountry><ManufacturerItemDescription>נביעות +ענבים 1.5 ליטר</ManufacturerItemDescription><SoldByWeight/><Quantity>1500.00</Quantity><UnitOfMeasure>מ"ל</UnitOfMeasure><QtyInPackage>לא ידוע</QtyInPackage><UnitOfMeasurePrice>0.0058</UnitOfMeasurePrice><AllowDiscount>1</AllowDiscount><ItemStatus>1</ItemStatus><ItemPrice>8.70</ItemPrice></item><item><PriceUpdateDate>2015-11-10 07:30:44</PriceUpdateDate><ItemCode>7290000431352</ItemCode><ItemType>1</ItemType><ItemName>מים נביעות תפוח 500</ItemName><ManufacturerName>נביעות</ManufacturerName><ManufactureCountry>ישראל</ManufactureCountry><ManufacturerItemDescription>נביעות +תפוח 0.5 ליטר</ManufacturerItemDescription><SoldByWeight/><Quantity>500.00</Quantity><UnitOfMeasure>מ"ל</UnitOfMeasure><QtyInPackage>לא ידוע</QtyInPackage><UnitOfMeasurePrice>0.0136</UnitOfMeasurePrice><AllowDiscount>1</AllowDiscount><ItemStatus>1</ItemStatus><ItemPrice>6.80</ItemPrice></item><item><PriceUpdateDate>2016-02-26 06:49:18</PriceUpdateDate><ItemCode>7290000431376</ItemCode><ItemType>1</ItemType><ItemName>מים נביעות תפוח עדין</ItemName><ManufacturerName>נביעות</ManufacturerName><ManufactureCountry>ישראל</ManufactureCountry><ManufacturerItemDescription>נביעות +תפוח 1.5 ליטר</ManufacturerItemDescription><SoldByWeight/><Quantity>1500.00</Quantity><UnitOfMeasure>מ"ל</UnitOfMeasure><QtyInPackage>לא ידוע</QtyInPackage><UnitOfMeasurePrice>0.0058</UnitOfMeasurePrice><AllowDiscount>1</AllowDiscount><ItemStatus>1</ItemStatus><ItemPrice>8.70</ItemPrice></item><item><PriceUpdateDate>2015-11-10 07:30:44</PriceUpdateDate><ItemCode>7290000431383</ItemCode><ItemType>1</ItemType><ItemName>מים נביעות אפרסק 500</ItemName><ManufacturerName>נביעות</ManufacturerName><ManufactureCountry>ישראל</ManufactureCountry><ManufacturerItemDescription>נביעות +אפרסק 0.5 ליטר</ManufacturerItemDescription><SoldByWeight/><Quantity>500.00</Quantity><UnitOfMeasure>מ"ל</UnitOfMeasure><QtyInPackage>לא ידוע</QtyInPackage><UnitOfMeasurePrice>0.0136</UnitOfMeasurePrice><AllowDiscount>1</AllowDiscount><ItemStatus>1</ItemStatus><ItemPrice>6.80</ItemPrice></item><item><PriceUpdateDate>2015-10-19 10:39:51</PriceUpdateDate><ItemCode>7290000431390</ItemCode><ItemType>1</ItemType><ItemName>מים נביעות 1.5 ליטר</ItemName><ManufacturerName>נביעות</ManufacturerName><ManufactureCountry>ישראל</ManufactureCountry><ManufacturerItemDescription>נביעות1.5 ל .מים מינרלים</ManufacturerItemDescription><SoldByWeight/><Quantity>1500.00</Quantity><UnitOfMeasure>מ"ל</UnitOfMeasure><QtyInPackage>לא ידוע</QtyInPackage><UnitOfMeasurePrice>0.0028</UnitOfMeasurePrice><AllowDiscount>1</AllowDiscount><ItemStatus>1</ItemStatus><ItemPrice>4.20</ItemPrice></item><item><PriceUpdateDate>2016-08-02 09:29:09</PriceUpdateDate><ItemCode>7290000431413</ItemCode><ItemType>1</ItemType><ItemName>מב מים נביעות שישייה</ItemName><ManufacturerName>נביעות</ManufacturerName><ManufactureCountry>ישראל</ManufactureCountry><ManufacturerItemDescription>נביעות 1.5 1/6 מים מינרלי</ManufacturerItemDescription><SoldByWeight/><Quantity>9000.00</Quantity><UnitOfMeasure>מ"ל</UnitOfMeasure><QtyInPackage>לא ידוע</QtyInPackage><UnitOfMeasurePrice>0.0013</UnitOfMeasurePrice><AllowDiscount>1</AllowDiscount><ItemStatus>1</ItemStatus><ItemPrice>11.60</ItemPrice></item><item><PriceUpdateDate>2015-11-10 07:30:44</PriceUpdateDate><ItemCode>7290000431451</ItemCode><ItemType>1</ItemType><ItemName>מים נביעות 0.5 לטר ע</ItemName><ManufacturerName>נביעות</ManufacturerName><ManufactureCountry>ישראל</ManufactureCountry><ManufacturerItemDescription>נביעות +ענבים 0.5 ליטר</ManufacturerItemDescription><SoldByWeight/><Quantity>500.00</Quantity><UnitOfMeasure>מ"ל</UnitOfMeasure><QtyInPackage>לא ידוע</QtyInPackage><UnitOfMeasurePrice>0.0136</UnitOfMeasurePrice><AllowDiscount>1</AllowDiscount><ItemStatus>1</ItemStatus><ItemPrice>6.80</ItemPrice></item><item><PriceUpdateDate>2016-05-01 10:28:27</PriceUpdateDate><ItemCode>7290000431574</ItemCode><ItemType>1</ItemType><ItemName>מקלוני אורז ויליגר 3</ItemName><ManufacturerName>ויליגר</ManufacturerName><ManufactureCountry>ישראל</ManufactureCountry><ManufacturerItemDescription>מקלוני אורז ויליגר 3</ManufacturerItemDescription><SoldByWeight/><Quantity>300.00</Quantity><UnitOfMeasure>גרם     </UnitOfMeasure><QtyInPackage>לא ידוע</QtyInPackage><UnitOfMeasurePrice>0.0193</UnitOfMeasurePrice><AllowDiscount>1</AllowDiscount><ItemStatus>1</ItemStatus><ItemPrice>5.80</ItemPrice></item><item><PriceUpdateDate>2015-11-10 07:31:55</PriceUpdateDate><ItemCode>7290000432182</ItemCode><ItemType>1</ItemType><ItemName>נר נשמה בכוס 26 שעות</ItemName><ManufacturerName>לא ידוע</ManufacturerName><ManufactureCountry>ישראל</ManufactureCountry><ManufacturerItemDescription>נר נשמה בכוס</ManufacturerItemDescription><SoldByWeight/><Quantity>0.00</Quantity><UnitOfMeasure>יח'</UnitOfMeasure><QtyInPackage>לא ידוע</QtyInPackage><UnitOfMeasurePrice>0.0000</UnitOfMeasurePrice><AllowDiscount>1</AllowDiscount><ItemStatus>1</ItemStatus><ItemPrice>5.90</ItemPrice></item><item><PriceUpdateDate>2015-11-10 07:31:55</PriceUpdateDate><ItemCode>7290000432335</ItemCode><ItemType>1</ItemType><ItemName>נר זיכרון 72</ItemName><ManufacturerName>לא ידוע</ManufacturerName><ManufactureCountry>ישראל</ManufactureCountry><ManufacturerItemDescription>נר זיכרון 72</ManufacturerItemDescription><SoldByWeight/><Quantity>0.00</Quantity><UnitOfMeasure>יח'</UnitOfMeasure><QtyInPackage>לא ידוע</QtyInPackage><UnitOfMeasurePrice>0.0000</UnitOfMeasurePrice><AllowDiscount>1</AllowDiscount><ItemStatus>1</ItemStatus><ItemPrice>9.40</ItemPrice></item><item><PriceUpdateDate>2016-05-31 06:15:50</PriceUpdateDate><ItemCode>7290000432632</ItemCode><ItemType>1</ItemType><ItemName>נרות שבת מס' 4</ItemName><ManufacturerName>נר ציון</ManufacturerName><ManufactureCountry>ישראל</ManufactureCountry><ManufacturerItemDescription>נרות שבת מס .180-4גר</ManufacturerItemDescription><SoldByWeight/><Quantity>0.00</Quantity><UnitOfMeasure>יח'</UnitOfMeasure><QtyInPackage>לא ידוע</QtyInPackage><UnitOfMeasurePrice>0.0000</UnitOfMeasurePrice><AllowDiscount>1</AllowDiscount><ItemStatus>1</ItemStatus><ItemPrice>4.30</ItemPrice></item><item><PriceUpdateDate>2016-05-31 06:15:50</PriceUpdateDate><ItemCode>7290000432649</ItemCode><ItemType>1</ItemType><ItemName>נרות שבת מס' 6</ItemName><ManufacturerName>נר ציון</ManufacturerName><ManufactureCountry>ישראל</ManufactureCountry><ManufacturerItemDescription>נרות שבת מס .180-6גר</ManufacturerItemDescription><SoldByWeight/><Quantity>1.00</Quantity><UnitOfMeasure>יח'</UnitOfMeasure><QtyInPackage>לא ידוע</QtyInPackage><UnitOfMeasurePrice>4.3000</UnitOfMeasurePrice><AllowDiscount>1</AllowDiscount><ItemStatus>1</ItemStatus><ItemPrice>4.30</ItemPrice></item><item><PriceUpdateDate>2016-05-31 06:15:50</PriceUpdateDate><ItemCode>7290000432656</ItemCode><ItemType>1</ItemType><ItemName>נרות שבת מס' 8</ItemName><ManufacturerName>נר ציון</ManufacturerName><ManufactureCountry>ישראל</ManufactureCountry><ManufacturerItemDescription>נרות שבת מס .180-8גר</ManufacturerItemDescription><SoldByWeight/><Quantity>1.00</Quantity><UnitOfMeasure>יח'</UnitOfMeasure><QtyInPackage>לא ידוע</QtyInPackage><UnitOfMeasurePrice>4.3000</UnitOfMeasurePrice><AllowDiscount>1</AllowDiscount><ItemStatus>1</ItemStatus><ItemPrice>4.30</ItemPrice></item><item><PriceUpdateDate>2016-05-31 06:15:50</PriceUpdateDate><ItemCode>7290000432663</ItemCode><ItemType>1</ItemType><ItemName>נרות שבת מס' 10</ItemName><ManufacturerName>נר ציון</ManufacturerName><ManufactureCountry>ישראל</ManufactureCountry><ManufacturerItemDescription>נרות שבת מס .180-10גר</ManufacturerItemDescription><SoldByWeight/><Quantity>1.00</Quantity><UnitOfMeasure>יח'</UnitOfMeasure><QtyInPackage>לא ידוע</QtyInPackage><UnitOfMeasurePrice>4.3000</UnitOfMeasurePrice><AllowDiscount>1</AllowDiscount><ItemStatus>1</ItemStatus><ItemPrice>4.30</ItemPrice></item><item><PriceUpdateDate>2016-05-31 06:15:50</PriceUpdateDate><ItemCode>7290000432687</ItemCode><ItemType>1</ItemType><ItemName>נרות שבת מס' 16</ItemName><ManufacturerName>נר ציון</ManufacturerName><ManufactureCountry>ישראל</ManufactureCountry><ManufacturerItemDescription>נרות שבת מס' 16</ManufacturerItemDescription><SoldByWeight/><Quantity>1.00</Quantity><UnitOfMeasure>יח'</UnitOfMeasure><QtyInPackage>לא ידוע</QtyInPackage><UnitOfMeasurePrice>4.3000</UnitOfMeasurePrice><AllowDiscount>1</AllowDiscount><ItemStatus>1</ItemStatus><ItemPrice>4.30</ItemPrice></item><item><PriceUpdateDate>2015-11-10 07:31:55</PriceUpdateDate><ItemCode>7290000432922</ItemCode><ItemType>1</ItemType><ItemName>נריות בפלסטיק 72 יח'</ItemName><ManufacturerName>נר ציון</ManufacturerName><ManufactureCountry>ישראל</ManufactureCountry><ManufacturerItemDescription>נריות בפלסטיק 72 יח'</ManufacturerItemDescription><SoldByWeight/><Quantity>1.00</Quantity><UnitOfMeasure>יח'</UnitOfMeasure><QtyInPackage>לא ידוע</QtyInPackage><UnitOfMeasurePrice>38.1000</UnitOfMeasurePrice><AllowDiscount>1</AllowDiscount><ItemStatus>1</ItemStatus><ItemPrice>38.10</ItemPrice></item><item><PriceUpdateDate>2016-05-31 06:14:28</PriceUpdateDate><ItemCode>7290000433080</ItemCode><ItemType>1</ItemType><ItemName>טונה סטארקיסט בשמן 1</ItemName><ManufacturerName>סטארקיסט</ManufacturerName><ManufactureCountry>ישראל</ManufactureCountry><ManufacturerItemDescription>טונה סטארקיסט בשמן160 גר</ManufacturerItemDescription><SoldByWeight/><Quantity>112.00</Quantity><UnitOfMeasure>גרם     </UnitOfMeasure><QtyInPackage>לא ידוע</QtyInPackage><UnitOfMeasurePrice>0.0607</UnitOfMeasurePrice><AllowDiscount>1</AllowDiscount><ItemStatus>1</ItemStatus><ItemPrice>6.80</ItemPrice></item><item><PriceUpdateDate>2016-05-31 06:14:28</PriceUpdateDate><ItemCode>7290000433097</ItemCode><ItemType>1</ItemType><ItemName>טונה סטארקיסט במים 1</ItemName><ManufacturerName>סטארקיסט</ManufacturerName><ManufactureCountry>ישראל</ManufactureCountry><ManufacturerItemDescription>טונה סטארקיסט במים160 גר</ManufacturerItemDescription><SoldByWeight/><Quantity>112.00</Quantity><UnitOfMeasure>גרם     </UnitOfMeasure><QtyInPackage>לא ידוע</QtyInPackage><UnitOfMeasurePrice>0.0607</UnitOfMeasurePrice><AllowDiscount>1</AllowDiscount><ItemStatus>1</ItemStatus><ItemPrice>6.80</ItemPrice></item><item><PriceUpdateDate>2016-06-28 07:02:31</PriceUpdateDate><ItemCode>7290000433134</ItemCode><ItemType>1</ItemType><ItemName>סיליט מסיר אבנית וחל</ItemName><ManufacturerName>סיליט</ManufacturerName><ManufactureCountry>פולין</ManufactureCountry><ManufacturerItemDescription>סיליט מסיר אבנית וחל</ManufacturerItemDescription><SoldByWeight/><Quantity>500.00</Quantity><UnitOfMeasure>מ"ל</UnitOfMeasure><QtyInPackage>לא ידוע</QtyInPackage><UnitOfMeasurePrice>0.0378</UnitOfMeasurePrice><AllowDiscount>1</AllowDiscount><ItemStatus>1</ItemStatus><ItemPrice>18.90</ItemPrice></item><item><PriceUpdateDate>2016-08-07 20:04:28</PriceUpdateDate><ItemCode>7290000433684</ItemCode><ItemType>1</ItemType><ItemName>פפסי קולה 1.5 ליטר</ItemName><ManufacturerName>פפסי</ManufacturerName><ManufactureCountry>ישראל</ManufactureCountry><ManufacturerItemDescription>פפסי קולה 1.5  ל</ManufacturerItemDescription><SoldByWeight/><Quantity>1500.00</Quantity><UnitOfMeasure>מ"ל</UnitOfMeasure><QtyInPackage>לא ידוע</QtyInPackage><UnitOfMeasurePrice>0.0046</UnitOfMeasurePrice><AllowDiscount>0</AllowDiscount><ItemStatus>1</ItemStatus><ItemPrice>6.90</ItemPrice></item><item><PriceUpdateDate>2016-08-07 20:04:28</PriceUpdateDate><ItemCode>7290000433714</ItemCode><ItemType>1</ItemType><ItemName>סבן אפ 1.5 ליטר</ItemName><ManufacturerName>7 אפ</ManufacturerName><ManufactureCountry>ישראל</ManufactureCountry><ManufacturerItemDescription>פפסי סבנאפ 1.5  ל</ManufacturerItemDescription><SoldByWeight/><Quantity>1500.00</Quantity><UnitOfMeasure>מ"ל</UnitOfMeasure><QtyInPackage>לא ידוע</QtyInPackage><UnitOfMeasurePrice>0.0046</UnitOfMeasurePrice><AllowDiscount>1</AllowDiscount><ItemStatus>1</ItemStatus><ItemPrice>6.90</ItemPrice></item><item><PriceUpdateDate>2015-10-19 10:44:26</PriceUpdateDate><ItemCode>7290000433745</ItemCode><ItemType>1</ItemType><ItemName>מירנדה 1.5 ליטר</ItemName><ManufacturerName>מירינדה תפוז</ManufacturerName><ManufactureCountry>ישראל</ManufactureCountry><ManufacturerItemDescription>פפסי מירינדה 1.5  ל</ManufacturerItemDescription><SoldByWeight/><Quantity>1500.00</Quantity><UnitOfMeasure>מ"ל</UnitOfMeasure><QtyInPackage>לא ידוע</QtyInPackage><UnitOfMeasurePrice>0.0049</UnitOfMeasurePrice><AllowDiscount>0</AllowDiscount><ItemStatus>1</ItemStatus><ItemPrice>7.30</ItemPrice></item><item><PriceUpdateDate>2016-08-07 20:04:28</PriceUpdateDate><ItemCode>7290000433899</ItemCode><ItemType>1</ItemType><ItemName>סבן אפ דיאט 1.5 ליטר</ItemName><ManufacturerName>7 אפ דיאט</ManufacturerName><ManufactureCountry>ישראל</ManufactureCountry><ManufacturerItemDescription>פפסי סבנאפ דיאט 1.5  ל</ManufacturerItemDescription><SoldByWeight/><Quantity>1500.00</Quantity><UnitOfMeasure>מ"ל</UnitOfMeasure><QtyInPackage>לא ידוע</QtyInPackage><UnitOfMeasurePrice>0.0046</UnitOfMeasurePrice><AllowDiscount>1</AllowDiscount><ItemStatus>1</ItemStatus><ItemPrice>6.90</ItemPrice></item><item><PriceUpdateDate>2016-05-31 06:14:29</PriceUpdateDate><ItemCode>7290000433912</ItemCode><ItemType>1</ItemType><ItemName>מג'יק ארוחת אטריות ט</ItemName><ManufacturerName>מגיק</ManufacturerName><ManufactureCountry>ישראל</ManufactureCountry><ManufacturerItemDescription>תבשיל מגיק בכוס עוף 70 ג</ManufacturerItemDescription><SoldByWeight/><Quantity>14.00</Quantity><UnitOfMeasure>גרם     </UnitOfMeasure><QtyInPackage>לא ידוע</QtyInPackage><UnitOfMeasurePrice>0.4857</UnitOfMeasurePrice><AllowDiscount>1</AllowDiscount><ItemStatus>1</ItemStatus><ItemPrice>6.80</ItemPrice></item><item><PriceUpdateDate>2016-05-31 06:14:29</PriceUpdateDate><ItemCode>7290000433929</ItemCode><ItemType>1</ItemType><ItemName>מג'יק ארוחת אטריות ט</ItemName><ManufacturerName>מג'יק</ManufacturerName><ManufactureCountry>ישראל</ManufactureCountry><ManufacturerItemDescription>תבשיל מגיק בכוס בקר 70 גר</ManufacturerItemDescription><SoldByWeight/><Quantity>14.00</Quantity><UnitOfMeasure>גרם     </UnitOfMeasure><QtyInPackage>לא ידוע</QtyInPackage><UnitOfMeasurePrice>0.4857</UnitOfMeasurePrice><AllowDiscount>1</AllowDiscount><ItemStatus>1</ItemStatus><ItemPrice>6.80</ItemPrice></item><item><PriceUpdateDate>2016-08-07 20:04:28</PriceUpdateDate><ItemCode>7290000433974</ItemCode><ItemType>1</ItemType><ItemName>פפסי מקס 1.5 ליטר</ItemName><ManufacturerName>פפסי מקס</ManufacturerName><ManufactureCountry>ישראל</ManufactureCountry><ManufacturerItemDescription>פפסי קולה מקס 1.5 ללא סוכ</ManufacturerItemDescription><SoldByWeight/><Quantity>1500.00</Quantity><UnitOfMeasure>מ"ל</UnitOfMeasure><QtyInPackage>לא ידוע</QtyInPackage><UnitOfMeasurePrice>0.0046</UnitOfMeasurePrice><AllowDiscount>0</AllowDiscount><ItemStatus>1</ItemStatus><ItemPrice>6.90</ItemPrice></item><item><PriceUpdateDate>2016-06-28 07:02:31</PriceUpdateDate><ItemCode>7290000434049</ItemCode><ItemType>1</ItemType><ItemName>כריות צוקולדה 750 גר</ItemName><ManufacturerName>כריות</ManufacturerName><ManufactureCountry>ישראל</ManufactureCountry><ManufacturerItemDescription>כריות צוקולדה 750 גר</ManufacturerItemDescription><SoldByWeight/><Quantity>750.00</Quantity><UnitOfMeasure>גרם     </UnitOfMeasure><QtyInPackage>לא ידוע</QtyInPackage><UnitOfMeasurePrice>0.0380</UnitOfMeasurePrice><AllowDiscount>1</AllowDiscount><ItemStatus>1</ItemStatus><ItemPrice>28.50</ItemPrice></item><item><PriceUpdateDate>2016-08-07 20:02:44</PriceUpdateDate><ItemCode>7290000434063</ItemCode><ItemType>1</ItemType><ItemName>חטיף דגנים שוגי פצפו</ItemName><ManufacturerName>שוגי</ManufacturerName><ManufactureCountry>ישראל</ManufactureCountry><ManufacturerItemDescription>חטיף דגנים פצפוצי שוקו 18</ManufacturerItemDescription><SoldByWeight/><Quantity>184.00</Quantity><UnitOfMeasure>גרם     </UnitOfMeasure><QtyInPackage>לא ידוע</QtyInPackage><UnitOfMeasurePrice>0.1245</UnitOfMeasurePrice><AllowDiscount>1</AllowDiscount><ItemStatus>1</ItemStatus><ItemPrice>22.90</ItemPrice></item><item><PriceUpdateDate>2016-05-01 10:28:28</PriceUpdateDate><ItemCode>7290000434452</ItemCode><ItemType>1</ItemType><ItemName>סוכריות מנטוס פירות</ItemName><ManufacturerName>מנטוס</ManufacturerName><ManufactureCountry>הולנד</ManufactureCountry><ManufacturerItemDescription>סוכריות מנטוס   רות37.5ג</ManufacturerItemDescription><SoldByWeight/><Quantity>0.00</Quantity><UnitOfMeasure>יח'</UnitOfMeasure><QtyInPackage>לא ידוע</QtyInPackage><UnitOfMeasurePrice>0.0000</UnitOfMeasurePrice><AllowDiscount>1</AllowDiscount><ItemStatus>1</ItemStatus><ItemPrice>3.90</ItemPrice></item><item><PriceUpdateDate>2016-05-01 10:28:28</PriceUpdateDate><ItemCode>7290000434469</ItemCode><ItemType>1</ItemType><ItemName>סוכריות מנטוס מנטה ב</ItemName><ManufacturerName>מנטוס</ManufacturerName><ManufactureCountry>הולנד</ManufactureCountry><ManufacturerItemDescription>סוכריות מנטוס   37.5 גרם</ManufacturerItemDescription><SoldByWeight/><Quantity>0.00</Quantity><UnitOfMeasure>יח'</UnitOfMeasure><QtyInPackage>לא ידוע</QtyInPackage><UnitOfMeasurePrice>0.0000</UnitOfMeasurePrice><AllowDiscount>1</AllowDiscount><ItemStatus>1</ItemStatus><ItemPrice>3.90</ItemPrice></item><item><PriceUpdateDate>2016-05-01 10:28:29</PriceUpdateDate><ItemCode>7290000434568</ItemCode><ItemType>1</ItemType><ItemName>קישוטי עוגה 150 גרם</ItemName><ManufacturerName>ליימן חטיבת המותגים</ManufacturerName><ManufactureCountry>ישראל</ManufactureCountry><ManufacturerItemDescription>קישוטי עוגה 150 גרם</ManufacturerItemDescription><SoldByWeight/><Quantity>150.00</Quantity><UnitOfMeasure>גרם     </UnitOfMeasure><QtyInPackage>לא ידוע</QtyInPackage><UnitOfMeasurePrice>0.1020</UnitOfMeasurePrice><AllowDiscount>1</AllowDiscount><ItemStatus>1</ItemStatus><ItemPrice>15.30</ItemPrice></item><item><PriceUpdateDate>2016-08-02 09:29:10</PriceUpdateDate><ItemCode>7290000434575</ItemCode><ItemType>1</ItemType><ItemName>מב מלוואח שלושת האופ</ItemName><ManufacturerName>שלושת האופים</ManufacturerName><ManufactureCountry>ישראל</ManufactureCountry><ManufacturerItemDescription>מלאווח 700 גרם שלושת האופ</ManufacturerItemDescription><SoldByWeight/><Quantity>700.00</Quantity><UnitOfMeasure>גרם     </UnitOfMeasure><QtyInPackage>לא ידוע</QtyInPackage><UnitOfMeasurePrice>0.0184</UnitOfMeasurePrice><AllowDiscount>1</AllowDiscount><ItemStatus>1</ItemStatus><ItemPrice>12.90</ItemPrice></item><item><PriceUpdateDate>2016-05-01 10:28:29</PriceUpdateDate><ItemCode>7290000434667</ItemCode><ItemType>1</ItemType><ItemName>קציצות דג מבושלות 75</ItemName><ManufacturerName>דלידג</ManufacturerName><ManufactureCountry>ישראל</ManufactureCountry><ManufacturerItemDescription>קציצות דג לבישול 750 גרם</ManufacturerItemDescription><SoldByWeight/><Quantity>750.00</Quantity><UnitOfMeasure>גרם     </UnitOfMeasure><QtyInPackage>לא ידוע</QtyInPackage><UnitOfMeasurePrice>0.0440</UnitOfMeasurePrice><AllowDiscount>1</AllowDiscount><ItemStatus>1</ItemStatus><ItemPrice>33.00</ItemPrice></item><item><PriceUpdateDate>2016-02-11 06:58:44</PriceUpdateDate><ItemCode>7290000435060</ItemCode><ItemType>1</ItemType><ItemName>גבינת סקי 5% 500 גרם</ItemName><ManufacturerName>שטראוס</ManufacturerName><ManufactureCountry>ישראל</ManufactureCountry><ManufacturerItemDescription>גבינה סקי 500 5% גרם</ManufacturerItemDescription><SoldByWeight/><Quantity>500.00</Quantity><UnitOfMeasure>גרם     </UnitOfMeasure><QtyInPackage>לא ידוע</QtyInPackage><UnitOfMeasurePrice>0.0184</UnitOfMeasurePrice><AllowDiscount>0</AllowDiscount><ItemStatus>1</ItemStatus><ItemPrice>9.20</ItemPrice></item><item><PriceUpdateDate>2015-10-11 06:43:21</PriceUpdateDate><ItemCode>7290000435077</ItemCode><ItemType>1</ItemType><ItemName>דנונה טבעי 0% 200 גר</ItemName><ManufacturerName>דנונה</ManufacturerName><ManufactureCountry>ישראל</ManufactureCountry><ManufacturerItemDescription>דנונה 200 -0% גרם</ManufacturerItemDescription><SoldByWeight/><Quantity>200.00</Quantity><UnitOfMeasure>גרם     </UnitOfMeasure><QtyInPackage>לא ידוע</QtyInPackage><UnitOfMeasurePrice>0.0200</UnitOfMeasurePrice><AllowDiscount>1</AllowDiscount><ItemStatus>1</ItemStatus><ItemPrice>4.00</ItemPrice></item><item><PriceUpdateDate>2016-02-11 06:58:44</PriceUpdateDate><ItemCode>7290000435091</ItemCode><ItemType>1</ItemType><ItemName>גבינת סקי 5% 250 גרם</ItemName><ManufacturerName>שטראוס</ManufacturerName><ManufactureCountry>ישראל</ManufactureCountry><ManufacturerItemDescription>גבינה סקי 250 5% גר   .פי</ManufacturerItemDescription><SoldByWeight/><Quantity>250.00</Quantity><UnitOfMeasure>גרם     </UnitOfMeasure><QtyInPackage>לא ידוע</QtyInPackage><UnitOfMeasurePrice>0.0184</UnitOfMeasurePrice><AllowDiscount>1</AllowDiscount><ItemStatus>1</ItemStatus><ItemPrice>4.60</ItemPrice></item><item><PriceUpdateDate>2016-08-02 09:29:10</PriceUpdateDate><ItemCode>7290000435138</ItemCode><ItemType>1</ItemType><ItemName>סלט כרוב אדום אחלה 5</ItemName><ManufacturerName>אחלה</ManufacturerName><ManufactureCountry>ישראל</ManufactureCountry><ManufacturerItemDescription>סלט 500כרוב אדום אחלה</ManufacturerItemDescription><SoldByWeight/><Quantity>500.00</Quantity><UnitOfMeasure>גרם     </UnitOfMeasure><QtyInPackage>לא ידוע</QtyInPackage><UnitOfMeasurePrice>0.0298</UnitOfMeasurePrice><AllowDiscount>1</AllowDiscount><ItemStatus>1</ItemStatus><ItemPrice>14.90</ItemPrice></item><item><PriceUpdateDate>2015-10-19 10:39:52</PriceUpdateDate><ItemCode>7290000435398</ItemCode><ItemType>1</ItemType><ItemName>גבינה מותכת למריחה 1</ItemName><ManufacturerName>טרה</ManufacturerName><ManufactureCountry>ישראל</ManufactureCountry><ManufacturerItemDescription>גבינה מותכת למריחה 1</ManufacturerItemDescription><SoldByWeight/><Quantity>100.00</Quantity><UnitOfMeasure>גרם     </UnitOfMeasure><QtyInPackage>לא ידוע</QtyInPackage><UnitOfMeasurePrice>0.0710</UnitOfMeasurePrice><AllowDiscount>1</AllowDiscount><ItemStatus>1</ItemStatus><ItemPrice>7.10</ItemPrice></item><item><PriceUpdateDate>2015-11-12 06:47:49</PriceUpdateDate><ItemCode>7290000435411</ItemCode><ItemType>1</ItemType><ItemName>קוטג' 5% טרה 250 גרם</ItemName><ManufacturerName>טרה</ManufacturerName><ManufactureCountry>ישראל</ManufactureCountry><ManufacturerItemDescription>קוטג מועשר 250 5% גרם</ManufacturerItemDescription><SoldByWeight/><Quantity>250.00</Quantity><UnitOfMeasure>גרם     </UnitOfMeasure><QtyInPackage>לא ידוע</QtyInPackage><UnitOfMeasurePrice>0.0228</UnitOfMeasurePrice><AllowDiscount>1</AllowDiscount><ItemStatus>1</ItemStatus><ItemPrice>5.70</ItemPrice></item><item><PriceUpdateDate>2016-05-01 10:28:30</PriceUpdateDate><ItemCode>7290000435428</ItemCode><ItemType>1</ItemType><ItemName>בירה טובורג בקבוק חו</ItemName><ManufacturerName>טובורג רד</ManufacturerName><ManufactureCountry>ישראל</ManufactureCountry><ManufacturerItemDescription>בירה טובורג0.5 ל.בקבוק חו</ManufacturerItemDescription><SoldByWeight/><Quantity>500.00</Quantity><UnitOfMeasure>מ"ל</UnitOfMeasure><QtyInPackage>לא ידוע</QtyInPackage><UnitOfMeasurePrice>0.0170</UnitOfMeasurePrice><AllowDiscount>1</AllowDiscount><ItemStatus>1</ItemStatus><ItemPrice>8.50</ItemPrice></item><item><PriceUpdateDate>2016-05-31 06:14:29</PriceUpdateDate><ItemCode>7290000435459</ItemCode><ItemType>1</ItemType><ItemName>מיץ פריגת תפוזים 1.5</ItemName><ManufacturerName>פריגת</ManufacturerName><ManufactureCountry>ישראל</ManufactureCountry><ManufacturerItemDescription>משקל פריגת תפוזים</ManufacturerItemDescription><SoldByWeight/><Quantity>1500.00</Quantity><UnitOfMeasure>מ"ל</UnitOfMeasure><QtyInPackage>לא ידוע</QtyInPackage><UnitOfMeasurePrice>0.0045</UnitOfMeasurePrice><AllowDiscount>0</AllowDiscount><ItemStatus>1</ItemStatus><ItemPrice>6.80</ItemPrice></item><item><PriceUpdateDate>2016-05-31 06:14:29</PriceUpdateDate><ItemCode>7290000435466</ItemCode><ItemType>1</ItemType><ItemName>מיץ פריגת אשכוליות 1</ItemName><ManufacturerName>פריגת</ManufacturerName><ManufactureCountry>ישראל</ManufactureCountry><ManufacturerItemDescription>משקל פריגת אשכוליות</ManufacturerItemDescription><SoldByWeight/><Quantity>1500.00</Quantity><UnitOfMeasure>מ"ל</UnitOfMeasure><QtyInPackage>לא ידוע</QtyInPackage><UnitOfMeasurePrice>0.0045</UnitOfMeasurePrice><AllowDiscount>0</AllowDiscount><ItemStatus>1</ItemStatus><ItemPrice>6.80</ItemPrice></item><item><PriceUpdateDate>2016-03-01 06:59:36</PriceUpdateDate><ItemCode>7290000436050</ItemCode><ItemType>1</ItemType><ItemName>סירופ פריגתתפוחים די</ItemName><ManufacturerName>פריגת</ManufacturerName><ManufactureCountry>ישראל</ManufactureCountry><ManufacturerItemDescription>סירופ דיאט תפוחים 750 מל</ManufacturerItemDescription><SoldByWeight/><Quantity>750.00</Quantity><UnitOfMeasure>מ"ל</UnitOfMeasure><QtyInPackage>לא ידוע</QtyInPackage><UnitOfMeasurePrice>0.0257</UnitOfMeasurePrice><AllowDiscount>1</AllowDiscount><ItemStatus>1</ItemStatus><ItemPrice>19.30</ItemPrice></item><item><PriceUpdateDate>2016-03-01 06:59:36</PriceUpdateDate><ItemCode>7290000436135</ItemCode><ItemType>1</ItemType><ItemName>סירופ פריגתלימונים ד</ItemName><ManufacturerName>פריגת</ManufacturerName><ManufactureCountry>ישראל</ManufactureCountry><ManufacturerItemDescription>סירופ דיאט לימונים 750 מל</ManufacturerItemDescription><SoldByWeight/><Quantity>750.00</Quantity><UnitOfMeasure>מ"ל</UnitOfMeasure><QtyInPackage>לא ידוע</QtyInPackage><UnitOfMeasurePrice>0.0257</UnitOfMeasurePrice><AllowDiscount>1</AllowDiscount><ItemStatus>1</ItemStatus><ItemPrice>19.30</ItemPrice></item><item><PriceUpdateDate>2016-08-02 09:29:10</PriceUpdateDate><ItemCode>7290000436272</ItemCode><ItemType>1</ItemType><ItemName>שוקו יטבתה בקבוק 1 ל</ItemName><ManufacturerName>יטבתה</ManufacturerName><ManufactureCountry>ישראל</ManufactureCountry><ManufacturerItemDescription>שוקו יוטבתה1 ל.בקבוק</ManufacturerItemDescription><SoldByWeight/><Quantity>1000.00</Quantity><UnitOfMeasure>מ"ל</UnitOfMeasure><QtyInPackage>לא ידוע</QtyInPackage><UnitOfMeasurePrice>0.0119</UnitOfMeasurePrice><AllowDiscount>1</AllowDiscount><ItemStatus>1</ItemStatus><ItemPrice>11.90</ItemPrice></item><item><PriceUpdateDate>2016-03-15 11:31:26</PriceUpdateDate><ItemCode>7290000436340</ItemCode><ItemType>1</ItemType><ItemName>שוקו יטבתה עם פקק 25</ItemName><ManufacturerName>יטבתה</ManufacturerName><ManufactureCountry>ישראל</ManufactureCountry><ManufacturerItemDescription>שוקו יטבתה ספורטאים 250 מ</ManufacturerItemDescription><SoldByWeight/><Quantity>250.00</Quantity><UnitOfMeasure>מ"ל</UnitOfMeasure><QtyInPackage>לא ידוע</QtyInPackage><UnitOfMeasurePrice>0.0212</UnitOfMeasurePrice><AllowDiscount>1</AllowDiscount><ItemStatus>1</ItemStatus><ItemPrice>5.30</ItemPrice></item><item><PriceUpdateDate>2016-06-15 06:49:53</PriceUpdateDate><ItemCode>7290000436388</ItemCode><ItemType>1</ItemType><ItemName>חלב מועשר 3% מהדרין</ItemName><ManufacturerName>יטבתה</ManufacturerName><ManufactureCountry>ישראל</ManufactureCountry><ManufacturerItemDescription>חלב מועשר 2 3% ליטר</ManufacturerItemDescription><SoldByWeight/><Quantity>2000.00</Quantity><UnitOfMeasure>מ"ל</UnitOfMeasure><QtyInPackage>לא ידוע</QtyInPackage><UnitOfMeasurePrice>0.0080</UnitOfMeasurePrice><AllowDiscount>1</AllowDiscount><ItemStatus>1</ItemStatus><ItemPrice>15.90</ItemPrice></item><item><PriceUpdateDate>2015-01-27 10:34:10</PriceUpdateDate><ItemCode>7290000436470</ItemCode><ItemType>1</ItemType><ItemName>פסטרמה בפפריקה מהדרי</ItemName><ManufacturerName>טירת צבי</ManufacturerName><ManufactureCountry>ישראל</ManufactureCountry><ManufacturerItemDescription>פסטרמה בפפריקה מהדרי</ManufacturerItemDescription><SoldByWeight/><Quantity>400.00</Quantity><UnitOfMeasure>גרם     </UnitOfMeasure><QtyInPackage>לא ידוע</QtyInPackage><UnitOfMeasurePrice>0.0835</UnitOfMeasurePrice><AllowDiscount>1</AllowDiscount><ItemStatus>1</ItemStatus><ItemPrice>33.40</ItemPrice></item><item><PriceUpdateDate>2016-05-31 06:14:30</PriceUpdateDate><ItemCode>7290000436630</ItemCode><ItemType>1</ItemType><ItemName>חרדל דיז''ון אקסטרה</ItemName><ManufacturerName>Reine Dijon</ManufacturerName><ManufactureCountry>צרפת</ManufactureCountry><ManufacturerItemDescription>חרדל דיגון אקסטרא פורטה 3</ManufacturerItemDescription><SoldByWeight/><Quantity>370.00</Quantity><UnitOfMeasure>גרם     </UnitOfMeasure><QtyInPackage>לא ידוע</QtyInPackage><UnitOfMeasurePrice>0.0359</UnitOfMeasurePrice><AllowDiscount>1</AllowDiscount><ItemStatus>1</ItemStatus><ItemPrice>13.30</ItemPrice></item><item><PriceUpdateDate>2016-03-15 11:31:26</PriceUpdateDate><ItemCode>7290000436678</ItemCode><ItemType>1</ItemType><ItemName>קוקה קולה שישייה. 1.</ItemName><ManufacturerName>קוקה קולה</ManufacturerName><ManufactureCountry>ישראל</ManufactureCountry><ManufacturerItemDescription>קוקה קולה 1.5 ל</ManufacturerItemDescription><SoldByWeight/><Quantity>9000.00</Quantity><UnitOfMeasure>מ"ל</UnitOfMeasure><QtyInPackage>לא ידוע</QtyInPackage><UnitOfMeasurePrice>0.0040</UnitOfMeasurePrice><AllowDiscount>1</AllowDiscount><ItemStatus>1</ItemStatus><ItemPrice>35.90</ItemPrice></item><item><PriceUpdateDate>2016-05-01 10:28:31</PriceUpdateDate><ItemCode>7290000436760</ItemCode><ItemType>1</ItemType><ItemName>מג'יק אטריות בט. בשר</ItemName><ManufacturerName>מגיק</ManufacturerName><ManufactureCountry>ישראל</ManufactureCountry><ManufacturerItemDescription>מג'יק אטריות בט. בשר</ManufacturerItemDescription><SoldByWeight/><Quantity>14.00</Quantity><UnitOfMeasure>גרם     </UnitOfMeasure><QtyInPackage>לא ידוע</QtyInPackage><UnitOfMeasurePrice>0.3000</UnitOfMeasurePrice><AllowDiscount>1</AllowDiscount><ItemStatus>1</ItemStatus><ItemPrice>4.20</ItemPrice></item><item><PriceUpdateDate>2016-05-01 10:28:31</PriceUpdateDate><ItemCode>7290000436777</ItemCode><ItemType>1</ItemType><ItemName>מג'ק אטריות בטעם מרק</ItemName><ManufacturerName>מגיק</ManufacturerName><ManufactureCountry>ישראל</ManufactureCountry><ManufacturerItemDescription>מג'ק אטריות בטעם מרק</ManufacturerItemDescription><SoldByWeight/><Quantity>14.00</Quantity><UnitOfMeasure>גרם     </UnitOfMeasure><QtyInPackage>לא ידוע</QtyInPackage><UnitOfMeasurePrice>0.3000</UnitOfMeasurePrice><AllowDiscount>1</AllowDiscount><ItemStatus>1</ItemStatus><ItemPrice>4.20</ItemPrice></item><item><PriceUpdateDate>2015-10-19 10:39:52</PriceUpdateDate><ItemCode>7290000436852</ItemCode><ItemType>1</ItemType><ItemName>יוגורט עיזים טבעי 15</ItemName><ManufacturerName>משק צוריאל</ManufacturerName><ManufactureCountry>ישראל</ManufactureCountry><ManufacturerItemDescription>יוגורט עיזים 150 3.9% גר</ManufacturerItemDescription><SoldByWeight/><Quantity>140.00</Quantity><UnitOfMeasure>מ"ל</UnitOfMeasure><QtyInPackage>לא ידוע</QtyInPackage><UnitOfMeasurePrice>0.0493</UnitOfMeasurePrice><AllowDiscount>0</AllowDiscount><ItemStatus>1</ItemStatus><ItemPrice>6.90</ItemPrice></item><item><PriceUpdateDate>2015-10-19 10:39:52</PriceUpdateDate><ItemCode>7290000436883</ItemCode><ItemType>1</ItemType><ItemName>טופו טבעי 300 גרם</ItemName><ManufacturerName>משק צוריאל</ManufacturerName><ManufactureCountry>ארצות הברית</ManufactureCountry><ManufacturerItemDescription>טופו גולמי ואקום 300 גר</ManufacturerItemDescription><SoldByWeight/><Quantity>300.00</Quantity><UnitOfMeasure>גרם     </UnitOfMeasure><QtyInPackage>לא ידוע</QtyInPackage><UnitOfMeasurePrice>0.0463</UnitOfMeasurePrice><AllowDiscount>1</AllowDiscount><ItemStatus>1</ItemStatus><ItemPrice>13.90</ItemPrice></item><item><PriceUpdateDate>2016-08-02 09:29:10</PriceUpdateDate><ItemCode>7290000437088</ItemCode><ItemType>1</ItemType><ItemName>קשיו קלוי 200 גרם</ItemName><ManufacturerName>ליימן חטיבת המותגים</ManufacturerName><ManufactureCountry>ישראל</ManufactureCountry><ManufacturerItemDescription>אגוז קשיו קלוי 200 גרם</ManufacturerItemDescription><SoldByWeight/><Quantity>200.00</Quantity><UnitOfMeasure>גרם     </UnitOfMeasure><QtyInPackage>לא ידוע</QtyInPackage><UnitOfMeasurePrice>0.1185</UnitOfMeasurePrice><AllowDiscount>1</AllowDiscount><ItemStatus>1</ItemStatus><ItemPrice>23.70</ItemPrice></item><item><PriceUpdateDate>2016-01-05 06:58:04</PriceUpdateDate><ItemCode>7290000437118</ItemCode><ItemType>1</ItemType><ItemName>פקאן טבעי 150 גרם</ItemName><ManufacturerName>ליימן חטיבת המותגים</ManufacturerName><ManufactureCountry>ישראל</ManufactureCountry><ManufacturerItemDescription>פקאן טבעי 150 גרם</ManufacturerItemDescription><SoldByWeight/><Quantity>150.00</Quantity><UnitOfMeasure>גרם     </UnitOfMeasure><QtyInPackage>לא ידוע</QtyInPackage><UnitOfMeasurePrice>0.1513</UnitOfMeasurePrice><AllowDiscount>1</AllowDiscount><ItemStatus>1</ItemStatus><ItemPrice>22.70</ItemPrice></item><item><PriceUpdateDate>2016-03-29 07:50:02</PriceUpdateDate><ItemCode>7290000437316</ItemCode><ItemType>1</ItemType><ItemName>בקר טחון קפוא 500 גר</ItemName><ManufacturerName>טיבון ויל</ManufacturerName><ManufactureCountry>ישראל</ManufactureCountry><ManufacturerItemDescription>טחון עגל 500 גר</ManufacturerItemDescription><SoldByWeight/><Quantity>500.00</Quantity><UnitOfMeasure>גרם     </UnitOfMeasure><QtyInPackage>לא ידוע</QtyInPackage><UnitOfMeasurePrice>0.0558</UnitOfMeasurePrice><AllowDiscount>1</AllowDiscount><ItemStatus>1</ItemStatus><ItemPrice>27.90</ItemPrice></item><item><PriceUpdateDate>2016-08-02 09:29:11</PriceUpdateDate><ItemCode>7290000437408</ItemCode><ItemType>1</ItemType><ItemName>מב נקניק פסטרמה על ג</ItemName><ManufacturerName>טירת צבי</ManufacturerName><ManufactureCountry>ישראל</ManufactureCountry><ManufacturerItemDescription>פסטרמה על גחלים 400 גר</ManufacturerItemDescription><SoldByWeight/><Quantity>400.00</Quantity><UnitOfMeasure>גרם     </UnitOfMeasure><QtyInPackage>לא ידוע</QtyInPackage><UnitOfMeasurePrice>0.0672</UnitOfMeasurePrice><AllowDiscount>1</AllowDiscount><ItemStatus>1</ItemStatus><ItemPrice>26.90</ItemPrice></item><item><PriceUpdateDate>2016-08-02 09:29:11</PriceUpdateDate><ItemCode>7290000437422</ItemCode><ItemType>1</ItemType><ItemName>מב נקניק סלמי קוניאק</ItemName><ManufacturerName>טירת צבי</ManufacturerName><ManufactureCountry>ישראל</ManufactureCountry><ManufacturerItemDescription>סלמי קוניאק מובחר 300 גר</ManufacturerItemDescription><SoldByWeight/><Quantity>300.00</Quantity><UnitOfMeasure>גרם     </UnitOfMeasure><QtyInPackage>לא ידוע</QtyInPackage><UnitOfMeasurePrice>0.0830</UnitOfMeasurePrice><AllowDiscount>1</AllowDiscount><ItemStatus>1</ItemStatus><ItemPrice>24.90</ItemPrice></item><item><PriceUpdateDate>2016-01-03 06:53:27</PriceUpdateDate><ItemCode>7290000437453</ItemCode><ItemType>1</ItemType><ItemName>נקניק כתף בקר מעושן</ItemName><ManufacturerName>טירת צבי</ManufacturerName><ManufactureCountry>ישראל</ManufactureCountry><ManufacturerItemDescription>כתף בקר מעושן 400 גר</ManufacturerItemDescription><SoldByWeight/><Quantity>400.00</Quantity><UnitOfMeasure>גרם     </UnitOfMeasure><QtyInPackage>לא ידוע</QtyInPackage><UnitOfMeasurePrice>0.0947</UnitOfMeasurePrice><AllowDiscount>1</AllowDiscount><ItemStatus>1</ItemStatus><ItemPrice>37.90</ItemPrice></item><item><PriceUpdateDate>2016-05-31 06:14:31</PriceUpdateDate><ItemCode>7290000437552</ItemCode><ItemType>1</ItemType><ItemName>דאו' סטיק דאב מלפפונ</ItemName><ManufacturerName>דאב</ManufacturerName><ManufactureCountry>ישראל</ManufactureCountry><ManufacturerItemDescription>דאודורנט דאב     טאצ50'ג</ManufacturerItemDescription><SoldByWeight/><Quantity>50.00</Quantity><UnitOfMeasure>גרם     </UnitOfMeasure><QtyInPackage>לא ידוע</QtyInPackage><UnitOfMeasurePrice>0.6200</UnitOfMeasurePrice><AllowDiscount>1</AllowDiscount><ItemStatus>1</ItemStatus><ItemPrice>31.00</ItemPrice></item><item><PriceUpdateDate>2016-03-15 11:31:27</PriceUpdateDate><ItemCode>7290000437682</ItemCode><ItemType>1</ItemType><ItemName>דנונה בר פקאן סיני מ</ItemName><ManufacturerName>דנונה</ManufacturerName><ManufactureCountry>ישראל</ManufactureCountry><ManufacturerItemDescription>דנונהדגנים פקאןסיני+שוקול</ManufacturerItemDescription><SoldByWeight/><Quantity>183.00</Quantity><UnitOfMeasure>גרם     </UnitOfMeasure><QtyInPackage>לא ידוע</QtyInPackage><UnitOfMeasurePrice>0.0246</UnitOfMeasurePrice><AllowDiscount>1</AllowDiscount><ItemStatus>1</ItemStatus><ItemPrice>4.50</ItemPrice></item><item><PriceUpdateDate>2015-12-08 16:19:31</PriceUpdateDate><ItemCode>7290000437699</ItemCode><ItemType>1</ItemType><ItemName>גבינת סקי 9% 250 גרם</ItemName><ManufacturerName>שטראוס</ManufacturerName><ManufactureCountry>ישראל</ManufactureCountry><ManufacturerItemDescription>גבינה סקי 250 9% גר</ManufacturerItemDescription><SoldByWeight/><Quantity>250.00</Quantity><UnitOfMeasure>גרם     </UnitOfMeasure><QtyInPackage>לא ידוע</QtyInPackage><UnitOfMeasurePrice>0.0192</UnitOfMeasurePrice><AllowDiscount>1</AllowDiscount><ItemStatus>1</ItemStatus><ItemPrice>4.80</ItemPrice></item><item><PriceUpdateDate>2016-05-01 06:09:58</PriceUpdateDate><ItemCode>7290000437835</ItemCode><ItemType>1</ItemType><ItemName>היינץ מיולייט היינץ</ItemName><ManufacturerName>היינץ</ManufacturerName><ManufactureCountry>ספרד</ManufactureCountry><ManufacturerItemDescription>מיזלי קראנץ     ירות 1 ק</ManufacturerItemDescription><SoldByWeight/><Quantity>430.00</Quantity><UnitOfMeasure>גרם     </UnitOfMeasure><QtyInPackage>לא ידוע</QtyInPackage><UnitOfMeasurePrice>0.0286</UnitOfMeasurePrice><AllowDiscount>0</AllowDiscount><ItemStatus>1</ItemStatus><ItemPrice>12.30</ItemPrice></item><item><PriceUpdateDate>2016-05-01 06:09:58</PriceUpdateDate><ItemCode>7290000437842</ItemCode><ItemType>1</ItemType><ItemName>מיונז היינץ אמיתי 43</ItemName><ManufacturerName>היינץ</ManufacturerName><ManufactureCountry>ספרד</ManufactureCountry><ManufacturerItemDescription>גרנולה אגוזים   ק"ג</ManufacturerItemDescription><SoldByWeight/><Quantity>430.00</Quantity><UnitOfMeasure>גרם     </UnitOfMeasure><QtyInPackage>לא ידוע</QtyInPackage><UnitOfMeasurePrice>0.0286</UnitOfMeasurePrice><AllowDiscount>0</AllowDiscount><ItemStatus>1</ItemStatus><ItemPrice>12.30</ItemPrice></item><item><PriceUpdateDate>2016-06-28 07:02:32</PriceUpdateDate><ItemCode>7290000437958</ItemCode><ItemType>1</ItemType><ItemName>גבינה פילדלפיה לבנה</ItemName><ManufacturerName>פילדלפיה</ManufacturerName><ManufactureCountry>ארצות הברית</ManufactureCountry><ManufacturerItemDescription>דאק ג'ל נוזלי   נדר 55מל</ManufacturerItemDescription><SoldByWeight/><Quantity>227.00</Quantity><UnitOfMeasure>גרם     </UnitOfMeasure><QtyInPackage>לא ידוע</QtyInPackage><UnitOfMeasurePrice>0.0894</UnitOfMeasurePrice><AllowDiscount>1</AllowDiscount><ItemStatus>1</ItemStatus><ItemPrice>20.30</ItemPrice></item><item><PriceUpdateDate>2016-05-01 10:28:32</PriceUpdateDate><ItemCode>7290000437996</ItemCode><ItemType>1</ItemType><ItemName>סלט טונה ויליגר 160</ItemName><ManufacturerName>ויליגר</ManufacturerName><ManufactureCountry>ישראל</ManufactureCountry><ManufacturerItemDescription>סלט טונה ויליגר 160 גר</ManufacturerItemDescription><SoldByWeight/><Quantity>160.00</Quantity><UnitOfMeasure>גרם     </UnitOfMeasure><QtyInPackage>לא ידוע</QtyInPackage><UnitOfMeasurePrice>0.0381</UnitOfMeasurePrice><AllowDiscount>1</AllowDiscount><ItemStatus>1</ItemStatus><ItemPrice>6.10</ItemPrice></item><item><PriceUpdateDate>2016-03-15 11:31:27</PriceUpdateDate><ItemCode>7290000438320</ItemCode><ItemType>1</ItemType><ItemName>פאנטה אורנג' 1.5 ליט</ItemName><ManufacturerName>פאנטה אורנג</ManufacturerName><ManufactureCountry>ישראל</ManufactureCountry><ManufacturerItemDescription>פאנטה אורנג1.5 ל</ManufacturerItemDescription><SoldByWeight/><Quantity>1500.00</Quantity><UnitOfMeasure>מ"ל</UnitOfMeasure><QtyInPackage>לא ידוע</QtyInPackage><UnitOfMeasurePrice>0.0046</UnitOfMeasurePrice><AllowDiscount>1</AllowDiscount><ItemStatus>1</ItemStatus><ItemPrice>6.90</ItemPrice></item><item><PriceUpdateDate>2016-05-31 06:14:31</PriceUpdateDate><ItemCode>7290000438337</ItemCode><ItemType>1</ItemType><ItemName>מיץ פריגת תות בננה 1</ItemName><ManufacturerName>פריגת</ManufacturerName><ManufactureCountry>ישראל</ManufactureCountry><ManufacturerItemDescription>מיץ פריגת תות בננה 1</ManufacturerItemDescription><SoldByWeight/><Quantity>1500.00</Quantity><UnitOfMeasure>מ"ל</UnitOfMeasure><QtyInPackage>לא ידוע</QtyInPackage><UnitOfMeasurePrice>0.0045</UnitOfMeasurePrice><AllowDiscount>0</AllowDiscount><ItemStatus>1</ItemStatus><ItemPrice>6.80</ItemPrice></item><item><PriceUpdateDate>2016-03-15 11:31:27</PriceUpdateDate><ItemCode>7290000438368</ItemCode><ItemType>1</ItemType><ItemName>פאנטה דיאט 1.5 ליטר</ItemName><ManufacturerName>דיאט פאנטה אורנג</ManufacturerName><ManufactureCountry>ישראל</ManufactureCountry><ManufacturerItemDescription>פאנטה אורנג דיאט1.5 ל</ManufacturerItemDescription><SoldByWeight/><Quantity>1500.00</Quantity><UnitOfMeasure>מ"ל</UnitOfMeasure><QtyInPackage>לא ידוע</QtyInPackage><UnitOfMeasurePrice>0.0046</UnitOfMeasurePrice><AllowDiscount>1</AllowDiscount><ItemStatus>1</ItemStatus><ItemPrice>6.90</ItemPrice></item><item><PriceUpdateDate>2016-05-31 06:14:31</PriceUpdateDate><ItemCode>7290000438979</ItemCode><ItemType>1</ItemType><ItemName>פתית שוודי חסכוני בד</ItemName><ManufacturerName>פתית</ManufacturerName><ManufactureCountry>ישראל</ManufactureCountry><ManufacturerItemDescription>פתית שוודי חסכוני300 גר .</ManufacturerItemDescription><SoldByWeight/><Quantity>300.00</Quantity><UnitOfMeasure>גרם     </UnitOfMeasure><QtyInPackage>לא ידוע</QtyInPackage><UnitOfMeasurePrice>0.0590</UnitOfMeasurePrice><AllowDiscount>1</AllowDiscount><ItemStatus>1</ItemStatus><ItemPrice>17.70</ItemPrice></item><item><PriceUpdateDate>2016-05-01 10:28:32</PriceUpdateDate><ItemCode>7290000438986</ItemCode><ItemType>1</ItemType><ItemName>קורנפלקס תלמה בד"צ 7</ItemName><ManufacturerName>לא ממותג</ManufacturerName><ManufactureCountry>ישראל</ManufactureCountry><ManufacturerItemDescription>קורנפלקס תלמה בד"צ 7</ManufacturerItemDescription><SoldByWeight/><Quantity>750.00</Quantity><UnitOfMeasure>גרם     </UnitOfMeasure><QtyInPackage>לא ידוע</QtyInPackage><UnitOfMeasurePrice>0.0199</UnitOfMeasurePrice><AllowDiscount>0</AllowDiscount><ItemStatus>1</ItemStatus><ItemPrice>14.90</ItemPrice></item><item><PriceUpdateDate>2016-05-31 06:14:31</PriceUpdateDate><ItemCode>7290000439013</ItemCode><ItemType>1</ItemType><ItemName>ברנפלקס 500 גרם</ItemName><ManufacturerName>ברנפלקס - תלמה</ManufacturerName><ManufactureCountry>ישראל</ManufactureCountry><ManufacturerItemDescription>ברנפלקס בדץ 500 גרם</ManufacturerItemDescription><SoldByWeight/><Quantity>500.00</Quantity><UnitOfMeasure>גרם     </UnitOfMeasure><QtyInPackage>לא ידוע</QtyInPackage><UnitOfMeasurePrice>0.0398</UnitOfMeasurePrice><AllowDiscount>1</AllowDiscount><ItemStatus>1</ItemStatus><ItemPrice>19.90</ItemPrice></item><item><PriceUpdateDate>2016-05-31 06:14:32</PriceUpdateDate><ItemCode>7290000439068</ItemCode><ItemType>1</ItemType><ItemName>כריות נוגט בד"צ 750</ItemName><ManufacturerName>כריות</ManufacturerName><ManufactureCountry>ישראל</ManufactureCountry><ManufacturerItemDescription>כריות נוגט 750 גרם בדצ</ManufacturerItemDescription><SoldByWeight/><Quantity>750.00</Quantity><UnitOfMeasure>גרם     </UnitOfMeasure><QtyInPackage>לא ידוע</QtyInPackage><UnitOfMeasurePrice>0.0332</UnitOfMeasurePrice><AllowDiscount>1</AllowDiscount><ItemStatus>1</ItemStatus><ItemPrice>24.90</ItemPrice></item><item><PriceUpdateDate>2016-05-01 10:28:33</PriceUpdateDate><ItemCode>7290000439075</ItemCode><ItemType>1</ItemType><ItemName>נמס בכוס ועוד זך זוג</ItemName><ManufacturerName>קנור</ManufacturerName><ManufactureCountry>ישראל</ManufactureCountry><ManufacturerItemDescription>מרקנמס בכוס ועוד זך 048 ג</ManufacturerItemDescription><SoldByWeight/><Quantity>14.00</Quantity><UnitOfMeasure>גרם     </UnitOfMeasure><QtyInPackage>לא ידוע</QtyInPackage><UnitOfMeasurePrice>0.5929</UnitOfMeasurePrice><AllowDiscount>1</AllowDiscount><ItemStatus>1</ItemStatus><ItemPrice>8.30</ItemPrice></item><item><PriceUpdateDate>2016-06-28 07:02:33</PriceUpdateDate><ItemCode>7290000439228</ItemCode><ItemType>1</ItemType><ItemName>רוטב קנור טריאקי 300</ItemName><ManufacturerName>קנור</ManufacturerName><ManufactureCountry>ישראל</ManufactureCountry><ManufacturerItemDescription>רוטב קנור טריאקי 300</ManufacturerItemDescription><SoldByWeight/><Quantity>300.00</Quantity><UnitOfMeasure>גרם     </UnitOfMeasure><QtyInPackage>לא ידוע</QtyInPackage><UnitOfMeasurePrice>0.0463</UnitOfMeasurePrice><AllowDiscount>1</AllowDiscount><ItemStatus>1</ItemStatus><ItemPrice>13.90</ItemPrice></item><item><PriceUpdateDate>2016-02-01 19:32:24</PriceUpdateDate><ItemCode>7290000439310</ItemCode><ItemType>1</ItemType><ItemName>שוקולד ורד גליל זוג</ItemName><ManufacturerName>ורד הגליל</ManufacturerName><ManufactureCountry>ישראל</ManufactureCountry><ManufacturerItemDescription>שוקולד ורד גליל זוג</ManufacturerItemDescription><SoldByWeight/><Quantity>200.00</Quantity><UnitOfMeasure>גרם     </UnitOfMeasure><QtyInPackage>לא ידוע</QtyInPackage><UnitOfMeasurePrice>0.0710</UnitOfMeasurePrice><AllowDiscount>1</AllowDiscount><ItemStatus>1</ItemStatus><ItemPrice>14.20</ItemPrice></item><item><PriceUpdateDate>2016-05-01 10:28:34</PriceUpdateDate><ItemCode>7290000439433</ItemCode><ItemType>1</ItemType><ItemName>שוקולד פרה מריר ללא</ItemName><ManufacturerName>פרה</ManufacturerName><ManufactureCountry>ישראל</ManufactureCountry><ManufacturerItemDescription>שוקולד פרה מריר ללא סוכר1</ManufacturerItemDescription><SoldByWeight/><Quantity>100.00</Quantity><UnitOfMeasure>גרם     </UnitOfMeasure><QtyInPackage>לא ידוע</QtyInPackage><UnitOfMeasurePrice>0.0950</UnitOfMeasurePrice><AllowDiscount>1</AllowDiscount><ItemStatus>1</ItemStatus><ItemPrice>9.50</ItemPrice></item><item><PriceUpdateDate>2016-05-01 10:28:34</PriceUpdateDate><ItemCode>7290000439457</ItemCode><ItemType>1</ItemType><ItemName>שוקולד חלב פרה ללא ס</ItemName><ManufacturerName>פרה</ManufacturerName><ManufactureCountry>ישראל</ManufactureCountry><ManufacturerItemDescription>שוקולד חלב ללא סוכר 100 ג</ManufacturerItemDescription><SoldByWeight/><Quantity>100.00</Quantity><UnitOfMeasure>גרם     </UnitOfMeasure><QtyInPackage>לא ידוע</QtyInPackage><UnitOfMeasurePrice>0.0950</UnitOfMeasurePrice><AllowDiscount>1</AllowDiscount><ItemStatus>1</ItemStatus><ItemPrice>9.50</ItemPrice></item><item><PriceUpdateDate>2015-10-19 10:39:53</PriceUpdateDate><ItemCode>7290000439464</ItemCode><ItemType>1</ItemType><ItemName>חציל פיקנטי 500 גרם</ItemName><ManufacturerName>אחלה</ManufacturerName><ManufactureCountry>ישראל</ManufactureCountry><ManufacturerItemDescription>סלט 500חציל פיקנטי אחלה</ManufacturerItemDescription><SoldByWeight/><Quantity>500.00</Quantity><UnitOfMeasure>גרם     </UnitOfMeasure><QtyInPackage>לא ידוע</QtyInPackage><UnitOfMeasurePrice>0.0374</UnitOfMeasurePrice><AllowDiscount>1</AllowDiscount><ItemStatus>1</ItemStatus><ItemPrice>18.70</ItemPrice></item><item><PriceUpdateDate>2016-08-02 09:29:11</PriceUpdateDate><ItemCode>7290000439471</ItemCode><ItemType>1</ItemType><ItemName>מב רביולי במילוי גבי</ItemName><ManufacturerName>שטראוס</ManufacturerName><ManufactureCountry>ישראל</ManufactureCountry><ManufacturerItemDescription>פסטהשטראוס רביולי גבינה40</ManufacturerItemDescription><SoldByWeight/><Quantity>400.00</Quantity><UnitOfMeasure>גרם     </UnitOfMeasure><QtyInPackage>לא ידוע</QtyInPackage><UnitOfMeasurePrice>0.0422</UnitOfMeasurePrice><AllowDiscount>1</AllowDiscount><ItemStatus>1</ItemStatus><ItemPrice>16.90</ItemPrice></item><item><PriceUpdateDate>2016-08-02 09:29:11</PriceUpdateDate><ItemCode>7290000439488</ItemCode><ItemType>1</ItemType><ItemName>מב טורטלינו פטריות ג</ItemName><ManufacturerName>שטראוס</ManufacturerName><ManufactureCountry>ישראל</ManufactureCountry><ManufacturerItemDescription>פסטהשטראוס טורטלוני פטריו</ManufacturerItemDescription><SoldByWeight/><Quantity>400.00</Quantity><UnitOfMeasure>גרם     </UnitOfMeasure><QtyInPackage>לא ידוע</QtyInPackage><UnitOfMeasurePrice>0.0422</UnitOfMeasurePrice><AllowDiscount>1</AllowDiscount><ItemStatus>1</ItemStatus><ItemPrice>16.90</ItemPrice></item><item><PriceUpdateDate>2016-08-02 09:29:11</PriceUpdateDate><ItemCode>7290000439501</ItemCode><ItemType>1</ItemType><ItemName>קצפת ריצ' קפה 427 מ"</ItemName><ManufacturerName>ריצ</ManufacturerName><ManufactureCountry>ארצות הברית</ManufactureCountry><ManufacturerItemDescription>בייבי ביס       ר 50 גרם</ManufacturerItemDescription><SoldByWeight/><Quantity>427.00</Quantity><UnitOfMeasure>מ"ל</UnitOfMeasure><QtyInPackage>לא ידוע</QtyInPackage><UnitOfMeasurePrice>0.0267</UnitOfMeasurePrice><AllowDiscount>1</AllowDiscount><ItemStatus>1</ItemStatus><ItemPrice>11.40</ItemPrice></item><item><PriceUpdateDate>2016-06-28 07:02:33</PriceUpdateDate><ItemCode>7290000439525</ItemCode><ItemType>1</ItemType><ItemName>קצפת ריצ' פרווה 212</ItemName><ManufacturerName>ריצ</ManufacturerName><ManufactureCountry>ארצות הברית</ManufactureCountry><ManufacturerItemDescription>בייבי ביס       נה 50 גר</ManufacturerItemDescription><SoldByWeight/><Quantity>212.00</Quantity><UnitOfMeasure>מ"ל</UnitOfMeasure><QtyInPackage>לא ידוע</QtyInPackage><UnitOfMeasurePrice>0.0528</UnitOfMeasurePrice><AllowDiscount>1</AllowDiscount><ItemStatus>1</ItemStatus><ItemPrice>11.20</ItemPrice></item><item><PriceUpdateDate>2016-08-07 20:02:44</PriceUpdateDate><ItemCode>7290000439792</ItemCode><ItemType>1</ItemType><ItemName>יוגורט כד 7% תנובה 1</ItemName><ManufacturerName>יוגורט כדים תנובה</ManufacturerName><ManufactureCountry>ישראל</ManufactureCountry><ManufacturerItemDescription>יוגורט כד 7% תנובה 1</ManufacturerItemDescription><SoldByWeight/><Quantity>1500.00</Quantity><UnitOfMeasure>מ"ל</UnitOfMeasure><QtyInPackage>לא ידוע</QtyInPackage><UnitOfMeasurePrice>0.0119</UnitOfMeasurePrice><AllowDiscount>1</AllowDiscount><ItemStatus>1</ItemStatus><ItemPrice>17.90</ItemPrice></item><item><PriceUpdateDate>2016-06-13 16:01:03</PriceUpdateDate><ItemCode>7290000439808</ItemCode><ItemType>1</ItemType><ItemName>יופלה אננס 3% 150 גר</ItemName><ManufacturerName>יופלה</ManufacturerName><ManufactureCountry>ישראל</ManufactureCountry><ManufacturerItemDescription>יופלה אננס 150 3% מל</ManufacturerItemDescription><SoldByWeight/><Quantity>150.00</Quantity><UnitOfMeasure>גרם     </UnitOfMeasure><QtyInPackage>לא ידוע</QtyInPackage><UnitOfMeasurePrice>0.0327</UnitOfMeasurePrice><AllowDiscount>1</AllowDiscount><ItemStatus>1</ItemStatus><ItemPrice>4.90</ItemPrice></item><item><PriceUpdateDate>2015-10-11 06:43:22</PriceUpdateDate><ItemCode>7290000439822</ItemCode><ItemType>1</ItemType><ItemName>שוקו תנובה בשקית 225</ItemName><ManufacturerName>שוק</ManufacturerName><ManufactureCountry>ישראל</ManufactureCountry><ManufacturerItemDescription>שוקו שוק בשקית 225 מל</ManufacturerItemDescription><SoldByWeight/><Quantity>225.00</Quantity><UnitOfMeasure>מ"ל</UnitOfMeasure><QtyInPackage>לא ידוע</QtyInPackage><UnitOfMeasurePrice>0.0129</UnitOfMeasurePrice><AllowDiscount>1</AllowDiscount><ItemStatus>1</ItemStatus><ItemPrice>2.90</ItemPrice></item><item><PriceUpdateDate>2015-10-19 10:39:53</PriceUpdateDate><ItemCode>7290000439839</ItemCode><ItemType>1</ItemType><ItemName>מעדן קרלו וניל 1.5%</ItemName><ManufacturerName>קרלו</ManufacturerName><ManufactureCountry>ישראל</ManufactureCountry><ManufacturerItemDescription>קרלו מעדן וניל125 3%מל</ManufacturerItemDescription><SoldByWeight/><Quantity>125.00</Quantity><UnitOfMeasure>גרם     </UnitOfMeasure><QtyInPackage>לא ידוע</QtyInPackage><UnitOfMeasurePrice>0.0240</UnitOfMeasurePrice><AllowDiscount>1</AllowDiscount><ItemStatus>1</ItemStatus><ItemPrice>3.00</ItemPrice></item><item><PriceUpdateDate>2015-10-11 06:43:22</PriceUpdateDate><ItemCode>7290000439846</ItemCode><ItemType>1</ItemType><ItemName>מעדן קרלו שוקו 1.5%</ItemName><ManufacturerName>קרלו</ManufacturerName><ManufactureCountry>ישראל</ManufactureCountry><ManufacturerItemDescription>קרלו מעדן שוקו125 3% מל</ManufacturerItemDescription><SoldByWeight/><Quantity>125.00</Quantity><UnitOfMeasure>מ"ל</UnitOfMeasure><QtyInPackage>לא ידוע</QtyInPackage><UnitOfMeasurePrice>0.0240</UnitOfMeasurePrice><AllowDiscount>1</AllowDiscount><ItemStatus>1</ItemStatus><ItemPrice>3.00</ItemPrice></item><item><PriceUpdateDate>2015-10-11 06:43:22</PriceUpdateDate><ItemCode>7290000439853</ItemCode><ItemType>1</ItemType><ItemName>מעדן קרלו שוניל 1.5%</ItemName><ManufacturerName>קרלו</ManufacturerName><ManufactureCountry>ישראל</ManufactureCountry><ManufacturerItemDescription>קרלו מעדן שוניל 125 1.5%</ManufacturerItemDescription><SoldByWeight/><Quantity>125.00</Quantity><UnitOfMeasure>גרם     </UnitOfMeasure><QtyInPackage>לא ידוע</QtyInPackage><UnitOfMeasurePrice>0.0248</UnitOfMeasurePrice><AllowDiscount>1</AllowDiscount><ItemStatus>1</ItemStatus><ItemPrice>3.10</ItemPrice></item><item><PriceUpdateDate>2016-02-15 14:30:50</PriceUpdateDate><ItemCode>7290000439860</ItemCode><ItemType>1</ItemType><ItemName>יופלה דיאט דובדבן 0%</ItemName><ManufacturerName>יופלה</ManufacturerName><ManufactureCountry>ישראל</ManufactureCountry><ManufacturerItemDescription>יופלה דיאט דובדבן 150 מל</ManufacturerItemDescription><SoldByWeight/><Quantity>150.00</Quantity><UnitOfMeasure>גרם     </UnitOfMeasure><QtyInPackage>לא ידוע</QtyInPackage><UnitOfMeasurePrice>0.0353</UnitOfMeasurePrice><AllowDiscount>1</AllowDiscount><ItemStatus>1</ItemStatus><ItemPrice>5.30</ItemPrice></item><item><PriceUpdateDate>2016-03-29 07:50:03</PriceUpdateDate><ItemCode>7290000439891</ItemCode><ItemType>1</ItemType><ItemName>שוקו תנובה בשקית מאר</ItemName><ManufacturerName>תנובה</ManufacturerName><ManufactureCountry>ישראל</ManufactureCountry><ManufacturerItemDescription>שוקו מאגדת שקיות 225*6 מל</ManufacturerItemDescription><SoldByWeight/><Quantity>1350.00</Quantity><UnitOfMeasure>מ"ל</UnitOfMeasure><QtyInPackage>לא ידוע</QtyInPackage><UnitOfMeasurePrice>0.0124</UnitOfMeasurePrice><AllowDiscount>1</AllowDiscount><ItemStatus>1</ItemStatus><ItemPrice>16.70</ItemPrice></item><item><PriceUpdateDate>2016-08-02 09:29:11</PriceUpdateDate><ItemCode>7290000439914</ItemCode><ItemType>1</ItemType><ItemName>גבינה בולגרית 24% פי</ItemName><ManufacturerName>פיראוס</ManufacturerName><ManufactureCountry>ישראל</ManufactureCountry><ManufacturerItemDescription>גבינה בולגרית פיראוס250-2</ManufacturerItemDescription><SoldByWeight/><Quantity>250.00</Quantity><UnitOfMeasure>גרם     </UnitOfMeasure><QtyInPackage>לא ידוע</QtyInPackage><UnitOfMeasurePrice>0.0960</UnitOfMeasurePrice><AllowDiscount>1</AllowDiscount><ItemStatus>1</ItemStatus><ItemPrice>24.00</ItemPrice></item><item><PriceUpdateDate>2016-08-02 09:29:11</PriceUpdateDate><ItemCode>7290000439921</ItemCode><ItemType>1</ItemType><ItemName>גבינה בולגרית 16% פי</ItemName><ManufacturerName>פיראוס</ManufacturerName><ManufactureCountry>ישראל</ManufactureCountry><ManufacturerItemDescription>גבינה בולגרית פיראוס250-1</ManufacturerItemDescription><SoldByWeight/><Quantity>250.00</Quantity><UnitOfMeasure>גרם     </UnitOfMeasure><QtyInPackage>לא ידוע</QtyInPackage><UnitOfMeasurePrice>0.0960</UnitOfMeasurePrice><AllowDiscount>1</AllowDiscount><ItemStatus>1</ItemStatus><ItemPrice>24.00</ItemPrice></item><item><PriceUpdateDate>2016-08-02 09:29:11</PriceUpdateDate><ItemCode>7290000439938</ItemCode><ItemType>1</ItemType><ItemName>גבינה בולגית 5% פירא</ItemName><ManufacturerName>פיראוס</ManufacturerName><ManufactureCountry>ישראל</ManufactureCountry><ManufacturerItemDescription>גבינה בולגרית פיראוס250-5</ManufacturerItemDescription><SoldByWeight/><Quantity>250.00</Quantity><UnitOfMeasure>גרם     </UnitOfMeasure><QtyInPackage>לא ידוע</QtyInPackage><UnitOfMeasurePrice>0.0908</UnitOfMeasurePrice><AllowDiscount>1</AllowDiscount><ItemStatus>1</ItemStatus><ItemPrice>22.70</ItemPrice></item><item><PriceUpdateDate>2016-04-25 14:21:24</PriceUpdateDate><ItemCode>7290000439952</ItemCode><ItemType>1</ItemType><ItemName>חלב כד 3% מהדרין 2 ל</ItemName><ManufacturerName>חלב תנובה</ManufacturerName><ManufactureCountry>ישראל</ManufactureCountry><ManufacturerItemDescription>חלב כד 3% מהדרין 2 ל</ManufacturerItemDescription><SoldByWeight/><Quantity>2000.00</Quantity><UnitOfMeasure>מ"ל</UnitOfMeasure><QtyInPackage>לא ידוע</QtyInPackage><UnitOfMeasurePrice>0.0058</UnitOfMeasurePrice><AllowDiscount>1</AllowDiscount><ItemStatus>1</ItemStatus><ItemPrice>11.50</ItemPrice></item><item><PriceUpdateDate>2016-06-13 16:01:03</PriceUpdateDate><ItemCode>7290000440057</ItemCode><ItemType>1</ItemType><ItemName>יופלה עוגת גבינה 3%</ItemName><ManufacturerName>יופלה</ManufacturerName><ManufactureCountry>ישראל</ManufactureCountry><ManufacturerItemDescription>יופלה עוגת קרם גבינה ותות</ManufacturerItemDescription><SoldByWeight/><Quantity>150.00</Quantity><UnitOfMeasure>גרם     </UnitOfMeasure><QtyInPackage>לא ידוע</QtyInPackage><UnitOfMeasurePrice>0.0327</UnitOfMeasurePrice><AllowDiscount>1</AllowDiscount><ItemStatus>1</ItemStatus><ItemPrice>4.90</ItemPrice></item><item><PriceUpdateDate>2016-08-02 09:29:11</PriceUpdateDate><ItemCode>7290000440071</ItemCode><ItemType>1</ItemType><ItemName>מב פטה כבשים פיראוס</ItemName><ManufacturerName>פיראוס</ManufacturerName><ManufactureCountry>ישראל</ManufactureCountry><ManufacturerItemDescription>מב פטה כבשים פיראוס</ManufacturerItemDescription><SoldByWeight/><Quantity>250.00</Quantity><UnitOfMeasure>גרם     </UnitOfMeasure><QtyInPackage>לא ידוע</QtyInPackage><UnitOfMeasurePrice>0.0876</UnitOfMeasurePrice><AllowDiscount>1</AllowDiscount><ItemStatus>1</ItemStatus><ItemPrice>21.90</ItemPrice></item><item><PriceUpdateDate>2016-06-14 14:54:25</PriceUpdateDate><ItemCode>7290000440118</ItemCode><ItemType>1</ItemType><ItemName>גבינת עמק פתיתים 200</ItemName><ManufacturerName>שף לבן</ManufacturerName><ManufactureCountry>ישראל</ManufactureCountry><ManufacturerItemDescription>פתיתי עמק למאפים 200 גרם</ManufacturerItemDescription><SoldByWeight/><Quantity>200.00</Quantity><UnitOfMeasure>גרם     </UnitOfMeasure><QtyInPackage>לא ידוע</QtyInPackage><UnitOfMeasurePrice>0.0730</UnitOfMeasurePrice><AllowDiscount>1</AllowDiscount><ItemStatus>1</ItemStatus><ItemPrice>14.60</ItemPrice></item><item><PriceUpdateDate>2016-06-14 14:54:25</PriceUpdateDate><ItemCode>7290000440125</ItemCode><ItemType>1</ItemType><ItemName>גבינת פתיתי פרמזן לפ</ItemName><ManufacturerName>שף לבן</ManufacturerName><ManufactureCountry>ישראל</ManufactureCountry><ManufacturerItemDescription>פרמזן פתיתים100 גר</ManufacturerItemDescription><SoldByWeight/><Quantity>1000.00</Quantity><UnitOfMeasure>גרם     </UnitOfMeasure><QtyInPackage>לא ידוע</QtyInPackage><UnitOfMeasurePrice>0.0122</UnitOfMeasurePrice><AllowDiscount>1</AllowDiscount><ItemStatus>1</ItemStatus><ItemPrice>12.20</ItemPrice></item><item><PriceUpdateDate>2016-02-16 09:21:52</PriceUpdateDate><ItemCode>7290000440132</ItemCode><ItemType>1</ItemType><ItemName>צהובה גוש חלב 28% פר</ItemName><ManufacturerName>גוש חלב</ManufacturerName><ManufactureCountry>ישראל</ManufactureCountry><ManufacturerItemDescription>צהובה גוש חלב 28% פר</ManufacturerItemDescription><SoldByWeight/><Quantity>200.00</Quantity><UnitOfMeasure>גרם     </UnitOfMeasure><QtyInPackage>לא ידוע</QtyInPackage><UnitOfMeasurePrice>0.0695</UnitOfMeasurePrice><AllowDiscount>1</AllowDiscount><ItemStatus>1</ItemStatus><ItemPrice>13.90</ItemPrice></item><item><PriceUpdateDate>2015-10-01 00:29:00</PriceUpdateDate><ItemCode>7290000440149</ItemCode><ItemType>1</ItemType><ItemName>גבינה עמק פרוס 200 ג</ItemName><ManufacturerName>עמק</ManufacturerName><ManufactureCountry>ישראל</ManufactureCountry><ManufacturerItemDescription>גבינה עמק פרוס פתיחה חוזר</ManufacturerItemDescription><SoldByWeight/><Quantity>200.00</Quantity><UnitOfMeasure>גרם     </UnitOfMeasure><QtyInPackage>לא ידוע</QtyInPackage><UnitOfMeasurePrice>0.0765</UnitOfMeasurePrice><AllowDiscount>1</AllowDiscount><ItemStatus>1</ItemStatus><ItemPrice>15.30</ItemPrice></item><item><PriceUpdateDate>2015-10-11 06:43:22</PriceUpdateDate><ItemCode>7290000440163</ItemCode><ItemType>1</ItemType><ItemName>גבינת עמק לייט 9% 20</ItemName><ManufacturerName>עמק</ManufacturerName><ManufactureCountry>ישראל</ManufactureCountry><ManufacturerItemDescription>גבינה קשה עמק לייט200 9%</ManufacturerItemDescription><SoldByWeight/><Quantity>200.00</Quantity><UnitOfMeasure>גרם     </UnitOfMeasure><QtyInPackage>לא ידוע</QtyInPackage><UnitOfMeasurePrice>0.0835</UnitOfMeasurePrice><AllowDiscount>1</AllowDiscount><ItemStatus>1</ItemStatus><ItemPrice>16.70</ItemPrice></item><item><PriceUpdateDate>2016-06-17 11:39:12</PriceUpdateDate><ItemCode>7290000440187</ItemCode><ItemType>1</ItemType><ItemName>פתיתי עמק למאפה השף</ItemName><ManufacturerName>שף לבן</ManufacturerName><ManufactureCountry>ישראל</ManufactureCountry><ManufacturerItemDescription>פתיתי עמק למאפה השף</ManufacturerItemDescription><SoldByWeight/><Quantity>500.00</Quantity><UnitOfMeasure>גרם     </UnitOfMeasure><QtyInPackage>לא ידוע</QtyInPackage><UnitOfMeasurePrice>0.0678</UnitOfMeasurePrice><AllowDiscount>1</AllowDiscount><ItemStatus>1</ItemStatus><ItemPrice>33.90</ItemPrice></item><item><PriceUpdateDate>2015-10-11 06:43:22</PriceUpdateDate><ItemCode>7290000440217</ItemCode><ItemType>1</ItemType><ItemName>גבינת חמד פיראוס ליי</ItemName><ManufacturerName>פיראוס</ManufacturerName><ManufactureCountry>ישראל</ManufactureCountry><ManufacturerItemDescription>גבינת חמד פיראוס ליי</ManufacturerItemDescription><SoldByWeight/><Quantity>250.00</Quantity><UnitOfMeasure>גרם     </UnitOfMeasure><QtyInPackage>לא ידוע</QtyInPackage><UnitOfMeasurePrice>0.0700</UnitOfMeasurePrice><AllowDiscount>1</AllowDiscount><ItemStatus>1</ItemStatus><ItemPrice>17.50</ItemPrice></item><item><PriceUpdateDate>2015-10-19 10:39:53</PriceUpdateDate><ItemCode>7290000440224</ItemCode><ItemType>1</ItemType><ItemName>אצבעות עמק 172 גרם</ItemName><ManufacturerName>עמק</ManufacturerName><ManufactureCountry>ישראל</ManufactureCountry><ManufacturerItemDescription>אצבעות גבינה עמק 172 גרם</ManufacturerItemDescription><SoldByWeight/><Quantity>172.00</Quantity><UnitOfMeasure>גרם     </UnitOfMeasure><QtyInPackage>לא ידוע</QtyInPackage><UnitOfMeasurePrice>0.0959</UnitOfMeasurePrice><AllowDiscount>1</AllowDiscount><ItemStatus>1</ItemStatus><ItemPrice>16.50</ItemPrice></item><item><PriceUpdateDate>2016-08-10 06:57:37</PriceUpdateDate><ItemCode>7290000440279</ItemCode><ItemType>1</ItemType><ItemName>מב גבינה לבנה רכה 5%</ItemName><ManufacturerName>גבינות תנובה</ManufacturerName><ManufactureCountry>ישראל</ManufactureCountry><ManufacturerItemDescription>מב גבינה לבנה רכה 5%</ManufacturerItemDescription><SoldByWeight/><Quantity>250.00</Quantity><UnitOfMeasure>גרם     </UnitOfMeasure><QtyInPackage>לא ידוע</QtyInPackage><UnitOfMeasurePrice>0.0160</UnitOfMeasurePrice><AllowDiscount>1</AllowDiscount><ItemStatus>1</ItemStatus><ItemPrice>4.00</ItemPrice></item><item><PriceUpdateDate>2016-02-15 14:30:50</PriceUpdateDate><ItemCode>7290000440309</ItemCode><ItemType>1</ItemType><ItemName>יופלה דיאט תות 0% 15</ItemName><ManufacturerName>יופלה</ManufacturerName><ManufactureCountry>ישראל</ManufactureCountry><ManufacturerItemDescription>יופלה דיאט תות 150 מל</ManufacturerItemDescription><SoldByWeight/><Quantity>150.00</Quantity><UnitOfMeasure>גרם     </UnitOfMeasure><QtyInPackage>לא ידוע</QtyInPackage><UnitOfMeasurePrice>0.0353</UnitOfMeasurePrice><AllowDiscount>1</AllowDiscount><ItemStatus>1</ItemStatus><ItemPrice>5.30</ItemPrice></item><item><PriceUpdateDate>2015-10-11 06:43:22</PriceUpdateDate><ItemCode>7290000440354</ItemCode><ItemType>1</ItemType><ItemName>שמנת תנובה 9% שומן</ItemName><ManufacturerName>חלב תנובה</ManufacturerName><ManufactureCountry>ישראל</ManufactureCountry><ManufacturerItemDescription>שמנת תנובה 200 9% מל</ManufacturerItemDescription><SoldByWeight/><Quantity>200.00</Quantity><UnitOfMeasure>מ"ל</UnitOfMeasure><QtyInPackage>לא ידוע</QtyInPackage><UnitOfMeasurePrice>0.0185</UnitOfMeasurePrice><AllowDiscount>1</AllowDiscount><ItemStatus>1</ItemStatus><ItemPrice>3.70</ItemPrice></item><item><PriceUpdateDate>2016-02-11 06:58:45</PriceUpdateDate><ItemCode>7290000440361</ItemCode><ItemType>1</ItemType><ItemName>אשל לבן 4.5% 200 מ"ל</ItemName><ManufacturerName>אשל</ManufacturerName><ManufactureCountry>ישראל</ManufactureCountry><ManufacturerItemDescription>שלי אשל200 מל מהדרין פיקו</ManufacturerItemDescription><SoldByWeight/><Quantity>200.00</Quantity><UnitOfMeasure>מ"ל</UnitOfMeasure><QtyInPackage>לא ידוע</QtyInPackage><UnitOfMeasurePrice>0.0078</UnitOfMeasurePrice><AllowDiscount>1</AllowDiscount><ItemStatus>1</ItemStatus><ItemPrice>1.55</ItemPrice></item><item><PriceUpdateDate>2016-02-11 06:58:45</PriceUpdateDate><ItemCode>7290000440378</ItemCode><ItemType>1</ItemType><ItemName>גיל לבן 3% 200 מ"ל ת</ItemName><ManufacturerName>גיל</ManufacturerName><ManufactureCountry>ישראל</ManufactureCountry><ManufacturerItemDescription>שלי גיל200 מל    פיקוח</ManufacturerItemDescription><SoldByWeight/><Quantity>200.00</Quantity><UnitOfMeasure>מ"ל</UnitOfMeasure><QtyInPackage>לא ידוע</QtyInPackage><UnitOfMeasurePrice>0.0070</UnitOfMeasurePrice><AllowDiscount>1</AllowDiscount><ItemStatus>1</ItemStatus><ItemPrice>1.40</ItemPrice></item><item><PriceUpdateDate>2016-02-11 06:58:45</PriceUpdateDate><ItemCode>7290000440385</ItemCode><ItemType>1</ItemType><ItemName>שמנת תנובה 15% 200 מ</ItemName><ManufacturerName>חלב תנובה</ManufacturerName><ManufactureCountry>ישראל</ManufactureCountry><ManufacturerItemDescription>שמנת תנובה200 15% מל  פיק</ManufacturerItemDescription><SoldByWeight/><Quantity>200.00</Quantity><UnitOfMeasure>מ"ל</UnitOfMeasure><QtyInPackage>לא ידוע</QtyInPackage><UnitOfMeasurePrice>0.0110</UnitOfMeasurePrice><AllowDiscount>1</AllowDiscount><ItemStatus>1</ItemStatus><ItemPrice>2.20</ItemPrice></item><item><PriceUpdateDate>2015-07-27 09:18:29</PriceUpdateDate><ItemCode>7290000440408</ItemCode><ItemType>1</ItemType><ItemName>שמנת אורגינל 15% חצי</ItemName><ManufacturerName>חלב תנובה</ManufacturerName><ManufactureCountry>ישראל</ManufactureCountry><ManufacturerItemDescription>שמנת תנובה 15% חצי מנה 10</ManufacturerItemDescription><SoldByWeight/><Quantity>100.00</Quantity><UnitOfMeasure>מ"ל</UnitOfMeasure><QtyInPackage>לא ידוע</QtyInPackage><UnitOfMeasurePrice>0.0190</UnitOfMeasurePrice><AllowDiscount>1</AllowDiscount><ItemStatus>1</ItemStatus><ItemPrice>1.90</ItemPrice></item><item><PriceUpdateDate>2016-08-02 09:29:11</PriceUpdateDate><ItemCode>7290000440415</ItemCode><ItemType>1</ItemType><ItemName>מב משקה סויה מעושר ב</ItemName><ManufacturerName>סו תנובה</ManufacturerName><ManufactureCountry>ישראל</ManufactureCountry><ManufacturerItemDescription>משקה סויה מועשר בסידן 1 ל</ManufacturerItemDescription><SoldByWeight/><Quantity>1000.00</Quantity><UnitOfMeasure>מ"ל</UnitOfMeasure><QtyInPackage>לא ידוע</QtyInPackage><UnitOfMeasurePrice>0.0089</UnitOfMeasurePrice><AllowDiscount>0</AllowDiscount><ItemStatus>1</ItemStatus><ItemPrice>8.90</ItemPrice></item><item><PriceUpdateDate>2016-08-02 09:29:12</PriceUpdateDate><ItemCode>7290000440422</ItemCode><ItemType>1</ItemType><ItemName>מב משקה סויה על הבוק</ItemName><ManufacturerName>סו תנובה</ManufacturerName><ManufactureCountry>ישראל</ManufactureCountry><ManufacturerItemDescription>משקה סויה על הבוקר וניל 1</ManufacturerItemDescription><SoldByWeight/><Quantity>1000.00</Quantity><UnitOfMeasure>מ"ל</UnitOfMeasure><QtyInPackage>לא ידוע</QtyInPackage><UnitOfMeasurePrice>0.0089</UnitOfMeasurePrice><AllowDiscount>0</AllowDiscount><ItemStatus>1</ItemStatus><ItemPrice>8.90</ItemPrice></item><item><PriceUpdateDate>2016-02-16 09:21:52</PriceUpdateDate><ItemCode>7290000440446</ItemCode><ItemType>1</ItemType><ItemName>שמנת לבישול15% השף ה</ItemName><ManufacturerName>שף לבן</ManufacturerName><ManufactureCountry>ישראל</ManufactureCountry><ManufacturerItemDescription>שמנת לבישול 250 15% מל</ManufacturerItemDescription><SoldByWeight/><Quantity>250.00</Quantity><UnitOfMeasure>מ"ל</UnitOfMeasure><QtyInPackage>לא ידוע</QtyInPackage><UnitOfMeasurePrice>0.0376</UnitOfMeasurePrice><AllowDiscount>1</AllowDiscount><ItemStatus>1</ItemStatus><ItemPrice>9.40</ItemPrice></item><item><PriceUpdateDate>2016-02-25 07:11:30</PriceUpdateDate><ItemCode>7290000440453</ItemCode><ItemType>1</ItemType><ItemName>שמנת להקצפה 32% 250</ItemName><ManufacturerName>שף לבן</ManufacturerName><ManufactureCountry>ישראל</ManufactureCountry><ManufacturerItemDescription>שמנת להקצפה 250 - 32% מל</ManufacturerItemDescription><SoldByWeight/><Quantity>250.00</Quantity><UnitOfMeasure>מ"ל</UnitOfMeasure><QtyInPackage>לא ידוע</QtyInPackage><UnitOfMeasurePrice>0.0276</UnitOfMeasurePrice><AllowDiscount>1</AllowDiscount><ItemStatus>1</ItemStatus><ItemPrice>6.90</ItemPrice></item><item><PriceUpdateDate>2015-10-11 06:43:23</PriceUpdateDate><ItemCode>7290000440507</ItemCode><ItemType>1</ItemType><ItemName>גבינה צהובה טל העמק</ItemName><ManufacturerName>עמק</ManufacturerName><ManufactureCountry>ישראל</ManufactureCountry><ManufacturerItemDescription>גבינהקשה טל העמק לייט200</ManufacturerItemDescription><SoldByWeight/><Quantity>200.00</Quantity><UnitOfMeasure>גרם     </UnitOfMeasure><QtyInPackage>לא ידוע</QtyInPackage><UnitOfMeasurePrice>0.0945</UnitOfMeasurePrice><AllowDiscount>1</AllowDiscount><ItemStatus>1</ItemStatus><ItemPrice>18.90</ItemPrice></item><item><PriceUpdateDate>2016-02-15 14:30:50</PriceUpdateDate><ItemCode>7290000440514</ItemCode><ItemType>1</ItemType><ItemName>יופלה דיאט פירות יער</ItemName><ManufacturerName>יופלה</ManufacturerName><ManufactureCountry>ישראל</ManufactureCountry><ManufacturerItemDescription>יופלה דיאט פירות יער 150</ManufacturerItemDescription><SoldByWeight/><Quantity>150.00</Quantity><UnitOfMeasure>גרם     </UnitOfMeasure><QtyInPackage>לא ידוע</QtyInPackage><UnitOfMeasurePrice>0.0353</UnitOfMeasurePrice><AllowDiscount>1</AllowDiscount><ItemStatus>1</ItemStatus><ItemPrice>5.30</ItemPrice></item><item><PriceUpdateDate>2016-05-31 06:14:33</PriceUpdateDate><ItemCode>7290000440521</ItemCode><ItemType>1</ItemType><ItemName>שוקו תנובה 250 מ"ל</ItemName><ManufacturerName>שוק</ManufacturerName><ManufactureCountry>ישראל</ManufactureCountry><ManufacturerItemDescription>שוקו בקבוק 250 מל מהדרין</ManufacturerItemDescription><SoldByWeight/><Quantity>250.00</Quantity><UnitOfMeasure>מ"ל</UnitOfMeasure><QtyInPackage>לא ידוע</QtyInPackage><UnitOfMeasurePrice>0.0228</UnitOfMeasurePrice><AllowDiscount>1</AllowDiscount><ItemStatus>1</ItemStatus><ItemPrice>5.70</ItemPrice></item><item><PriceUpdateDate>2015-11-12 06:47:49</PriceUpdateDate><ItemCode>7290000440538</ItemCode><ItemType>1</ItemType><ItemName>קוטג' 3% מהדרין 250</ItemName><ManufacturerName>קוטג תנובה</ManufacturerName><ManufactureCountry>ישראל</ManufactureCountry><ManufacturerItemDescription>קוטג 250 3% גרם</ManufacturerItemDescription><SoldByWeight/><Quantity>250.00</Quantity><UnitOfMeasure>גרם     </UnitOfMeasure><QtyInPackage>לא ידוע</QtyInPackage><UnitOfMeasurePrice>0.0228</UnitOfMeasurePrice><AllowDiscount>1</AllowDiscount><ItemStatus>1</ItemStatus><ItemPrice>5.70</ItemPrice></item><item><PriceUpdateDate>2015-10-01 00:29:00</PriceUpdateDate><ItemCode>7290000440545</ItemCode><ItemType>1</ItemType><ItemName>קוטג' 5% מהדרין 250</ItemName><ManufacturerName>קוטג תנובה</ManufacturerName><ManufactureCountry>ישראל</ManufactureCountry><ManufacturerItemDescription>קוטג250 5% גר.בעלז</ManufacturerItemDescription><SoldByWeight/><Quantity>250.00</Quantity><UnitOfMeasure>גרם     </UnitOfMeasure><QtyInPackage>לא ידוע</QtyInPackage><UnitOfMeasurePrice>0.0228</UnitOfMeasurePrice><AllowDiscount>1</AllowDiscount><ItemStatus>1</ItemStatus><ItemPrice>5.70</ItemPrice></item><item><PriceUpdateDate>2015-01-27 10:34:39</PriceUpdateDate><ItemCode>7290000440576</ItemCode><ItemType>1</ItemType><ItemName>יופלהפרנץ ונילה בד''</ItemName><ManufacturerName>יופלה בד"צ</ManufacturerName><ManufactureCountry>ישראל</ManufactureCountry><ManufacturerItemDescription>יופלהפרנץ ונילה בד''</ManufacturerItemDescription><SoldByWeight/><Quantity>150.00</Quantity><UnitOfMeasure>מ"ל</UnitOfMeasure><QtyInPackage>לא ידוע</QtyInPackage><UnitOfMeasurePrice>0.0313</UnitOfMeasurePrice><AllowDiscount>1</AllowDiscount><ItemStatus>1</ItemStatus><ItemPrice>4.70</ItemPrice></item><item><PriceUpdateDate>2016-05-22 14:14:00</PriceUpdateDate><ItemCode>7290000440583</ItemCode><ItemType>1</ItemType><ItemName>גבינה לבנה 5% 500 גר</ItemName><ManufacturerName>גבינות תנובה</ManufacturerName><ManufactureCountry>ישראל</ManufactureCountry><ManufacturerItemDescription>גבינה למריחה 500 5% גרם</ManufacturerItemDescription><SoldByWeight/><Quantity>500.00</Quantity><UnitOfMeasure>גרם     </UnitOfMeasure><QtyInPackage>לא ידוע</QtyInPackage><UnitOfMeasurePrice>0.0184</UnitOfMeasurePrice><AllowDiscount>1</AllowDiscount><ItemStatus>1</ItemStatus><ItemPrice>9.20</ItemPrice></item><item><PriceUpdateDate>2016-07-20 07:00:57</PriceUpdateDate><ItemCode>7290000440590</ItemCode><ItemType>1</ItemType><ItemName>גבינה לבנה 9% 500 גר</ItemName><ManufacturerName>גבינות תנובה</ManufacturerName><ManufactureCountry>ישראל</ManufactureCountry><ManufacturerItemDescription>גבינה לבנה 9% 500 גר</ManufacturerItemDescription><SoldByWeight/><Quantity>500.00</Quantity><UnitOfMeasure>גרם     </UnitOfMeasure><QtyInPackage>לא ידוע</QtyInPackage><UnitOfMeasurePrice>0.0184</UnitOfMeasurePrice><AllowDiscount>1</AllowDiscount><ItemStatus>1</ItemStatus><ItemPrice>9.20</ItemPrice></item><item><PriceUpdateDate>2016-02-11 06:58:45</PriceUpdateDate><ItemCode>7290000440606</ItemCode><ItemType>1</ItemType><ItemName>גבינה לבנה 5% 750 גר</ItemName><ManufacturerName>גבינות תנובה</ManufacturerName><ManufactureCountry>ישראל</ManufactureCountry><ManufacturerItemDescription>גבינה לבנה 5% 750 גר</ManufacturerItemDescription><SoldByWeight/><Quantity>750.00</Quantity><UnitOfMeasure>גרם     </UnitOfMeasure><QtyInPackage>לא ידוע</QtyInPackage><UnitOfMeasurePrice>0.0184</UnitOfMeasurePrice><AllowDiscount>1</AllowDiscount><ItemStatus>1</ItemStatus><ItemPrice>13.80</ItemPrice></item><item><PriceUpdateDate>2016-07-20 07:00:57</PriceUpdateDate><ItemCode>7290000440620</ItemCode><ItemType>1</ItemType><ItemName>גבינה לבנה 1/2% 500</ItemName><ManufacturerName>גבינות תנובה</ManufacturerName><ManufactureCountry>ישראל</ManufactureCountry><ManufacturerItemDescription>גבינה לבנה 1/2% 500</ManufacturerItemDescription><SoldByWeight/><Quantity>500.00</Quantity><UnitOfMeasure>גרם     </UnitOfMeasure><QtyInPackage>לא ידוע</QtyInPackage><UnitOfMeasurePrice>0.0184</UnitOfMeasurePrice><AllowDiscount>1</AllowDiscount><ItemStatus>1</ItemStatus><ItemPrice>9.20</ItemPrice></item><item><PriceUpdateDate>2015-11-10 07:30:47</PriceUpdateDate><ItemCode>7290000440682</ItemCode><ItemType>1</ItemType><ItemName>גבינת עמק בסגנון אמר</ItemName><ManufacturerName>טוסטי</ManufacturerName><ManufactureCountry>ישראל</ManufactureCountry><ManufacturerItemDescription>גבינת עמק בסגנון אמר</ManufacturerItemDescription><SoldByWeight/><Quantity>200.00</Quantity><UnitOfMeasure>גרם     </UnitOfMeasure><QtyInPackage>לא ידוע</QtyInPackage><UnitOfMeasurePrice>0.0990</UnitOfMeasurePrice><AllowDiscount>1</AllowDiscount><ItemStatus>1</ItemStatus><ItemPrice>19.80</ItemPrice></item><item><PriceUpdateDate>2016-06-14 14:54:25</PriceUpdateDate><ItemCode>7290000440750</ItemCode><ItemType>1</ItemType><ItemName>פתיתים מיוחדים לפיצה</ItemName><ManufacturerName>שף לבן</ManufacturerName><ManufactureCountry>ישראל</ManufactureCountry><ManufacturerItemDescription>פתיתים מיוחדים לפיצה</ManufacturerItemDescription><SoldByWeight/><Quantity>500.00</Quantity><UnitOfMeasure>גרם     </UnitOfMeasure><QtyInPackage>לא ידוע</QtyInPackage><UnitOfMeasurePrice>0.0446</UnitOfMeasurePrice><AllowDiscount>1</AllowDiscount><ItemStatus>1</ItemStatus><ItemPrice>22.30</ItemPrice></item><item><PriceUpdateDate>2016-08-02 09:29:12</PriceUpdateDate><ItemCode>7290000440774</ItemCode><ItemType>1</ItemType><ItemName>מב גבינת נפוליאון טב</ItemName><ManufacturerName>נפוליאון</ManufacturerName><ManufactureCountry>ישראל</ManufactureCountry><ManufacturerItemDescription>גבינהשמנ.נפולאון טעם טבעי</ManufacturerItemDescription><SoldByWeight/><Quantity>225.00</Quantity><UnitOfMeasure>גרם     </UnitOfMeasure><QtyInPackage>לא ידוע</QtyInPackage><UnitOfMeasurePrice>0.0444</UnitOfMeasurePrice><AllowDiscount>1</AllowDiscount><ItemStatus>1</ItemStatus><ItemPrice>10.00</ItemPrice></item><item><PriceUpdateDate>2016-08-02 09:29:12</PriceUpdateDate><ItemCode>7290000440781</ItemCode><ItemType>1</ItemType><ItemName>מב גבינת נפוליאון בט</ItemName><ManufacturerName>נפוליאון</ManufacturerName><ManufactureCountry>ישראל</ManufactureCountry><ManufacturerItemDescription>גבינהשמנ.נפולאון זיתים 22</ManufacturerItemDescription><SoldByWeight/><Quantity>225.00</Quantity><UnitOfMeasure>גרם     </UnitOfMeasure><QtyInPackage>לא ידוע</QtyInPackage><UnitOfMeasurePrice>0.0444</UnitOfMeasurePrice><AllowDiscount>1</AllowDiscount><ItemStatus>1</ItemStatus><ItemPrice>10.00</ItemPrice></item><item><PriceUpdateDate>2016-08-02 09:29:12</PriceUpdateDate><ItemCode>7290000440798</ItemCode><ItemType>1</ItemType><ItemName>מב גבינת נפוליאון בט</ItemName><ManufacturerName>נפוליאון</ManufacturerName><ManufactureCountry>ישראל</ManufactureCountry><ManufacturerItemDescription>גבינהשמנ.נפולאון שום שמיר</ManufacturerItemDescription><SoldByWeight/><Quantity>225.00</Quantity><UnitOfMeasure>גרם     </UnitOfMeasure><QtyInPackage>לא ידוע</QtyInPackage><UnitOfMeasurePrice>0.0444</UnitOfMeasurePrice><AllowDiscount>1</AllowDiscount><ItemStatus>1</ItemStatus><ItemPrice>10.00</ItemPrice></item><item><PriceUpdateDate>2016-08-10 06:57:37</PriceUpdateDate><ItemCode>7290000440811</ItemCode><ItemType>1</ItemType><ItemName>מב גבינה לבנה 3% 250</ItemName><ManufacturerName>גבינות תנובה</ManufacturerName><ManufactureCountry>ישראל</ManufactureCountry><ManufacturerItemDescription>גבינה לבנה 250 3% גרם</ManufacturerItemDescription><SoldByWeight/><Quantity>250.00</Quantity><UnitOfMeasure>גרם     </UnitOfMeasure><QtyInPackage>לא ידוע</QtyInPackage><UnitOfMeasurePrice>0.0160</UnitOfMeasurePrice><AllowDiscount>1</AllowDiscount><ItemStatus>1</ItemStatus><ItemPrice>4.00</ItemPrice></item><item><PriceUpdateDate>2015-10-11 06:43:23</PriceUpdateDate><ItemCode>7290000440859</ItemCode><ItemType>1</ItemType><ItemName>יופלה לבן מעודן 1.5%</ItemName><ManufacturerName>יופלה</ManufacturerName><ManufactureCountry>ישראל</ManufactureCountry><ManufacturerItemDescription>יוגורט יופלה לבן 1.5% מעו</ManufacturerItemDescription><SoldByWeight/><Quantity>200.00</Quantity><UnitOfMeasure>מ"ל</UnitOfMeasure><QtyInPackage>לא ידוע</QtyInPackage><UnitOfMeasurePrice>0.0225</UnitOfMeasurePrice><AllowDiscount>1</AllowDiscount><ItemStatus>1</ItemStatus><ItemPrice>4.50</ItemPrice></item><item><PriceUpdateDate>2016-06-28 07:02:34</PriceUpdateDate><ItemCode>7290000440866</ItemCode><ItemType>1</ItemType><ItemName>מאגדת יופלה 3% לבן 8</ItemName><ManufacturerName>יופלה</ManufacturerName><ManufactureCountry>ישראל</ManufactureCountry><ManufacturerItemDescription>מאגדת יופלה 3% לבן 8</ManufacturerItemDescription><SoldByWeight/><Quantity>1200.00</Quantity><UnitOfMeasure>גרם     </UnitOfMeasure><QtyInPackage>לא ידוע</QtyInPackage><UnitOfMeasurePrice>0.0154</UnitOfMeasurePrice><AllowDiscount>1</AllowDiscount><ItemStatus>1</ItemStatus><ItemPrice>18.50</ItemPrice></item><item><PriceUpdateDate>2016-08-02 09:29:12</PriceUpdateDate><ItemCode>7290000440880</ItemCode><ItemType>1</ItemType><ItemName>מב אייס קפה תנובה 1</ItemName><ManufacturerName>שוק</ManufacturerName><ManufactureCountry>ישראל</ManufactureCountry><ManufacturerItemDescription>משקה אייס קפה בקבוק 1 ליט</ManufacturerItemDescription><SoldByWeight/><Quantity>1000.00</Quantity><UnitOfMeasure>מ"ל</UnitOfMeasure><QtyInPackage>לא ידוע</QtyInPackage><UnitOfMeasurePrice>0.0090</UnitOfMeasurePrice><AllowDiscount>1</AllowDiscount><ItemStatus>1</ItemStatus><ItemPrice>9.00</ItemPrice></item><item><PriceUpdateDate>2016-08-02 09:29:12</PriceUpdateDate><ItemCode>7290000440897</ItemCode><ItemType>1</ItemType><ItemName>מב משקה סויה מועשר ב</ItemName><ManufacturerName>סו תנובה</ManufacturerName><ManufactureCountry>ישראל</ManufactureCountry><ManufacturerItemDescription>משקה סויה מועשר מופחת מתי</ManufacturerItemDescription><SoldByWeight/><Quantity>1000.00</Quantity><UnitOfMeasure>מ"ל</UnitOfMeasure><QtyInPackage>לא ידוע</QtyInPackage><UnitOfMeasurePrice>0.0089</UnitOfMeasurePrice><AllowDiscount>0</AllowDiscount><ItemStatus>1</ItemStatus><ItemPrice>8.90</ItemPrice></item><item><PriceUpdateDate>2016-06-13 16:01:03</PriceUpdateDate><ItemCode>7290000440910</ItemCode><ItemType>1</ItemType><ItemName>יופלה פירות יער בשמנ</ItemName><ManufacturerName>יופלה</ManufacturerName><ManufactureCountry>ישראל</ManufactureCountry><ManufacturerItemDescription>יופלה פירות יער שמנת</ManufacturerItemDescription><SoldByWeight/><Quantity>150.00</Quantity><UnitOfMeasure>גרם     </UnitOfMeasure><QtyInPackage>לא ידוע</QtyInPackage><UnitOfMeasurePrice>0.0327</UnitOfMeasurePrice><AllowDiscount>1</AllowDiscount><ItemStatus>1</ItemStatus><ItemPrice>4.90</ItemPrice></item><item><PriceUpdateDate>2016-02-11 06:58:45</PriceUpdateDate><ItemCode>7290000440934</ItemCode><ItemType>1</ItemType><ItemName>חלב תנובה 1% מהדרין</ItemName><ManufacturerName>חלב תנובה</ManufacturerName><ManufactureCountry>ישראל</ManufactureCountry><ManufacturerItemDescription>חלב תנובה 1% מהדרין</ManufacturerItemDescription><SoldByWeight/><Quantity>1000.00</Quantity><UnitOfMeasure>מ"ל</UnitOfMeasure><QtyInPackage>לא ידוע</QtyInPackage><UnitOfMeasurePrice>0.0047</UnitOfMeasurePrice><AllowDiscount>1</AllowDiscount><ItemStatus>1</ItemStatus><ItemPrice>4.65</ItemPrice></item><item><PriceUpdateDate>2016-05-15 15:34:34</PriceUpdateDate><ItemCode>7290000440941</ItemCode><ItemType>1</ItemType><ItemName>חלב קרטון 3% מהדרין</ItemName><ManufacturerName>חלב תנובה</ManufacturerName><ManufactureCountry>ישראל</ManufactureCountry><ManufacturerItemDescription>חלב1 3% ל.קרטון מהדרין פי</ManufacturerItemDescription><SoldByWeight/><Quantity>1000.00</Quantity><UnitOfMeasure>מ"ל</UnitOfMeasure><QtyInPackage>לא ידוע</QtyInPackage><UnitOfMeasurePrice>0.0058</UnitOfMeasurePrice><AllowDiscount>1</AllowDiscount><ItemStatus>1</ItemStatus><ItemPrice>5.75</ItemPrice></item><item><PriceUpdateDate>2016-07-20 07:00:57</PriceUpdateDate><ItemCode>7290000440972</ItemCode><ItemType>1</ItemType><ItemName>גבינה לבנה 3% 500 גר</ItemName><ManufacturerName>גבינות תנובה</ManufacturerName><ManufactureCountry>ישראל</ManufactureCountry><ManufacturerItemDescription>גבינה לבנה 3% 500 גר</ManufacturerItemDescription><SoldByWeight/><Quantity>500.00</Quantity><UnitOfMeasure>גרם     </UnitOfMeasure><QtyInPackage>לא ידוע</QtyInPackage><UnitOfMeasurePrice>0.0184</UnitOfMeasurePrice><AllowDiscount>1</AllowDiscount><ItemStatus>1</ItemStatus><ItemPrice>9.20</ItemPrice></item><item><PriceUpdateDate>2016-05-31 06:14:33</PriceUpdateDate><ItemCode>7290000440996</ItemCode><ItemType>1</ItemType><ItemName>יופלה ביו 3% לבן 200</ItemName><ManufacturerName>יופלה</ManufacturerName><ManufactureCountry>ישראל</ManufactureCountry><ManufacturerItemDescription>יוגורט יופלה לבן 200 3% ג</ManufacturerItemDescription><SoldByWeight/><Quantity>200.00</Quantity><UnitOfMeasure>גרם     </UnitOfMeasure><QtyInPackage>לא ידוע</QtyInPackage><UnitOfMeasurePrice>0.0190</UnitOfMeasurePrice><AllowDiscount>1</AllowDiscount><ItemStatus>1</ItemStatus><ItemPrice>3.80</ItemPrice></item><item><PriceUpdateDate>2015-10-19 10:39:53</PriceUpdateDate><ItemCode>7290000441009</ItemCode><ItemType>1</ItemType><ItemName>יופלה ביו 1.5% לבן 2</ItemName><ManufacturerName>יופלה</ManufacturerName><ManufactureCountry>ישראל</ManufactureCountry><ManufacturerItemDescription>יוגורט יופלה לבן 200 1.5%</ManufacturerItemDescription><SoldByWeight/><Quantity>200.00</Quantity><UnitOfMeasure>גרם     </UnitOfMeasure><QtyInPackage>לא ידוע</QtyInPackage><UnitOfMeasurePrice>0.0200</UnitOfMeasurePrice><AllowDiscount>1</AllowDiscount><ItemStatus>1</ItemStatus><ItemPrice>4.00</ItemPrice></item><item><PriceUpdateDate>2016-08-02 09:29:12</PriceUpdateDate><ItemCode>7290000441030</ItemCode><ItemType>1</ItemType><ItemName>מב שוקו תנובה 1 ליטר</ItemName><ManufacturerName>שוק</ManufacturerName><ManufactureCountry>ישראל</ManufactureCountry><ManufacturerItemDescription>שוקו תנובה בקבוק 1 ליטר</ManufacturerItemDescription><SoldByWeight/><Quantity>1000.00</Quantity><UnitOfMeasure>מ"ל</UnitOfMeasure><QtyInPackage>לא ידוע</QtyInPackage><UnitOfMeasurePrice>0.0090</UnitOfMeasurePrice><AllowDiscount>1</AllowDiscount><ItemStatus>1</ItemStatus><ItemPrice>9.00</ItemPrice></item><item><PriceUpdateDate>2016-02-14 18:18:09</PriceUpdateDate><ItemCode>7290000441108</ItemCode><ItemType>1</ItemType><ItemName>חלב לקפה3.5% שומן 80</ItemName><ManufacturerName>חלב תנובה</ManufacturerName><ManufactureCountry>ישראל</ManufactureCountry><ManufacturerItemDescription>חלב פלוס לקפה  800 3.5% מ</ManufacturerItemDescription><SoldByWeight/><Quantity>800.00</Quantity><UnitOfMeasure>מ"ל</UnitOfMeasure><QtyInPackage>לא ידוע</QtyInPackage><UnitOfMeasurePrice>0.0086</UnitOfMeasurePrice><AllowDiscount>1</AllowDiscount><ItemStatus>1</ItemStatus><ItemPrice>6.90</ItemPrice></item><item><PriceUpdateDate>2016-08-02 09:29:12</PriceUpdateDate><ItemCode>7290000441146</ItemCode><ItemType>1</ItemType><ItemName>מב חלב סויה טבעי 1 ל</ItemName><ManufacturerName>סו תנובה</ManufacturerName><ManufactureCountry>ישראל</ManufactureCountry><ManufacturerItemDescription>משקה סויה דיאט 1 ליטר</ManufacturerItemDescription><SoldByWeight/><Quantity>1000.00</Quantity><UnitOfMeasure>מ"ל</UnitOfMeasure><QtyInPackage>לא ידוע</QtyInPackage><UnitOfMeasurePrice>0.0089</UnitOfMeasurePrice><AllowDiscount>0</AllowDiscount><ItemStatus>1</ItemStatus><ItemPrice>8.90</ItemPrice></item><item><PriceUpdateDate>2015-11-10 07:30:47</PriceUpdateDate><ItemCode>7290000441238</ItemCode><ItemType>1</ItemType><ItemName>יופלה לבןעם גרנולה 1</ItemName><ManufacturerName>יופלה</ManufacturerName><ManufactureCountry>ישראל</ManufactureCountry><ManufacturerItemDescription>יופלה לבן+1.5% גרנולה מכס</ManufacturerItemDescription><SoldByWeight/><Quantity>170.00</Quantity><UnitOfMeasure>מ"ל</UnitOfMeasure><QtyInPackage>לא ידוע</QtyInPackage><UnitOfMeasurePrice>0.0353</UnitOfMeasurePrice><AllowDiscount>1</AllowDiscount><ItemStatus>1</ItemStatus><ItemPrice>6.00</ItemPrice></item><item><PriceUpdateDate>2015-10-19 10:39:53</PriceUpdateDate><ItemCode>7290000441245</ItemCode><ItemType>1</ItemType><ItemName>יופלה ביו דיאט 0% לב</ItemName><ManufacturerName>יופלה</ManufacturerName><ManufactureCountry>ישראל</ManufactureCountry><ManufacturerItemDescription>יופלה לבן דיאט 200 ג</ManufacturerItemDescription><SoldByWeight/><Quantity>200.00</Quantity><UnitOfMeasure>גרם     </UnitOfMeasure><QtyInPackage>לא ידוע</QtyInPackage><UnitOfMeasurePrice>0.0200</UnitOfMeasurePrice><AllowDiscount>1</AllowDiscount><ItemStatus>1</ItemStatus><ItemPrice>4.00</ItemPrice></item><item><PriceUpdateDate>2016-05-31 06:14:33</PriceUpdateDate><ItemCode>7290000441276</ItemCode><ItemType>1</ItemType><ItemName>מאגדת יופלה 1.5% לבן</ItemName><ManufacturerName>יופלה</ManufacturerName><ManufactureCountry>ישראל</ManufactureCountry><ManufacturerItemDescription>מאגדת יופלה 1.5% לבן</ManufacturerItemDescription><SoldByWeight/><Quantity>1200.00</Quantity><UnitOfMeasure>גרם     </UnitOfMeasure><QtyInPackage>לא ידוע</QtyInPackage><UnitOfMeasurePrice>0.0182</UnitOfMeasurePrice><AllowDiscount>1</AllowDiscount><ItemStatus>1</ItemStatus><ItemPrice>21.80</ItemPrice></item><item><PriceUpdateDate>2016-02-14 18:18:09</PriceUpdateDate><ItemCode>7290000441313</ItemCode><ItemType>1</ItemType><ItemName>חלב על הבוקר 3% בקרט</ItemName><ManufacturerName>חלב תנובה</ManufacturerName><ManufactureCountry>ישראל</ManufactureCountry><ManufacturerItemDescription>חלב 3% על הבוקר קרטון+פקק</ManufacturerItemDescription><SoldByWeight/><Quantity>1000.00</Quantity><UnitOfMeasure>מ"ל</UnitOfMeasure><QtyInPackage>לא ידוע</QtyInPackage><UnitOfMeasurePrice>0.0089</UnitOfMeasurePrice><AllowDiscount>1</AllowDiscount><ItemStatus>1</ItemStatus><ItemPrice>8.90</ItemPrice></item><item><PriceUpdateDate>2015-10-11 06:43:23</PriceUpdateDate><ItemCode>7290000441443</ItemCode><ItemType>1</ItemType><ItemName>מעדן תנובה 0% שוקולד</ItemName><ManufacturerName>מעדן תנובה</ManufacturerName><ManufactureCountry>ישראל</ManufactureCountry><ManufacturerItemDescription>מעדן דיאט שוקולד 150 גרם</ManufacturerItemDescription><SoldByWeight/><Quantity>150.00</Quantity><UnitOfMeasure>גרם     </UnitOfMeasure><QtyInPackage>לא ידוע</QtyInPackage><UnitOfMeasurePrice>0.0267</UnitOfMeasurePrice><AllowDiscount>1</AllowDiscount><ItemStatus>1</ItemStatus><ItemPrice>4.00</ItemPrice></item><item><PriceUpdateDate>2016-06-28 07:02:34</PriceUpdateDate><ItemCode>7290000441672</ItemCode><ItemType>1</ItemType><ItemName>שוקו בבקבוק 340 מ"ל</ItemName><ManufacturerName>תנובה</ManufacturerName><ManufactureCountry>ישראל</ManufactureCountry><ManufacturerItemDescription>שוקו 340 מל בקבוק</ManufacturerItemDescription><SoldByWeight/><Quantity>340.00</Quantity><UnitOfMeasure>מ"ל</UnitOfMeasure><QtyInPackage>לא ידוע</QtyInPackage><UnitOfMeasurePrice>0.0203</UnitOfMeasurePrice><AllowDiscount>1</AllowDiscount><ItemStatus>1</ItemStatus><ItemPrice>6.90</ItemPrice></item><item><PriceUpdateDate>2016-06-28 07:02:34</PriceUpdateDate><ItemCode>7290000441689</ItemCode><ItemType>1</ItemType><ItemName>אייס קפה תנובה בקבוק</ItemName><ManufacturerName>שוק</ManufacturerName><ManufactureCountry>ישראל</ManufactureCountry><ManufacturerItemDescription>משקה אייס קפה340 מל בקבוק</ManufacturerItemDescription><SoldByWeight/><Quantity>340.00</Quantity><UnitOfMeasure>מ"ל</UnitOfMeasure><QtyInPackage>לא ידוע</QtyInPackage><UnitOfMeasurePrice>0.0218</UnitOfMeasurePrice><AllowDiscount>1</AllowDiscount><ItemStatus>1</ItemStatus><ItemPrice>7.40</ItemPrice></item><item><PriceUpdateDate>2016-05-31 06:14:33</PriceUpdateDate><ItemCode>7290000441719</ItemCode><ItemType>1</ItemType><ItemName>מילקשייק פונץ' בננה</ItemName><ManufacturerName>שוק</ManufacturerName><ManufactureCountry>ישראל</ManufactureCountry><ManufacturerItemDescription>מילקשייק פונץ' בננה</ManufacturerItemDescription><SoldByWeight/><Quantity>250.00</Quantity><UnitOfMeasure>מ"ל</UnitOfMeasure><QtyInPackage>לא ידוע</QtyInPackage><UnitOfMeasurePrice>0.0256</UnitOfMeasurePrice><AllowDiscount>1</AllowDiscount><ItemStatus>1</ItemStatus><ItemPrice>6.40</ItemPrice></item><item><PriceUpdateDate>2015-11-10 07:30:48</PriceUpdateDate><ItemCode>7290000441740</ItemCode><ItemType>1</ItemType><ItemName>גבינה בולגרית מעודנת</ItemName><ManufacturerName>פיראוס</ManufacturerName><ManufactureCountry>ישראל</ManufactureCountry><ManufacturerItemDescription>גבינה בולגרית 5% מעודנת 1</ManufacturerItemDescription><SoldByWeight/><Quantity>120.00</Quantity><UnitOfMeasure>גרם     </UnitOfMeasure><QtyInPackage>לא ידוע</QtyInPackage><UnitOfMeasurePrice>0.1150</UnitOfMeasurePrice><AllowDiscount>1</AllowDiscount><ItemStatus>1</ItemStatus><ItemPrice>13.80</ItemPrice></item><item><PriceUpdateDate>2015-10-11 06:43:23</PriceUpdateDate><ItemCode>7290000441801</ItemCode><ItemType>1</ItemType><ItemName>ג'לי פטל 125 גרם</ItemName><ManufacturerName>ג'לי תנובה</ManufacturerName><ManufactureCountry>ישראל</ManufactureCountry><ManufacturerItemDescription>מעדן גלי פטל</ManufacturerItemDescription><SoldByWeight/><Quantity>125.00</Quantity><UnitOfMeasure>גרם     </UnitOfMeasure><QtyInPackage>לא ידוע</QtyInPackage><UnitOfMeasurePrice>0.0232</UnitOfMeasurePrice><AllowDiscount>0</AllowDiscount><ItemStatus>1</ItemStatus><ItemPrice>2.90</ItemPrice></item><item><PriceUpdateDate>2015-10-19 10:39:53</PriceUpdateDate><ItemCode>7290000441818</ItemCode><ItemType>1</ItemType><ItemName>ג'לי אננס עם חתיכות</ItemName><ManufacturerName>ג'לי תנובה</ManufacturerName><ManufactureCountry>ישראל</ManufactureCountry><ManufacturerItemDescription>מעדן גלי אננס וחתיכות פרי</ManufacturerItemDescription><SoldByWeight/><Quantity>125.00</Quantity><UnitOfMeasure>גרם     </UnitOfMeasure><QtyInPackage>לא ידוע</QtyInPackage><UnitOfMeasurePrice>0.0240</UnitOfMeasurePrice><AllowDiscount>0</AllowDiscount><ItemStatus>1</ItemStatus><ItemPrice>3.00</ItemPrice></item><item><PriceUpdateDate>2015-10-19 10:39:53</PriceUpdateDate><ItemCode>7290000441825</ItemCode><ItemType>1</ItemType><ItemName>ג'לי אפרסק עם חתיכות</ItemName><ManufacturerName>ג'לי תנובה</ManufacturerName><ManufactureCountry>ישראל</ManufactureCountry><ManufacturerItemDescription>ג'לי אפרסק עם חתיכות</ManufacturerItemDescription><SoldByWeight/><Quantity>125.00</Quantity><UnitOfMeasure>גרם     </UnitOfMeasure><QtyInPackage>לא ידוע</QtyInPackage><UnitOfMeasurePrice>0.0240</UnitOfMeasurePrice><AllowDiscount>0</AllowDiscount><ItemStatus>1</ItemStatus><ItemPrice>3.00</ItemPrice></item><item><PriceUpdateDate>2015-10-11 06:43:23</PriceUpdateDate><ItemCode>7290000441849</ItemCode><ItemType>1</ItemType><ItemName>שמנת לבישול10% 250 מ</ItemName><ManufacturerName>שף לבן</ManufacturerName><ManufactureCountry>ישראל</ManufactureCountry><ManufacturerItemDescription>שמנת לבישול מופחת שומן</ManufacturerItemDescription><SoldByWeight/><Quantity>250.00</Quantity><UnitOfMeasure>מ"ל</UnitOfMeasure><QtyInPackage>לא ידוע</QtyInPackage><UnitOfMeasurePrice>0.0352</UnitOfMeasurePrice><AllowDiscount>1</AllowDiscount><ItemStatus>1</ItemStatus><ItemPrice>8.80</ItemPrice></item><item><PriceUpdateDate>2016-02-16 09:21:52</PriceUpdateDate><ItemCode>7290000441900</ItemCode><ItemType>1</ItemType><ItemName>עמק לייט משפחתית 400</ItemName><ManufacturerName>עמק</ManufacturerName><ManufactureCountry>ישראל</ManufactureCountry><ManufacturerItemDescription>עמק לייט משפחתית 400</ManufacturerItemDescription><SoldByWeight/><Quantity>400.00</Quantity><UnitOfMeasure>גרם     </UnitOfMeasure><QtyInPackage>לא ידוע</QtyInPackage><UnitOfMeasurePrice>0.0747</UnitOfMeasurePrice><AllowDiscount>1</AllowDiscount><ItemStatus>1</ItemStatus><ItemPrice>29.90</ItemPrice></item><item><PriceUpdateDate>2016-06-28 07:02:34</PriceUpdateDate><ItemCode>7290000443010</ItemCode><ItemType>1</ItemType><ItemName>גבינת מון בלאן רוקפו</ItemName><ManufacturerName>מון בלאן</ManufacturerName><ManufactureCountry>ישראל</ManufactureCountry><ManufacturerItemDescription>גבינה מון בלאן רוקפור 120</ManufacturerItemDescription><SoldByWeight/><Quantity>120.00</Quantity><UnitOfMeasure>גרם     </UnitOfMeasure><QtyInPackage>לא ידוע</QtyInPackage><UnitOfMeasurePrice>0.1208</UnitOfMeasurePrice><AllowDiscount>1</AllowDiscount><ItemStatus>1</ItemStatus><ItemPrice>14.50</ItemPrice></item><item><PriceUpdateDate>2016-05-01 10:28:35</PriceUpdateDate><ItemCode>7290000443133</ItemCode><ItemType>1</ItemType><ItemName>בייגלה שמיניות גדולו</ItemName><ManufacturerName>בייגל בייגל</ManufacturerName><ManufactureCountry>ישראל</ManufactureCountry><ManufacturerItemDescription>בייגלה שמיניות גדולו</ManufacturerItemDescription><SoldByWeight/><Quantity>400.00</Quantity><UnitOfMeasure>גרם     </UnitOfMeasure><QtyInPackage>לא ידוע</QtyInPackage><UnitOfMeasurePrice>0.0385</UnitOfMeasurePrice><AllowDiscount>1</AllowDiscount><ItemStatus>1</ItemStatus><ItemPrice>15.40</ItemPrice></item><item><PriceUpdateDate>2016-06-28 07:02:34</PriceUpdateDate><ItemCode>7290000443317</ItemCode><ItemType>1</ItemType><ItemName>סימפוניה 5% טבעית 20</ItemName><ManufacturerName>סימפוניה שטראוס</ManufacturerName><ManufactureCountry>ישראל</ManufactureCountry><ManufacturerItemDescription>סימפוניה בטעם טבעי 200 גר</ManufacturerItemDescription><SoldByWeight/><Quantity>200.00</Quantity><UnitOfMeasure>גרם     </UnitOfMeasure><QtyInPackage>לא ידוע</QtyInPackage><UnitOfMeasurePrice>0.0595</UnitOfMeasurePrice><AllowDiscount>0</AllowDiscount><ItemStatus>1</ItemStatus><ItemPrice>11.90</ItemPrice></item><item><PriceUpdateDate>2015-10-11 06:43:23</PriceUpdateDate><ItemCode>7290000443324</ItemCode><ItemType>1</ItemType><ItemName>דנונה ביו טבעי 1.7%</ItemName><ManufacturerName>דנונה</ManufacturerName><ManufactureCountry>ישראל</ManufactureCountry><ManufacturerItemDescription>יוגורט דנונה בי 200  1.7%</ManufacturerItemDescription><SoldByWeight/><Quantity>200.00</Quantity><UnitOfMeasure>גרם     </UnitOfMeasure><QtyInPackage>לא ידוע</QtyInPackage><UnitOfMeasurePrice>0.0200</UnitOfMeasurePrice><AllowDiscount>1</AllowDiscount><ItemStatus>1</ItemStatus><ItemPrice>4.00</ItemPrice></item><item><PriceUpdateDate>2016-01-05 07:13:41</PriceUpdateDate><ItemCode>7290000444062</ItemCode><ItemType>1</ItemType><ItemName>סלט חומוס יום יום 12</ItemName><ManufacturerName>אחלה</ManufacturerName><ManufactureCountry>ישראל</ManufactureCountry><ManufacturerItemDescription>סלט חומוס יום יום 125  גר</ManufacturerItemDescription><SoldByWeight/><Quantity>125.00</Quantity><UnitOfMeasure>גרם     </UnitOfMeasure><QtyInPackage>לא ידוע</QtyInPackage><UnitOfMeasurePrice>0.0440</UnitOfMeasurePrice><AllowDiscount>1</AllowDiscount><ItemStatus>1</ItemStatus><ItemPrice>5.50</ItemPrice></item><item><PriceUpdateDate>2015-10-19 10:39:53</PriceUpdateDate><ItemCode>7290000444093</ItemCode><ItemType>1</ItemType><ItemName>סלט חציל בטעם כבד 12</ItemName><ManufacturerName>אחלה</ManufacturerName><ManufactureCountry>ישראל</ManufactureCountry><ManufacturerItemDescription>חציל בטעם כבד 125 גרם</ManufacturerItemDescription><SoldByWeight/><Quantity>125.00</Quantity><UnitOfMeasure>גרם     </UnitOfMeasure><QtyInPackage>לא ידוע</QtyInPackage><UnitOfMeasurePrice>0.0488</UnitOfMeasurePrice><AllowDiscount>1</AllowDiscount><ItemStatus>1</ItemStatus><ItemPrice>6.10</ItemPrice></item><item><PriceUpdateDate>2016-03-01 06:59:38</PriceUpdateDate><ItemCode>7290000444208</ItemCode><ItemType>1</ItemType><ItemName>קפה נמס עלית נטול קפ</ItemName><ManufacturerName>עלית</ManufacturerName><ManufactureCountry>ישראל</ManufactureCountry><ManufacturerItemDescription>קפה נמס עלית נטול קפ</ManufacturerItemDescription><SoldByWeight/><Quantity>200.00</Quantity><UnitOfMeasure>גרם     </UnitOfMeasure><QtyInPackage>לא ידוע</QtyInPackage><UnitOfMeasurePrice>0.1845</UnitOfMeasurePrice><AllowDiscount>1</AllowDiscount><ItemStatus>1</ItemStatus><ItemPrice>36.90</ItemPrice></item><item><PriceUpdateDate>2016-05-01 10:28:36</PriceUpdateDate><ItemCode>7290000444215</ItemCode><ItemType>1</ItemType><ItemName>ביסקוויט עד חצות מרי</ItemName><ManufacturerName>לא ממותג</ManufacturerName><ManufactureCountry>ישראל</ManufactureCountry><ManufacturerItemDescription>ביסקוויט מריר  200 גר</ManufacturerItemDescription><SoldByWeight/><Quantity>200.00</Quantity><UnitOfMeasure>גרם     </UnitOfMeasure><QtyInPackage>לא ידוע</QtyInPackage><UnitOfMeasurePrice>0.0745</UnitOfMeasurePrice><AllowDiscount>1</AllowDiscount><ItemStatus>1</ItemStatus><ItemPrice>14.90</ItemPrice></item><item><PriceUpdateDate>2016-05-01 10:28:36</PriceUpdateDate><ItemCode>7290000444222</ItemCode><ItemType>1</ItemType><ItemName>מסטיק מאסט ריח לפה 2</ItemName><ManufacturerName>מאסט</ManufacturerName><ManufactureCountry>ישראל</ManufactureCountry><ManufacturerItemDescription>מסטיק מאסט ריח פה פפרמינט</ManufacturerItemDescription><SoldByWeight/><Quantity>0.00</Quantity><UnitOfMeasure>יח'</UnitOfMeasure><QtyInPackage>לא ידוע</QtyInPackage><UnitOfMeasurePrice>0.0000</UnitOfMeasurePrice><AllowDiscount>1</AllowDiscount><ItemStatus>1</ItemStatus><ItemPrice>4.50</ItemPrice></item><item><PriceUpdateDate>2015-10-01 00:29:00</PriceUpdateDate><ItemCode>7290000444260</ItemCode><ItemType>1</ItemType><ItemName>חטיף תפוציפס שמנת בצ</ItemName><ManufacturerName>תפוצ'יפס</ManufacturerName><ManufactureCountry>ישראל</ManufactureCountry><ManufacturerItemDescription>תפוציפס טעם שמנת ובצל50 ג</ManufacturerItemDescription><SoldByWeight/><Quantity>50.00</Quantity><UnitOfMeasure>גרם     </UnitOfMeasure><QtyInPackage>לא ידוע</QtyInPackage><UnitOfMeasurePrice>0.0780</UnitOfMeasurePrice><AllowDiscount>1</AllowDiscount><ItemStatus>1</ItemStatus><ItemPrice>3.90</ItemPrice></item><item><PriceUpdateDate>2016-05-31 06:14:34</PriceUpdateDate><ItemCode>7290000444338</ItemCode><ItemType>1</ItemType><ItemName>קפה טורקי עלית שקית</ItemName><ManufacturerName>טורקי עלית</ManufacturerName><ManufactureCountry>ישראל</ManufactureCountry><ManufacturerItemDescription>קפה טורקי בצלופן 200 גרם</ManufacturerItemDescription><SoldByWeight/><Quantity>200.00</Quantity><UnitOfMeasure>גרם     </UnitOfMeasure><QtyInPackage>לא ידוע</QtyInPackage><UnitOfMeasurePrice>0.0795</UnitOfMeasurePrice><AllowDiscount>1</AllowDiscount><ItemStatus>1</ItemStatus><ItemPrice>15.90</ItemPrice></item><item><PriceUpdateDate>2016-05-31 06:14:34</PriceUpdateDate><ItemCode>7290000444741</ItemCode><ItemType>1</ItemType><ItemName>טונה סטארקיסט בשמן ר</ItemName><ManufacturerName>סטארקיסט</ManufacturerName><ManufactureCountry>ישראל</ManufactureCountry><ManufacturerItemDescription>טונה סטארקיסט בשמן</ManufacturerItemDescription><SoldByWeight/><Quantity>448.00</Quantity><UnitOfMeasure>גרם     </UnitOfMeasure><QtyInPackage>לא ידוע</QtyInPackage><UnitOfMeasurePrice>0.0511</UnitOfMeasurePrice><AllowDiscount>1</AllowDiscount><ItemStatus>1</ItemStatus><ItemPrice>22.90</ItemPrice></item><item><PriceUpdateDate>2016-05-31 06:14:34</PriceUpdateDate><ItemCode>7290000444789</ItemCode><ItemType>1</ItemType><ItemName>טונה סטארקיסט במים ר</ItemName><ManufacturerName>סטרקיסט</ManufacturerName><ManufactureCountry>ישראל</ManufactureCountry><ManufacturerItemDescription>טונה סטארקיסט במים 160X1/</ManufacturerItemDescription><SoldByWeight/><Quantity>640.00</Quantity><UnitOfMeasure>גרם     </UnitOfMeasure><QtyInPackage>לא ידוע</QtyInPackage><UnitOfMeasurePrice>0.0358</UnitOfMeasurePrice><AllowDiscount>1</AllowDiscount><ItemStatus>1</ItemStatus><ItemPrice>22.90</ItemPrice></item><item><PriceUpdateDate>2016-06-28 07:02:34</PriceUpdateDate><ItemCode>7290000445403</ItemCode><ItemType>1</ItemType><ItemName>מארז זוג עוגת גבינה</ItemName><ManufacturerName>עדן קינוחים</ManufacturerName><ManufactureCountry>ישראל</ManufactureCountry><ManufacturerItemDescription>עוגת גבינה פירורים זוג</ManufacturerItemDescription><SoldByWeight/><Quantity>184.00</Quantity><UnitOfMeasure>גרם     </UnitOfMeasure><QtyInPackage>לא ידוע</QtyInPackage><UnitOfMeasurePrice>0.0717</UnitOfMeasurePrice><AllowDiscount>1</AllowDiscount><ItemStatus>1</ItemStatus><ItemPrice>13.20</ItemPrice></item><item><PriceUpdateDate>2016-08-02 09:29:12</PriceUpdateDate><ItemCode>7290000445472</ItemCode><ItemType>1</ItemType><ItemName>מב פיצה משפחתית גבינ</ItemName><ManufacturerName>מעדנות</ManufacturerName><ManufactureCountry>ישראל</ManufactureCountry><ManufacturerItemDescription>פיצה משפחתית גבינה 500 גר</ManufacturerItemDescription><SoldByWeight/><Quantity>500.00</Quantity><UnitOfMeasure>גרם     </UnitOfMeasure><QtyInPackage>לא ידוע</QtyInPackage><UnitOfMeasurePrice>0.0318</UnitOfMeasurePrice><AllowDiscount>1</AllowDiscount><ItemStatus>1</ItemStatus><ItemPrice>15.90</ItemPrice></item><item><PriceUpdateDate>2016-08-02 09:29:12</PriceUpdateDate><ItemCode>7290000445540</ItemCode><ItemType>1</ItemType><ItemName>מב בצק פילאס תורכי 6</ItemName><ManufacturerName>מעדנות</ManufacturerName><ManufactureCountry>ישראל</ManufactureCountry><ManufacturerItemDescription>בצק פילאס תורכי</ManufacturerItemDescription><SoldByWeight/><Quantity>600.00</Quantity><UnitOfMeasure>גרם     </UnitOfMeasure><QtyInPackage>לא ידוע</QtyInPackage><UnitOfMeasurePrice>0.0283</UnitOfMeasurePrice><AllowDiscount>1</AllowDiscount><ItemStatus>1</ItemStatus><ItemPrice>17.00</ItemPrice></item><item><PriceUpdateDate>2016-05-31 06:14:34</PriceUpdateDate><ItemCode>7290000445861</ItemCode><ItemType>1</ItemType><ItemName>מיץ פריגת מנגו 1.5 ל</ItemName><ManufacturerName>פריגת</ManufacturerName><ManufactureCountry>ישראל</ManufactureCountry><ManufacturerItemDescription>משקל פריגת מנגו 1.5 ליטר</ManufacturerItemDescription><SoldByWeight/><Quantity>1500.00</Quantity><UnitOfMeasure>מ"ל</UnitOfMeasure><QtyInPackage>לא ידוע</QtyInPackage><UnitOfMeasurePrice>0.0045</UnitOfMeasurePrice><AllowDiscount>0</AllowDiscount><ItemStatus>1</ItemStatus><ItemPrice>6.80</ItemPrice></item><item><PriceUpdateDate>2016-03-15 11:31:27</PriceUpdateDate><ItemCode>7290000445915</ItemCode><ItemType>1</ItemType><ItemName>פאנטה אקזוטיק 1.5 לי</ItemName><ManufacturerName>פאנטה אקזוטיק</ManufacturerName><ManufactureCountry>ישראל</ManufactureCountry><ManufacturerItemDescription>פאנטה אקזוטיק 1.5 ליטר</ManufacturerItemDescription><SoldByWeight/><Quantity>1500.00</Quantity><UnitOfMeasure>מ"ל</UnitOfMeasure><QtyInPackage>לא ידוע</QtyInPackage><UnitOfMeasurePrice>0.0046</UnitOfMeasurePrice><AllowDiscount>1</AllowDiscount><ItemStatus>1</ItemStatus><ItemPrice>6.90</ItemPrice></item><item><PriceUpdateDate>2015-10-11 06:43:24</PriceUpdateDate><ItemCode>7290000446011</ItemCode><ItemType>1</ItemType><ItemName>דניאלה וניל  150 מ"ל</ItemName><ManufacturerName>דניאלה</ManufacturerName><ManufactureCountry>ישראל</ManufactureCountry><ManufacturerItemDescription>דניאלה מעדן גבינה וניל 15</ManufacturerItemDescription><SoldByWeight/><Quantity>100.00</Quantity><UnitOfMeasure>מ"ל</UnitOfMeasure><QtyInPackage>לא ידוע</QtyInPackage><UnitOfMeasurePrice>0.0420</UnitOfMeasurePrice><AllowDiscount>1</AllowDiscount><ItemStatus>1</ItemStatus><ItemPrice>4.20</ItemPrice></item><item><PriceUpdateDate>2015-10-11 06:43:24</PriceUpdateDate><ItemCode>7290000446042</ItemCode><ItemType>1</ItemType><ItemName>גבינת סקי וניל 3% 12</ItemName><ManufacturerName>שטראוס</ManufacturerName><ManufactureCountry>ישראל</ManufactureCountry><ManufacturerItemDescription>גבינה סקי וניל125  גר</ManufacturerItemDescription><SoldByWeight/><Quantity>125.00</Quantity><UnitOfMeasure>גרם     </UnitOfMeasure><QtyInPackage>לא ידוע</QtyInPackage><UnitOfMeasurePrice>0.0304</UnitOfMeasurePrice><AllowDiscount>1</AllowDiscount><ItemStatus>1</ItemStatus><ItemPrice>3.80</ItemPrice></item><item><PriceUpdateDate>2015-10-11 06:43:24</PriceUpdateDate><ItemCode>7290000446059</ItemCode><ItemType>1</ItemType><ItemName>גבינת סקי 5% יום יום</ItemName><ManufacturerName>שטראוס</ManufacturerName><ManufactureCountry>ישראל</ManufactureCountry><ManufacturerItemDescription>גבינת סקי 5% יום יום</ManufacturerItemDescription><SoldByWeight/><Quantity>125.00</Quantity><UnitOfMeasure>גרם     </UnitOfMeasure><QtyInPackage>לא ידוע</QtyInPackage><UnitOfMeasurePrice>0.0280</UnitOfMeasurePrice><AllowDiscount>1</AllowDiscount><ItemStatus>1</ItemStatus><ItemPrice>3.50</ItemPrice></item><item><PriceUpdateDate>2015-10-11 06:43:24</PriceUpdateDate><ItemCode>7290000446066</ItemCode><ItemType>1</ItemType><ItemName>מארז שמינייה דנונה ב</ItemName><ManufacturerName>דנונה</ManufacturerName><ManufactureCountry>ישראל</ManufactureCountry><ManufacturerItemDescription>מארז שמינייה דנונה ב</ManufacturerItemDescription><SoldByWeight/><Quantity>1200.00</Quantity><UnitOfMeasure>מ"ל</UnitOfMeasure><QtyInPackage>לא ידוע</QtyInPackage><UnitOfMeasurePrice>0.0154</UnitOfMeasurePrice><AllowDiscount>1</AllowDiscount><ItemStatus>1</ItemStatus><ItemPrice>18.50</ItemPrice></item><item><PriceUpdateDate>2016-06-28 07:02:35</PriceUpdateDate><ItemCode>7290000446073</ItemCode><ItemType>1</ItemType><ItemName>סימפוניה 5% עם זיתים</ItemName><ManufacturerName>סימפוניה שטראוס</ManufacturerName><ManufactureCountry>ישראל</ManufactureCountry><ManufacturerItemDescription>סימפוניה 5% זיתים200 גר</ManufacturerItemDescription><SoldByWeight/><Quantity>200.00</Quantity><UnitOfMeasure>גרם     </UnitOfMeasure><QtyInPackage>לא ידוע</QtyInPackage><UnitOfMeasurePrice>0.0595</UnitOfMeasurePrice><AllowDiscount>0</AllowDiscount><ItemStatus>1</ItemStatus><ItemPrice>11.90</ItemPrice></item><item><PriceUpdateDate>2015-11-10 07:30:49</PriceUpdateDate><ItemCode>7290000446172</ItemCode><ItemType>1</ItemType><ItemName>פפסי מקס שישייה 1.5</ItemName><ManufacturerName>פפסי מקס</ManufacturerName><ManufactureCountry>ישראל</ManufactureCountry><ManufacturerItemDescription>פפסי מקס קולה 1.5 ל</ManufacturerItemDescription><SoldByWeight/><Quantity>9000.00</Quantity><UnitOfMeasure>מ"ל</UnitOfMeasure><QtyInPackage>לא ידוע</QtyInPackage><UnitOfMeasurePrice>0.0040</UnitOfMeasurePrice><AllowDiscount>1</AllowDiscount><ItemStatus>1</ItemStatus><ItemPrice>36.00</ItemPrice></item><item><PriceUpdateDate>2015-12-01 07:54:26</PriceUpdateDate><ItemCode>7290000446202</ItemCode><ItemType>1</ItemType><ItemName>ממרח פסטו קלאסי 220</ItemName><ManufacturerName>פרסקו</ManufacturerName><ManufactureCountry>ישראל</ManufactureCountry><ManufacturerItemDescription>פסטו קלאסי 220 ג</ManufacturerItemDescription><SoldByWeight/><Quantity>220.00</Quantity><UnitOfMeasure>גרם     </UnitOfMeasure><QtyInPackage>לא ידוע</QtyInPackage><UnitOfMeasurePrice>0.0986</UnitOfMeasurePrice><AllowDiscount>1</AllowDiscount><ItemStatus>1</ItemStatus><ItemPrice>21.70</ItemPrice></item><item><PriceUpdateDate>2016-08-02 09:29:12</PriceUpdateDate><ItemCode>7290000446882</ItemCode><ItemType>1</ItemType><ItemName>מב שישיית מים סן בנד</ItemName><ManufacturerName>סאן בנדטו</ManufacturerName><ManufactureCountry>ישראל</ManufactureCountry><ManufacturerItemDescription>סן בנדטו0.5 ל 1/6 מים מינ</ManufacturerItemDescription><SoldByWeight/><Quantity>3000.00</Quantity><UnitOfMeasure>מ"ל</UnitOfMeasure><QtyInPackage>לא ידוע</QtyInPackage><UnitOfMeasurePrice>0.0046</UnitOfMeasurePrice><AllowDiscount>1</AllowDiscount><ItemStatus>1</ItemStatus><ItemPrice>13.90</ItemPrice></item><item><PriceUpdateDate>2015-12-01 07:54:26</PriceUpdateDate><ItemCode>7290000446912</ItemCode><ItemType>1</ItemType><ItemName>גת פקאן סיני בשקית 1</ItemName><ManufacturerName>ליימן חטיבת המותגים</ManufacturerName><ManufactureCountry>ישראל</ManufactureCountry><ManufacturerItemDescription>גת פקאן סיני בשקית 1</ManufacturerItemDescription><SoldByWeight/><Quantity>150.00</Quantity><UnitOfMeasure>גרם     </UnitOfMeasure><QtyInPackage>לא ידוע</QtyInPackage><UnitOfMeasurePrice>0.1827</UnitOfMeasurePrice><AllowDiscount>1</AllowDiscount><ItemStatus>1</ItemStatus><ItemPrice>27.40</ItemPrice></item><item><PriceUpdateDate>2016-08-02 09:29:12</PriceUpdateDate><ItemCode>7290000446929</ItemCode><ItemType>1</ItemType><ItemName>גת אגוזי מלך שקית 15</ItemName><ManufacturerName>ליימן חטיבת המותגים</ManufacturerName><ManufactureCountry>ישראל</ManufactureCountry><ManufacturerItemDescription>גת אגוזי מלך שקית 15</ManufacturerItemDescription><SoldByWeight/><Quantity>150.00</Quantity><UnitOfMeasure>גרם     </UnitOfMeasure><QtyInPackage>לא ידוע</QtyInPackage><UnitOfMeasurePrice>0.1440</UnitOfMeasurePrice><AllowDiscount>1</AllowDiscount><ItemStatus>1</ItemStatus><ItemPrice>21.60</ItemPrice></item><item><PriceUpdateDate>2016-05-31 06:14:35</PriceUpdateDate><ItemCode>7290000447216</ItemCode><ItemType>1</ItemType><ItemName>ג'חנון אפוי 750 גרם</ItemName><ManufacturerName>מעדנות</ManufacturerName><ManufactureCountry>ישראל</ManufactureCountry><ManufacturerItemDescription>גחנון אפוי 750 גרם</ManufacturerItemDescription><SoldByWeight/><Quantity>750.00</Quantity><UnitOfMeasure>גרם     </UnitOfMeasure><QtyInPackage>לא ידוע</QtyInPackage><UnitOfMeasurePrice>0.0369</UnitOfMeasurePrice><AllowDiscount>1</AllowDiscount><ItemStatus>1</ItemStatus><ItemPrice>27.70</ItemPrice></item><item><PriceUpdateDate>2016-08-02 09:29:13</PriceUpdateDate><ItemCode>7290000447391</ItemCode><ItemType>1</ItemType><ItemName>מב עוגת שמרים בטעם ש</ItemName><ManufacturerName>לחמי</ManufacturerName><ManufactureCountry>ישראל</ManufactureCountry><ManufacturerItemDescription>מאפה שמרים בטעם שוקולד 45</ManufacturerItemDescription><SoldByWeight/><Quantity>450.00</Quantity><UnitOfMeasure>גרם     </UnitOfMeasure><QtyInPackage>לא ידוע</QtyInPackage><UnitOfMeasurePrice>0.0331</UnitOfMeasurePrice><AllowDiscount>1</AllowDiscount><ItemStatus>1</ItemStatus><ItemPrice>14.90</ItemPrice></item><item><PriceUpdateDate>2016-05-01 10:28:38</PriceUpdateDate><ItemCode>7290000447865</ItemCode><ItemType>1</ItemType><ItemName>פתיתי קוסקוס 350 גרם</ItemName><ManufacturerName>אסם</ManufacturerName><ManufactureCountry>ישראל</ManufactureCountry><ManufacturerItemDescription>פתיתי קוסקוס 350 גרם</ManufacturerItemDescription><SoldByWeight/><Quantity>350.00</Quantity><UnitOfMeasure>גרם     </UnitOfMeasure><QtyInPackage>לא ידוע</QtyInPackage><UnitOfMeasurePrice>0.0226</UnitOfMeasurePrice><AllowDiscount>1</AllowDiscount><ItemStatus>1</ItemStatus><ItemPrice>7.90</ItemPrice></item><item><PriceUpdateDate>2016-05-01 10:28:38</PriceUpdateDate><ItemCode>7290000448046</ItemCode><ItemType>1</ItemType><ItemName>פטוציני פרפקטו 500 ג</ItemName><ManufacturerName>פרפקטו</ManufacturerName><ManufactureCountry>איטליה</ManufactureCountry><ManufacturerItemDescription>שמרים יבשים     קום500ג</ManufacturerItemDescription><SoldByWeight/><Quantity>500.00</Quantity><UnitOfMeasure>גרם     </UnitOfMeasure><QtyInPackage>לא ידוע</QtyInPackage><UnitOfMeasurePrice>0.0198</UnitOfMeasurePrice><AllowDiscount>1</AllowDiscount><ItemStatus>1</ItemStatus><ItemPrice>9.90</ItemPrice></item><item><PriceUpdateDate>2016-05-01 10:28:38</PriceUpdateDate><ItemCode>7290000448053</ItemCode><ItemType>1</ItemType><ItemName>קוסקוס דק בשקית 350</ItemName><ManufacturerName>אסם</ManufacturerName><ManufactureCountry>ישראל</ManufactureCountry><ManufacturerItemDescription>קוסקוס דק בשקית 350</ManufacturerItemDescription><SoldByWeight/><Quantity>350.00</Quantity><UnitOfMeasure>גרם     </UnitOfMeasure><QtyInPackage>לא ידוע</QtyInPackage><UnitOfMeasurePrice>0.0226</UnitOfMeasurePrice><AllowDiscount>1</AllowDiscount><ItemStatus>1</ItemStatus><ItemPrice>7.90</ItemPrice></item><item><PriceUpdateDate>2016-05-31 06:14:35</PriceUpdateDate><ItemCode>7290000448060</ItemCode><ItemType>1</ItemType><ItemName>חטיף ארנבונים תפו"א</ItemName><ManufacturerName>דובונים</ManufacturerName><ManufactureCountry>ישראל</ManufactureCountry><ManufacturerItemDescription>חטיף ארנבונים תפו"א</ManufacturerItemDescription><SoldByWeight/><Quantity>14.00</Quantity><UnitOfMeasure>גרם     </UnitOfMeasure><QtyInPackage>לא ידוע</QtyInPackage><UnitOfMeasurePrice>0.2857</UnitOfMeasurePrice><AllowDiscount>1</AllowDiscount><ItemStatus>1</ItemStatus><ItemPrice>4.00</ItemPrice></item><item><PriceUpdateDate>2016-05-31 06:14:35</PriceUpdateDate><ItemCode>7290000448114</ItemCode><ItemType>1</ItemType><ItemName>מארז אקטימל טבעי 14</ItemName><ManufacturerName>אקטימל</ManufacturerName><ManufactureCountry>ישראל</ManufactureCountry><ManufacturerItemDescription>מארז אקטימל טבעי 14</ManufacturerItemDescription><SoldByWeight/><Quantity>1480.00</Quantity><UnitOfMeasure>מ"ל</UnitOfMeasure><QtyInPackage>לא ידוע</QtyInPackage><UnitOfMeasurePrice>0.0212</UnitOfMeasurePrice><AllowDiscount>1</AllowDiscount><ItemStatus>1</ItemStatus><ItemPrice>31.40</ItemPrice></item><item><PriceUpdateDate>2016-06-28 07:02:35</PriceUpdateDate><ItemCode>7290000448145</ItemCode><ItemType>1</ItemType><ItemName>סימפוניה 3% עם שום ש</ItemName><ManufacturerName>סימפוניה שטראוס</ManufacturerName><ManufactureCountry>ישראל</ManufactureCountry><ManufacturerItemDescription>סימפוניה 3% שום שמיר</ManufacturerItemDescription><SoldByWeight/><Quantity>200.00</Quantity><UnitOfMeasure>גרם     </UnitOfMeasure><QtyInPackage>לא ידוע</QtyInPackage><UnitOfMeasurePrice>0.0595</UnitOfMeasurePrice><AllowDiscount>0</AllowDiscount><ItemStatus>1</ItemStatus><ItemPrice>11.90</ItemPrice></item><item><PriceUpdateDate>2015-12-08 16:19:31</PriceUpdateDate><ItemCode>7290000448169</ItemCode><ItemType>1</ItemType><ItemName>גבינת סקי 3% 250 גרם</ItemName><ManufacturerName>שטראוס</ManufacturerName><ManufactureCountry>ישראל</ManufactureCountry><ManufacturerItemDescription>גבינה סקי 250 3% גרם</ManufacturerItemDescription><SoldByWeight/><Quantity>250.00</Quantity><UnitOfMeasure>גרם     </UnitOfMeasure><QtyInPackage>לא ידוע</QtyInPackage><UnitOfMeasurePrice>0.0192</UnitOfMeasurePrice><AllowDiscount>1</AllowDiscount><ItemStatus>1</ItemStatus><ItemPrice>4.80</ItemPrice></item><item><PriceUpdateDate>2016-02-11 06:58:45</PriceUpdateDate><ItemCode>7290000448183</ItemCode><ItemType>1</ItemType><ItemName>גבינת סקי 5% 750 גרם</ItemName><ManufacturerName>שטראוס</ManufacturerName><ManufactureCountry>ישראל</ManufactureCountry><ManufacturerItemDescription>גבינת סקי 5% 750 גרם</ManufacturerItemDescription><SoldByWeight/><Quantity>750.00</Quantity><UnitOfMeasure>גרם     </UnitOfMeasure><QtyInPackage>לא ידוע</QtyInPackage><UnitOfMeasurePrice>0.0184</UnitOfMeasurePrice><AllowDiscount>1</AllowDiscount><ItemStatus>1</ItemStatus><ItemPrice>13.80</ItemPrice></item><item><PriceUpdateDate>2015-12-17 06:50:18</PriceUpdateDate><ItemCode>7290000448213</ItemCode><ItemType>1</ItemType><ItemName>מארז אקטימל תות שמינ</ItemName><ManufacturerName>אקטימל</ManufacturerName><ManufactureCountry>ישראל</ManufactureCountry><ManufacturerItemDescription>מארז אקטימל תות 8 יח</ManufacturerItemDescription><SoldByWeight/><Quantity>850.00</Quantity><UnitOfMeasure>מ"ל</UnitOfMeasure><QtyInPackage>לא ידוע</QtyInPackage><UnitOfMeasurePrice>0.0258</UnitOfMeasurePrice><AllowDiscount>1</AllowDiscount><ItemStatus>1</ItemStatus><ItemPrice>21.90</ItemPrice></item><item><PriceUpdateDate>2015-12-17 06:50:18</PriceUpdateDate><ItemCode>7290000448237</ItemCode><ItemType>1</ItemType><ItemName>מארז אקטימל טבעי שמי</ItemName><ManufacturerName>אקטימל</ManufacturerName><ManufactureCountry>ישראל</ManufactureCountry><ManufacturerItemDescription>מארז אקטימל 8 יח</ManufacturerItemDescription><SoldByWeight/><Quantity>850.00</Quantity><UnitOfMeasure>מ"ל</UnitOfMeasure><QtyInPackage>לא ידוע</QtyInPackage><UnitOfMeasurePrice>0.0258</UnitOfMeasurePrice><AllowDiscount>1</AllowDiscount><ItemStatus>1</ItemStatus><ItemPrice>21.90</ItemPrice></item><item><PriceUpdateDate>2015-10-19 10:39:54</PriceUpdateDate><ItemCode>7290000448299</ItemCode><ItemType>1</ItemType><ItemName>מארז דנונה שמיניה במ</ItemName><ManufacturerName>דנונה</ManufacturerName><ManufactureCountry>ישראל</ManufactureCountry><ManufacturerItemDescription>מארז 1/8 מתיקות מעודנת</ManufacturerItemDescription><SoldByWeight/><Quantity>1200.00</Quantity><UnitOfMeasure>מ"ל</UnitOfMeasure><QtyInPackage>לא ידוע</QtyInPackage><UnitOfMeasurePrice>0.0170</UnitOfMeasurePrice><AllowDiscount>1</AllowDiscount><ItemStatus>1</ItemStatus><ItemPrice>20.40</ItemPrice></item><item><PriceUpdateDate>2015-10-01 00:29:01</PriceUpdateDate><ItemCode>7290000448305</ItemCode><ItemType>1</ItemType><ItemName>מארז דנונה ביו 1.7%</ItemName><ManufacturerName>דנונה</ManufacturerName><ManufactureCountry>ישראל</ManufactureCountry><ManufacturerItemDescription>מארז דנונה ביו 1.7%</ManufacturerItemDescription><SoldByWeight/><Quantity>1200.00</Quantity><UnitOfMeasure>מ"ל</UnitOfMeasure><QtyInPackage>לא ידוע</QtyInPackage><UnitOfMeasurePrice>0.0147</UnitOfMeasurePrice><AllowDiscount>1</AllowDiscount><ItemStatus>1</ItemStatus><ItemPrice>17.60</ItemPrice></item><item><PriceUpdateDate>2016-08-02 09:29:13</PriceUpdateDate><ItemCode>7290000449142</ItemCode><ItemType>1</ItemType><ItemName>מב עוגת שמרים שושנים</ItemName><ManufacturerName>לחמי</ManufacturerName><ManufactureCountry>ישראל</ManufactureCountry><ManufacturerItemDescription>עוגת שמרים שושנים טריפל ש</ManufacturerItemDescription><SoldByWeight/><Quantity>400.00</Quantity><UnitOfMeasure>גרם     </UnitOfMeasure><QtyInPackage>לא ידוע</QtyInPackage><UnitOfMeasurePrice>0.0373</UnitOfMeasurePrice><AllowDiscount>1</AllowDiscount><ItemStatus>1</ItemStatus><ItemPrice>14.90</ItemPrice></item><item><PriceUpdateDate>2016-05-01 10:28:38</PriceUpdateDate><ItemCode>7290000449289</ItemCode><ItemType>1</ItemType><ItemName>בירה נשר לבן 500 מ"ל</ItemName><ManufacturerName>נשר</ManufacturerName><ManufactureCountry>ישראל</ManufactureCountry><ManufacturerItemDescription>בירה נשר לבן 500 מ"ל</ManufacturerItemDescription><SoldByWeight/><Quantity>500.00</Quantity><UnitOfMeasure>מ"ל</UnitOfMeasure><QtyInPackage>לא ידוע</QtyInPackage><UnitOfMeasurePrice>0.0152</UnitOfMeasurePrice><AllowDiscount>1</AllowDiscount><ItemStatus>1</ItemStatus><ItemPrice>7.60</ItemPrice></item><item><PriceUpdateDate>2016-05-01 10:28:38</PriceUpdateDate><ItemCode>7290000449296</ItemCode><ItemType>1</ItemType><ItemName>בירה מאלט 500 מ''ל</ItemName><ManufacturerName>נשר מאלט</ManufacturerName><ManufactureCountry>ישראל</ManufactureCountry><ManufacturerItemDescription>בירה נשר מאלט 500 מל בקב.</ManufacturerItemDescription><SoldByWeight/><Quantity>500.00</Quantity><UnitOfMeasure>מ"ל</UnitOfMeasure><QtyInPackage>לא ידוע</QtyInPackage><UnitOfMeasurePrice>0.0114</UnitOfMeasurePrice><AllowDiscount>1</AllowDiscount><ItemStatus>1</ItemStatus><ItemPrice>5.70</ItemPrice></item><item><PriceUpdateDate>2016-05-31 06:14:35</PriceUpdateDate><ItemCode>7290000449302</ItemCode><ItemType>1</ItemType><ItemName>בירה גולדסטאר 500 מ"</ItemName><ManufacturerName>גולדסטאר</ManufacturerName><ManufactureCountry>ישראל</ManufactureCountry><ManufacturerItemDescription>בירה גולדסטאר.500 מל בק ח</ManufacturerItemDescription><SoldByWeight/><Quantity>500.00</Quantity><UnitOfMeasure>מ"ל</UnitOfMeasure><QtyInPackage>לא ידוע</QtyInPackage><UnitOfMeasurePrice>0.0138</UnitOfMeasurePrice><AllowDiscount>1</AllowDiscount><ItemStatus>1</ItemStatus><ItemPrice>6.90</ItemPrice></item><item><PriceUpdateDate>2016-08-02 09:29:13</PriceUpdateDate><ItemCode>7290000449340</ItemCode><ItemType>1</ItemType><ItemName>מב בירה מאלט שישייה</ItemName><ManufacturerName>נשר מאלט</ManufacturerName><ManufactureCountry>ישראל</ManufactureCountry><ManufacturerItemDescription>מב בירה מאלט שישייה</ManufacturerItemDescription><SoldByWeight/><Quantity>1980.00</Quantity><UnitOfMeasure>מ"ל</UnitOfMeasure><QtyInPackage>לא ידוע</QtyInPackage><UnitOfMeasurePrice>0.0127</UnitOfMeasurePrice><AllowDiscount>1</AllowDiscount><ItemStatus>1</ItemStatus><ItemPrice>25.20</ItemPrice></item><item><PriceUpdateDate>2015-11-10 07:31:55</PriceUpdateDate><ItemCode>7290000450209</ItemCode><ItemType>1</ItemType><ItemName>טונה פוסידון בשמן 10</ItemName><ManufacturerName>פוסידון</ManufacturerName><ManufactureCountry>ישראל</ManufactureCountry><ManufacturerItemDescription>טונה בהירה בשמן פוסידון 1</ManufacturerItemDescription><SoldByWeight/><Quantity>108.00</Quantity><UnitOfMeasure>גרם     </UnitOfMeasure><QtyInPackage>לא ידוע</QtyInPackage><UnitOfMeasurePrice>0.0648</UnitOfMeasurePrice><AllowDiscount>1</AllowDiscount><ItemStatus>1</ItemStatus><ItemPrice>7.00</ItemPrice></item><item><PriceUpdateDate>2016-05-01 10:28:43</PriceUpdateDate><ItemCode>7290000450247</ItemCode><ItemType>1</ItemType><ItemName>בירה מאלט 1.5 ליטר</ItemName><ManufacturerName>מאלטי</ManufacturerName><ManufactureCountry>ישראל</ManufactureCountry><ManufacturerItemDescription>בירה מאלטי 1.5 ליטר</ManufacturerItemDescription><SoldByWeight/><Quantity>1500.00</Quantity><UnitOfMeasure>מ"ל</UnitOfMeasure><QtyInPackage>לא ידוע</QtyInPackage><UnitOfMeasurePrice>0.0062</UnitOfMeasurePrice><AllowDiscount>0</AllowDiscount><ItemStatus>1</ItemStatus><ItemPrice>9.30</ItemPrice></item><item><PriceUpdateDate>2016-05-01 10:28:43</PriceUpdateDate><ItemCode>7290000450254</ItemCode><ItemType>1</ItemType><ItemName>בירה מאלט דיאט 1.5 ל</ItemName><ManufacturerName>מאלטי דיאט</ManufacturerName><ManufactureCountry>ישראל</ManufactureCountry><ManufacturerItemDescription>בירה מאלט דיאט 1.5 ל</ManufacturerItemDescription><SoldByWeight/><Quantity>1500.00</Quantity><UnitOfMeasure>מ"ל</UnitOfMeasure><QtyInPackage>לא ידוע</QtyInPackage><UnitOfMeasurePrice>0.0062</UnitOfMeasurePrice><AllowDiscount>0</AllowDiscount><ItemStatus>1</ItemStatus><ItemPrice>9.30</ItemPrice></item><item><PriceUpdateDate>2016-05-01 10:28:43</PriceUpdateDate><ItemCode>7290000450513</ItemCode><ItemType>1</ItemType><ItemName>קרוטונים מתובלים למר</ItemName><ManufacturerName>אסם</ManufacturerName><ManufactureCountry>ישראל</ManufactureCountry><ManufacturerItemDescription>קרוטונים מתובלים למר</ManufacturerItemDescription><SoldByWeight/><Quantity>400.00</Quantity><UnitOfMeasure>גרם     </UnitOfMeasure><QtyInPackage>לא ידוע</QtyInPackage><UnitOfMeasurePrice>0.0525</UnitOfMeasurePrice><AllowDiscount>1</AllowDiscount><ItemStatus>1</ItemStatus><ItemPrice>21.00</ItemPrice></item><item><PriceUpdateDate>2016-08-02 09:29:13</PriceUpdateDate><ItemCode>7290000450520</ItemCode><ItemType>1</ItemType><ItemName>לחמית שיפון  230 גרם</ItemName><ManufacturerName>לחמית</ManufacturerName><ManufactureCountry>ישראל</ManufactureCountry><ManufacturerItemDescription>לחמית עם שיפון 230 גרם</ManufacturerItemDescription><SoldByWeight/><Quantity>230.00</Quantity><UnitOfMeasure>גרם     </UnitOfMeasure><QtyInPackage>לא ידוע</QtyInPackage><UnitOfMeasurePrice>0.0430</UnitOfMeasurePrice><AllowDiscount>1</AllowDiscount><ItemStatus>1</ItemStatus><ItemPrice>9.90</ItemPrice></item><item><PriceUpdateDate>2016-05-31 06:14:35</PriceUpdateDate><ItemCode>7290000450575</ItemCode><ItemType>1</ItemType><ItemName>עוגת הבית שוקולד 400</ItemName><ManufacturerName>עוגות הבית</ManufacturerName><ManufactureCountry>ישראל</ManufactureCountry><ManufacturerItemDescription>עוגת הבית שוקולד 400 גר</ManufacturerItemDescription><SoldByWeight/><Quantity>400.00</Quantity><UnitOfMeasure>גרם     </UnitOfMeasure><QtyInPackage>לא ידוע</QtyInPackage><UnitOfMeasurePrice>0.0273</UnitOfMeasurePrice><AllowDiscount>0</AllowDiscount><ItemStatus>1</ItemStatus><ItemPrice>10.90</ItemPrice></item><item><PriceUpdateDate>2016-05-31 06:14:36</PriceUpdateDate><ItemCode>7290000450605</ItemCode><ItemType>1</ItemType><ItemName>עוגת הבית תפוז 400 ג</ItemName><ManufacturerName>עוגות הבית</ManufacturerName><ManufactureCountry>ישראל</ManufactureCountry><ManufacturerItemDescription>עוגת הבית תפוז 400 גר</ManufacturerItemDescription><SoldByWeight/><Quantity>400.00</Quantity><UnitOfMeasure>גרם     </UnitOfMeasure><QtyInPackage>לא ידוע</QtyInPackage><UnitOfMeasurePrice>0.0273</UnitOfMeasurePrice><AllowDiscount>0</AllowDiscount><ItemStatus>1</ItemStatus><ItemPrice>10.90</ItemPrice></item><item><PriceUpdateDate>2015-10-19 10:39:54</PriceUpdateDate><ItemCode>7290000450636</ItemCode><ItemType>1</ItemType><ItemName>חטיפי פריכונים בטעם</ItemName><ManufacturerName>פריכונים</ManufacturerName><ManufactureCountry>ישראל</ManufactureCountry><ManufacturerItemDescription>חטיפי פריכונים בטעם</ManufacturerItemDescription><SoldByWeight/><Quantity>14.00</Quantity><UnitOfMeasure>גרם     </UnitOfMeasure><QtyInPackage>לא ידוע</QtyInPackage><UnitOfMeasurePrice>0.6643</UnitOfMeasurePrice><AllowDiscount>1</AllowDiscount><ItemStatus>1</ItemStatus><ItemPrice>9.30</ItemPrice></item><item><PriceUpdateDate>2016-05-31 06:14:36</PriceUpdateDate><ItemCode>7290000450711</ItemCode><ItemType>1</ItemType><ItemName>דייסת מטרנה וניל בד"</ItemName><ManufacturerName>מטרנה</ManufacturerName><ManufactureCountry>ישראל</ManufactureCountry><ManufacturerItemDescription>דייסת וניל מטרנה 200 גרם</ManufacturerItemDescription><SoldByWeight/><Quantity>200.00</Quantity><UnitOfMeasure>גרם     </UnitOfMeasure><QtyInPackage>לא ידוע</QtyInPackage><UnitOfMeasurePrice>0.0725</UnitOfMeasurePrice><AllowDiscount>1</AllowDiscount><ItemStatus>1</ItemStatus><ItemPrice>14.50</ItemPrice></item><item><PriceUpdateDate>2016-03-29 07:50:05</PriceUpdateDate><ItemCode>7290000450841</ItemCode><ItemType>1</ItemType><ItemName>מרכך פינוק לשיער יבש</ItemName><ManufacturerName>פינוק</ManufacturerName><ManufactureCountry>ישראל</ManufactureCountry><ManufacturerItemDescription>מרכך פינוק לשיער יבש</ManufacturerItemDescription><SoldByWeight/><Quantity>700.00</Quantity><UnitOfMeasure>מ"ל</UnitOfMeasure><QtyInPackage>לא ידוע</QtyInPackage><UnitOfMeasurePrice>0.0184</UnitOfMeasurePrice><AllowDiscount>1</AllowDiscount><ItemStatus>1</ItemStatus><ItemPrice>12.90</ItemPrice></item><item><PriceUpdateDate>2016-03-29 07:50:05</PriceUpdateDate><ItemCode>7290000450865</ItemCode><ItemType>1</ItemType><ItemName>שמפו פינוק לשיער רגי</ItemName><ManufacturerName>פינוק</ManufacturerName><ManufactureCountry>ישראל</ManufactureCountry><ManufacturerItemDescription>שמפו פינוק לשיער רגי</ManufacturerItemDescription><SoldByWeight/><Quantity>700.00</Quantity><UnitOfMeasure>מ"ל</UnitOfMeasure><QtyInPackage>לא ידוע</QtyInPackage><UnitOfMeasurePrice>0.0184</UnitOfMeasurePrice><AllowDiscount>1</AllowDiscount><ItemStatus>1</ItemStatus><ItemPrice>12.90</ItemPrice></item><item><PriceUpdateDate>2016-05-31 06:14:36</PriceUpdateDate><ItemCode>7290000451350</ItemCode><ItemType>1</ItemType><ItemName>דפים למייבש בדין ורו</ItemName><ManufacturerName>בדין</ManufacturerName><ManufactureCountry>ישראל</ManufactureCountry><ManufacturerItemDescription>דפים למייבש בדין ורו</ManufacturerItemDescription><SoldByWeight/><Quantity>1.00</Quantity><UnitOfMeasure>יח'</UnitOfMeasure><QtyInPackage>לא ידוע</QtyInPackage><UnitOfMeasurePrice>18.9000</UnitOfMeasurePrice><AllowDiscount>1</AllowDiscount><ItemStatus>1</ItemStatus><ItemPrice>18.90</ItemPrice></item><item><PriceUpdateDate>2015-11-10 07:30:51</PriceUpdateDate><ItemCode>7290000451398</ItemCode><ItemType>1</ItemType><ItemName>ג'לטין טהור ויליגר 2</ItemName><ManufacturerName>ויליגר</ManufacturerName><ManufactureCountry>ישראל</ManufactureCountry><ManufacturerItemDescription>גלטין טהור 28 גר</ManufacturerItemDescription><SoldByWeight/><Quantity>14.00</Quantity><UnitOfMeasure>גרם     </UnitOfMeasure><QtyInPackage>לא ידוע</QtyInPackage><UnitOfMeasurePrice>0.7286</UnitOfMeasurePrice><AllowDiscount>1</AllowDiscount><ItemStatus>1</ItemStatus><ItemPrice>10.20</ItemPrice></item><item><PriceUpdateDate>2016-05-29 15:09:20</PriceUpdateDate><ItemCode>7290000451572</ItemCode><ItemType>1</ItemType><ItemName>סלמון מעושן מצונן 10</ItemName><ManufacturerName>דלידג</ManufacturerName><ManufactureCountry>ישראל</ManufactureCountry><ManufacturerItemDescription>סלמון מעושן מצונן 100 גרם</ManufacturerItemDescription><SoldByWeight/><Quantity>100.00</Quantity><UnitOfMeasure>גרם     </UnitOfMeasure><QtyInPackage>לא ידוע</QtyInPackage><UnitOfMeasurePrice>0.1990</UnitOfMeasurePrice><AllowDiscount>1</AllowDiscount><ItemStatus>1</ItemStatus><ItemPrice>19.90</ItemPrice></item><item><PriceUpdateDate>2016-08-02 09:29:13</PriceUpdateDate><ItemCode>7290000451862</ItemCode><ItemType>1</ItemType><ItemName>מב המבורגר 100% 400</ItemName><ManufacturerName>טיבון ויל</ManufacturerName><ManufactureCountry>ישראל</ManufactureCountry><ManufacturerItemDescription>המבורגר 400 100% גרם</ManufacturerItemDescription><SoldByWeight/><Quantity>400.00</Quantity><UnitOfMeasure>גרם     </UnitOfMeasure><QtyInPackage>לא ידוע</QtyInPackage><UnitOfMeasurePrice>0.0472</UnitOfMeasurePrice><AllowDiscount>1</AllowDiscount><ItemStatus>1</ItemStatus><ItemPrice>18.90</ItemPrice></item><item><PriceUpdateDate>2016-05-31 06:14:37</PriceUpdateDate><ItemCode>7290000452012</ItemCode><ItemType>1</ItemType><ItemName>איקרה ביתית לבנה 300</ItemName><ManufacturerName>דלידג</ManufacturerName><ManufactureCountry>ישראל</ManufactureCountry><ManufacturerItemDescription>סלט איקרה לבנה 300 גר</ManufacturerItemDescription><SoldByWeight/><Quantity>300.00</Quantity><UnitOfMeasure>גרם     </UnitOfMeasure><QtyInPackage>לא ידוע</QtyInPackage><UnitOfMeasurePrice>0.0663</UnitOfMeasurePrice><AllowDiscount>1</AllowDiscount><ItemStatus>1</ItemStatus><ItemPrice>19.90</ItemPrice></item><item><PriceUpdateDate>2016-05-31 06:14:37</PriceUpdateDate><ItemCode>7290000452029</ItemCode><ItemType>1</ItemType><ItemName>איקרה ביתית ורודה 30</ItemName><ManufacturerName>דלידג</ManufacturerName><ManufactureCountry>ישראל</ManufactureCountry><ManufacturerItemDescription>סלט איקרה ורודה 300 גרם</ManufacturerItemDescription><SoldByWeight/><Quantity>300.00</Quantity><UnitOfMeasure>גרם     </UnitOfMeasure><QtyInPackage>לא ידוע</QtyInPackage><UnitOfMeasurePrice>0.0663</UnitOfMeasurePrice><AllowDiscount>1</AllowDiscount><ItemStatus>1</ItemStatus><ItemPrice>19.90</ItemPrice></item><item><PriceUpdateDate>2016-05-31 06:14:37</PriceUpdateDate><ItemCode>7290000452197</ItemCode><ItemType>1</ItemType><ItemName>שניצל דק דק פריך 700</ItemName><ManufacturerName>מאמא עוף קפוא</ManufacturerName><ManufactureCountry>ישראל</ManufactureCountry><ManufacturerItemDescription>שניצל דק דק פריך 700 גרם</ManufacturerItemDescription><SoldByWeight/><Quantity>700.00</Quantity><UnitOfMeasure>גרם     </UnitOfMeasure><QtyInPackage>לא ידוע</QtyInPackage><UnitOfMeasurePrice>0.0527</UnitOfMeasurePrice><AllowDiscount>1</AllowDiscount><ItemStatus>1</ItemStatus><ItemPrice>36.90</ItemPrice></item><item><PriceUpdateDate>2016-06-28 07:02:36</PriceUpdateDate><ItemCode>7290000452333</ItemCode><ItemType>1</ItemType><ItemName>מב שניצל עוף אמיתי מ</ItemName><ManufacturerName>מאמא עוף קפוא</ManufacturerName><ManufactureCountry>ישראל</ManufactureCountry><ManufacturerItemDescription>שניצל עוף אמיתי 700 גרם</ManufacturerItemDescription><SoldByWeight/><Quantity>700.00</Quantity><UnitOfMeasure>גרם     </UnitOfMeasure><QtyInPackage>לא ידוע</QtyInPackage><UnitOfMeasurePrice>0.0499</UnitOfMeasurePrice><AllowDiscount>1</AllowDiscount><ItemStatus>1</ItemStatus><ItemPrice>34.90</ItemPrice></item><item><PriceUpdateDate>2016-08-02 09:29:13</PriceUpdateDate><ItemCode>7290000452371</ItemCode><ItemType>1</ItemType><ItemName>מב שניצל אמיתי ביתי</ItemName><ManufacturerName>מאמא עוף קפוא</ManufacturerName><ManufactureCountry>ישראל</ManufactureCountry><ManufacturerItemDescription>שניצל אמיתי ביתי 700 גרם</ManufacturerItemDescription><SoldByWeight/><Quantity>700.00</Quantity><UnitOfMeasure>גרם     </UnitOfMeasure><QtyInPackage>לא ידוע</QtyInPackage><UnitOfMeasurePrice>0.0499</UnitOfMeasurePrice><AllowDiscount>1</AllowDiscount><ItemStatus>1</ItemStatus><ItemPrice>34.90</ItemPrice></item><item><PriceUpdateDate>2016-05-01 07:00:30</PriceUpdateDate><ItemCode>7290000452388</ItemCode><ItemType>1</ItemType><ItemName>מב כוכבי עוף 700 גרם</ItemName><ManufacturerName>מאמא עוף קפוא</ManufacturerName><ManufactureCountry>ישראל</ManufactureCountry><ManufacturerItemDescription>מב כוכבי עוף 700 גרם</ManufacturerItemDescription><SoldByWeight/><Quantity>700.00</Quantity><UnitOfMeasure>גרם     </UnitOfMeasure><QtyInPackage>לא ידוע</QtyInPackage><UnitOfMeasurePrice>0.0427</UnitOfMeasurePrice><AllowDiscount>1</AllowDiscount><ItemStatus>1</ItemStatus><ItemPrice>29.90</ItemPrice></item><item><PriceUpdateDate>2016-08-02 09:29:13</PriceUpdateDate><ItemCode>7290000452470</ItemCode><ItemType>1</ItemType><ItemName>רצועוף שומשום 65 מאמ</ItemName><ManufacturerName>מאמא עוף קפוא</ManufacturerName><ManufactureCountry>ישראל</ManufactureCountry><ManufacturerItemDescription>רצועוף שומשום 650 גרם</ManufacturerItemDescription><SoldByWeight/><Quantity>650.00</Quantity><UnitOfMeasure>גרם     </UnitOfMeasure><QtyInPackage>לא ידוע</QtyInPackage><UnitOfMeasurePrice>0.0725</UnitOfMeasurePrice><AllowDiscount>1</AllowDiscount><ItemStatus>1</ItemStatus><ItemPrice>47.10</ItemPrice></item><item><PriceUpdateDate>2016-01-05 07:13:42</PriceUpdateDate><ItemCode>7290000452494</ItemCode><ItemType>1</ItemType><ItemName>חומוס עם טחינה צבר 1</ItemName><ManufacturerName>צבר</ManufacturerName><ManufactureCountry>ישראל</ManufactureCountry><ManufacturerItemDescription>סלט חומוס וטחינה 150 גרם</ManufacturerItemDescription><SoldByWeight/><Quantity>150.00</Quantity><UnitOfMeasure>גרם     </UnitOfMeasure><QtyInPackage>לא ידוע</QtyInPackage><UnitOfMeasurePrice>0.0367</UnitOfMeasurePrice><AllowDiscount>1</AllowDiscount><ItemStatus>1</ItemStatus><ItemPrice>5.50</ItemPrice></item><item><PriceUpdateDate>2016-01-05 07:13:42</PriceUpdateDate><ItemCode>7290000452548</ItemCode><ItemType>1</ItemType><ItemName>חומוס עם חריף 150 גר</ItemName><ManufacturerName>צבר</ManufacturerName><ManufactureCountry>ישראל</ManufactureCountry><ManufacturerItemDescription>סלט חומוס וחריף 150 גרם</ManufacturerItemDescription><SoldByWeight/><Quantity>150.00</Quantity><UnitOfMeasure>גרם     </UnitOfMeasure><QtyInPackage>לא ידוע</QtyInPackage><UnitOfMeasurePrice>0.0367</UnitOfMeasurePrice><AllowDiscount>1</AllowDiscount><ItemStatus>1</ItemStatus><ItemPrice>5.50</ItemPrice></item><item><PriceUpdateDate>2016-05-01 10:28:47</PriceUpdateDate><ItemCode>7290000452807</ItemCode><ItemType>1</ItemType><ItemName>בירה מכבי פחית 500 מ</ItemName><ManufacturerName>מכבי</ManufacturerName><ManufactureCountry>ישראל</ManufactureCountry><ManufacturerItemDescription>בירה מכבי פחית500 מל</ManufacturerItemDescription><SoldByWeight/><Quantity>500.00</Quantity><UnitOfMeasure>מ"ל</UnitOfMeasure><QtyInPackage>לא ידוע</QtyInPackage><UnitOfMeasurePrice>0.0184</UnitOfMeasurePrice><AllowDiscount>1</AllowDiscount><ItemStatus>1</ItemStatus><ItemPrice>9.20</ItemPrice></item><item><PriceUpdateDate>2016-08-07 20:02:46</PriceUpdateDate><ItemCode>7290000453019</ItemCode><ItemType>1</ItemType><ItemName>שמרים טריים 50 גרם</ItemName><ManufacturerName>שמרית</ManufacturerName><ManufactureCountry>ישראל</ManufactureCountry><ManufacturerItemDescription>שמרים לחים אינסטנט</ManufacturerItemDescription><SoldByWeight/><Quantity>14.00</Quantity><UnitOfMeasure>גרם     </UnitOfMeasure><QtyInPackage>לא ידוע</QtyInPackage><UnitOfMeasurePrice>0.3857</UnitOfMeasurePrice><AllowDiscount>1</AllowDiscount><ItemStatus>1</ItemStatus><ItemPrice>5.40</ItemPrice></item><item><PriceUpdateDate>2016-05-01 10:28:47</PriceUpdateDate><ItemCode>7290000453149</ItemCode><ItemType>1</ItemType><ItemName>סלט חומוס אחלה 750 ג</ItemName><ManufacturerName>אחלה</ManufacturerName><ManufactureCountry>ישראל</ManufactureCountry><ManufacturerItemDescription>סלט חומוס אחלה 750 ג</ManufacturerItemDescription><SoldByWeight/><Quantity>750.00</Quantity><UnitOfMeasure>גרם     </UnitOfMeasure><QtyInPackage>לא ידוע</QtyInPackage><UnitOfMeasurePrice>0.0132</UnitOfMeasurePrice><AllowDiscount>1</AllowDiscount><ItemStatus>1</ItemStatus><ItemPrice>9.90</ItemPrice></item><item><PriceUpdateDate>2016-03-15 11:31:28</PriceUpdateDate><ItemCode>7290000453163</ItemCode><ItemType>1</ItemType><ItemName>קוקה קולה לימון דיאט</ItemName><ManufacturerName>דיאט קולה לימון</ManufacturerName><ManufactureCountry>ישראל</ManufactureCountry><ManufacturerItemDescription>קוקה קולה דיאט לימון 1.5</ManufacturerItemDescription><SoldByWeight/><Quantity>1500.00</Quantity><UnitOfMeasure>מ"ל</UnitOfMeasure><QtyInPackage>לא ידוע</QtyInPackage><UnitOfMeasurePrice>0.0046</UnitOfMeasurePrice><AllowDiscount>1</AllowDiscount><ItemStatus>1</ItemStatus><ItemPrice>6.90</ItemPrice></item><item><PriceUpdateDate>2016-02-01 19:32:26</PriceUpdateDate><ItemCode>7290000453262</ItemCode><ItemType>1</ItemType><ItemName>נקטר חמוציות 1 ליטר</ItemName><ManufacturerName>אושן ספרי</ManufacturerName><ManufactureCountry>ישראל</ManufactureCountry><ManufacturerItemDescription>נקטר חמוציות</ManufacturerItemDescription><SoldByWeight/><Quantity>1000.00</Quantity><UnitOfMeasure>מ"ל</UnitOfMeasure><QtyInPackage>לא ידוע</QtyInPackage><UnitOfMeasurePrice>0.0132</UnitOfMeasurePrice><AllowDiscount>1</AllowDiscount><ItemStatus>1</ItemStatus><ItemPrice>13.20</ItemPrice></item><item><PriceUpdateDate>2015-10-11 06:43:25</PriceUpdateDate><ItemCode>7290000453286</ItemCode><ItemType>1</ItemType><ItemName>דניאלה תות 150 מ"ל</ItemName><ManufacturerName>דניאלה</ManufacturerName><ManufactureCountry>ישראל</ManufactureCountry><ManufacturerItemDescription>דניאלה מעדן גבינה תות 150</ManufacturerItemDescription><SoldByWeight/><Quantity>150.00</Quantity><UnitOfMeasure>מ"ל</UnitOfMeasure><QtyInPackage>לא ידוע</QtyInPackage><UnitOfMeasurePrice>0.0280</UnitOfMeasurePrice><AllowDiscount>1</AllowDiscount><ItemStatus>1</ItemStatus><ItemPrice>4.20</ItemPrice></item><item><PriceUpdateDate>2016-04-18 15:33:44</PriceUpdateDate><ItemCode>7290000453521</ItemCode><ItemType>1</ItemType><ItemName>בונבוניירה לבבות חלב</ItemName><ManufacturerName>ספלנדיד</ManufacturerName><ManufactureCountry>ישראל</ManufactureCountry><ManufacturerItemDescription>בונבוניירת לבבות חלב162 ג</ManufacturerItemDescription><SoldByWeight/><Quantity>162.00</Quantity><UnitOfMeasure>גרם     </UnitOfMeasure><QtyInPackage>לא ידוע</QtyInPackage><UnitOfMeasurePrice>0.1846</UnitOfMeasurePrice><AllowDiscount>1</AllowDiscount><ItemStatus>1</ItemStatus><ItemPrice>29.90</ItemPrice></item><item><PriceUpdateDate>2016-05-01 10:28:47</PriceUpdateDate><ItemCode>7290000453620</ItemCode><ItemType>1</ItemType><ItemName>מסטיק מאסט דובדבן 28</ItemName><ManufacturerName>לא ידוע</ManufacturerName><ManufactureCountry>ישראל</ManufactureCountry><ManufacturerItemDescription>מסטיק מאסט ציקלס דובדבן 2</ManufacturerItemDescription><SoldByWeight/><Quantity>0.00</Quantity><UnitOfMeasure>יח'</UnitOfMeasure><QtyInPackage>לא ידוע</QtyInPackage><UnitOfMeasurePrice>0.0000</UnitOfMeasurePrice><AllowDiscount>1</AllowDiscount><ItemStatus>1</ItemStatus><ItemPrice>4.50</ItemPrice></item><item><PriceUpdateDate>2016-05-01 10:28:47</PriceUpdateDate><ItemCode>7290000453637</ItemCode><ItemType>1</ItemType><ItemName>שוקולד פרה לבן עם עו</ItemName><ManufacturerName>פרה</ManufacturerName><ManufactureCountry>ישראל</ManufactureCountry><ManufacturerItemDescription>שוקולד פרה לבן עם עוגיות</ManufacturerItemDescription><SoldByWeight/><Quantity>100.00</Quantity><UnitOfMeasure>גרם     </UnitOfMeasure><QtyInPackage>לא ידוע</QtyInPackage><UnitOfMeasurePrice>0.0690</UnitOfMeasurePrice><AllowDiscount>0</AllowDiscount><ItemStatus>1</ItemStatus><ItemPrice>6.90</ItemPrice></item><item><PriceUpdateDate>2016-05-01 10:28:47</PriceUpdateDate><ItemCode>7290000453651</ItemCode><ItemType>1</ItemType><ItemName>שוקולד פרה במילוי קר</ItemName><ManufacturerName>פרה</ManufacturerName><ManufactureCountry>ישראל</ManufactureCountry><ManufacturerItemDescription>שוקולד פרה במילוי קר</ManufacturerItemDescription><SoldByWeight/><Quantity>100.00</Quantity><UnitOfMeasure>גרם     </UnitOfMeasure><QtyInPackage>לא ידוע</QtyInPackage><UnitOfMeasurePrice>0.0690</UnitOfMeasurePrice><AllowDiscount>0</AllowDiscount><ItemStatus>1</ItemStatus><ItemPrice>6.90</ItemPrice></item><item><PriceUpdateDate>2016-05-01 10:28:47</PriceUpdateDate><ItemCode>7290000453668</ItemCode><ItemType>1</ItemType><ItemName>חטיף תפוציפס קראנצ'</ItemName><ManufacturerName>תפוצ'יפס</ManufacturerName><ManufactureCountry>ישראל</ManufactureCountry><ManufacturerItemDescription>תפוציפס קראנץ גריל 50 גרם</ManufacturerItemDescription><SoldByWeight/><Quantity>14.00</Quantity><UnitOfMeasure>גרם     </UnitOfMeasure><QtyInPackage>לא ידוע</QtyInPackage><UnitOfMeasurePrice>0.2786</UnitOfMeasurePrice><AllowDiscount>1</AllowDiscount><ItemStatus>1</ItemStatus><ItemPrice>3.90</ItemPrice></item><item><PriceUpdateDate>2015-10-11 06:43:25</PriceUpdateDate><ItemCode>7290000453705</ItemCode><ItemType>1</ItemType><ItemName>חטיף דוריטוס גריל 55</ItemName><ManufacturerName>דוריטוס</ManufacturerName><ManufactureCountry>ישראל</ManufactureCountry><ManufacturerItemDescription>דוריטוס גריל 55 גרם</ManufacturerItemDescription><SoldByWeight/><Quantity>14.00</Quantity><UnitOfMeasure>גרם     </UnitOfMeasure><QtyInPackage>לא ידוע</QtyInPackage><UnitOfMeasurePrice>0.2571</UnitOfMeasurePrice><AllowDiscount>1</AllowDiscount><ItemStatus>1</ItemStatus><ItemPrice>3.60</ItemPrice></item><item><PriceUpdateDate>2016-05-01 10:28:48</PriceUpdateDate><ItemCode>7290000453804</ItemCode><ItemType>1</ItemType><ItemName>מסטיק מאסט קלאסי 28</ItemName><ManufacturerName>מאסט</ManufacturerName><ManufactureCountry>ישראל</ManufactureCountry><ManufacturerItemDescription>מסטיק מאסט קלאסי פפרמינט</ManufacturerItemDescription><SoldByWeight/><Quantity>0.00</Quantity><UnitOfMeasure>יח'</UnitOfMeasure><QtyInPackage>לא ידוע</QtyInPackage><UnitOfMeasurePrice>0.0000</UnitOfMeasurePrice><AllowDiscount>1</AllowDiscount><ItemStatus>1</ItemStatus><ItemPrice>4.50</ItemPrice></item><item><PriceUpdateDate>2016-05-26 07:17:02</PriceUpdateDate><ItemCode>7290000453811</ItemCode><ItemType>1</ItemType><ItemName>עוגת רולדה מצופה שוק</ItemName><ManufacturerName>עלית</ManufacturerName><ManufactureCountry>פולין</ManufactureCountry><ManufacturerItemDescription>חטיפי דגנים מרבהיער 5יח'</ManufacturerItemDescription><SoldByWeight/><Quantity>350.00</Quantity><UnitOfMeasure>גרם     </UnitOfMeasure><QtyInPackage>לא ידוע</QtyInPackage><UnitOfMeasurePrice>0.0483</UnitOfMeasurePrice><AllowDiscount>1</AllowDiscount><ItemStatus>1</ItemStatus><ItemPrice>16.90</ItemPrice></item><item><PriceUpdateDate>2016-05-31 06:14:38</PriceUpdateDate><ItemCode>7290000453903</ItemCode><ItemType>1</ItemType><ItemName>ערגליות שוקו 300 גרם</ItemName><ManufacturerName>אסם</ManufacturerName><ManufactureCountry>ישראל</ManufactureCountry><ManufacturerItemDescription>ערגליות שוקו 300 גר</ManufacturerItemDescription><SoldByWeight/><Quantity>300.00</Quantity><UnitOfMeasure>גרם     </UnitOfMeasure><QtyInPackage>לא ידוע</QtyInPackage><UnitOfMeasurePrice>0.0357</UnitOfMeasurePrice><AllowDiscount>0</AllowDiscount><ItemStatus>1</ItemStatus><ItemPrice>10.70</ItemPrice></item><item><PriceUpdateDate>2016-05-31 06:14:38</PriceUpdateDate><ItemCode>7290000453910</ItemCode><ItemType>1</ItemType><ItemName>ערגליות תות 300 גרם</ItemName><ManufacturerName>אסם</ManufacturerName><ManufactureCountry>ישראל</ManufactureCountry><ManufacturerItemDescription>ערגליות תות 300 גר</ManufacturerItemDescription><SoldByWeight/><Quantity>300.00</Quantity><UnitOfMeasure>גרם     </UnitOfMeasure><QtyInPackage>לא ידוע</QtyInPackage><UnitOfMeasurePrice>0.0357</UnitOfMeasurePrice><AllowDiscount>0</AllowDiscount><ItemStatus>1</ItemStatus><ItemPrice>10.70</ItemPrice></item><item><PriceUpdateDate>2015-10-11 06:43:26</PriceUpdateDate><ItemCode>7290000454702</ItemCode><ItemType>1</ItemType><ItemName>קוקה קולה זירו 0.5 ל</ItemName><ManufacturerName>zero קוקה קולה</ManufacturerName><ManufactureCountry>ישראל</ManufactureCountry><ManufacturerItemDescription>קוקה קולה זירו 500 מל</ManufacturerItemDescription><SoldByWeight/><Quantity>500.00</Quantity><UnitOfMeasure>מ"ל</UnitOfMeasure><QtyInPackage>לא ידוע</QtyInPackage><UnitOfMeasurePrice>0.0146</UnitOfMeasurePrice><AllowDiscount>1</AllowDiscount><ItemStatus>1</ItemStatus><ItemPrice>7.30</ItemPrice></item><item><PriceUpdateDate>2016-03-15 11:31:28</PriceUpdateDate><ItemCode>7290000454719</ItemCode><ItemType>1</ItemType><ItemName>קוקה קולה זירו 1.5 ל</ItemName><ManufacturerName>zero קוקה קולה</ManufacturerName><ManufactureCountry>ישראל</ManufactureCountry><ManufacturerItemDescription>קוקה קולה זירו 1.5 ל</ManufacturerItemDescription><SoldByWeight/><Quantity>1500.00</Quantity><UnitOfMeasure>מ"ל</UnitOfMeasure><QtyInPackage>לא ידוע</QtyInPackage><UnitOfMeasurePrice>0.0046</UnitOfMeasurePrice><AllowDiscount>1</AllowDiscount><ItemStatus>1</ItemStatus><ItemPrice>6.90</ItemPrice></item><item><PriceUpdateDate>2016-03-15 11:31:28</PriceUpdateDate><ItemCode>7290000454726</ItemCode><ItemType>1</ItemType><ItemName>קולה זירו שישיות 1.5</ItemName><ManufacturerName>zero קוקה קולה</ManufacturerName><ManufactureCountry>ישראל</ManufactureCountry><ManufacturerItemDescription>קוקה קולה זירו 1.5 1/6 ל</ManufacturerItemDescription><SoldByWeight/><Quantity>9000.00</Quantity><UnitOfMeasure>מ"ל</UnitOfMeasure><QtyInPackage>לא ידוע</QtyInPackage><UnitOfMeasurePrice>0.0041</UnitOfMeasurePrice><AllowDiscount>1</AllowDiscount><ItemStatus>1</ItemStatus><ItemPrice>36.90</ItemPrice></item><item><PriceUpdateDate>2016-03-15 11:31:28</PriceUpdateDate><ItemCode>7290000454856</ItemCode><ItemType>1</ItemType><ItemName>מטרנה מהדרין שלב 3 7</ItemName><ManufacturerName>מטרנה</ManufacturerName><ManufactureCountry>ישראל</ManufactureCountry><ManufacturerItemDescription>מטרנה מהדרין שלב 3 7</ManufacturerItemDescription><SoldByWeight/><Quantity>700.00</Quantity><UnitOfMeasure>גרם     </UnitOfMeasure><QtyInPackage>לא ידוע</QtyInPackage><UnitOfMeasurePrice>0.0741</UnitOfMeasurePrice><AllowDiscount>1</AllowDiscount><ItemStatus>1</ItemStatus><ItemPrice>51.90</ItemPrice></item><item><PriceUpdateDate>2016-08-02 09:29:13</PriceUpdateDate><ItemCode>7290000454917</ItemCode><ItemType>1</ItemType><ItemName>עוגיות לחמי חמאה צרפ</ItemName><ManufacturerName>לחמי</ManufacturerName><ManufactureCountry>ישראל</ManufactureCountry><ManufacturerItemDescription>עוגיות חמאה צרפתיות 280 ג</ManufacturerItemDescription><SoldByWeight/><Quantity>250.00</Quantity><UnitOfMeasure>גרם     </UnitOfMeasure><QtyInPackage>לא ידוע</QtyInPackage><UnitOfMeasurePrice>0.0796</UnitOfMeasurePrice><AllowDiscount>1</AllowDiscount><ItemStatus>1</ItemStatus><ItemPrice>19.90</ItemPrice></item><item><PriceUpdateDate>2016-08-02 09:29:14</PriceUpdateDate><ItemCode>7290000454931</ItemCode><ItemType>1</ItemType><ItemName>עוגיות לחמי שוקולד צ</ItemName><ManufacturerName>לחמי</ManufacturerName><ManufactureCountry>ישראל</ManufactureCountry><ManufacturerItemDescription>עוגיות שוקולד ציפס 250 גר</ManufacturerItemDescription><SoldByWeight/><Quantity>250.00</Quantity><UnitOfMeasure>גרם     </UnitOfMeasure><QtyInPackage>לא ידוע</QtyInPackage><UnitOfMeasurePrice>0.0796</UnitOfMeasurePrice><AllowDiscount>1</AllowDiscount><ItemStatus>1</ItemStatus><ItemPrice>19.90</ItemPrice></item><item><PriceUpdateDate>2016-08-02 09:29:14</PriceUpdateDate><ItemCode>7290000454948</ItemCode><ItemType>1</ItemType><ItemName>עוגיות לחמי שקדים 28</ItemName><ManufacturerName>לא ידוע</ManufacturerName><ManufactureCountry>ישראל</ManufactureCountry><ManufacturerItemDescription>עוגיות מלבן שקדים 280 גר</ManufacturerItemDescription><SoldByWeight/><Quantity>280.00</Quantity><UnitOfMeasure>גרם     </UnitOfMeasure><QtyInPackage>לא ידוע</QtyInPackage><UnitOfMeasurePrice>0.0711</UnitOfMeasurePrice><AllowDiscount>1</AllowDiscount><ItemStatus>1</ItemStatus><ItemPrice>19.90</ItemPrice></item><item><PriceUpdateDate>2016-05-31 06:14:38</PriceUpdateDate><ItemCode>7290000455020</ItemCode><ItemType>1</ItemType><ItemName>מיקס מעורב מגדים 390</ItemName><ManufacturerName>מיקס</ManufacturerName><ManufactureCountry>ישראל</ManufactureCountry><ManufacturerItemDescription>מיקס מעורב מגדים 390</ManufacturerItemDescription><SoldByWeight/><Quantity>390.00</Quantity><UnitOfMeasure>גרם     </UnitOfMeasure><QtyInPackage>לא ידוע</QtyInPackage><UnitOfMeasurePrice>0.0587</UnitOfMeasurePrice><AllowDiscount>1</AllowDiscount><ItemStatus>1</ItemStatus><ItemPrice>22.90</ItemPrice></item><item><PriceUpdateDate>2016-02-16 09:21:52</PriceUpdateDate><ItemCode>7290000455075</ItemCode><ItemType>1</ItemType><ItemName>שוקולד פרה מריר אוור</ItemName><ManufacturerName>פרה</ManufacturerName><ManufactureCountry>ישראל</ManufactureCountry><ManufacturerItemDescription>שוקולד אוורירי מריר 85 גר</ManufacturerItemDescription><SoldByWeight/><Quantity>85.00</Quantity><UnitOfMeasure>גרם     </UnitOfMeasure><QtyInPackage>לא ידוע</QtyInPackage><UnitOfMeasurePrice>0.0812</UnitOfMeasurePrice><AllowDiscount>0</AllowDiscount><ItemStatus>1</ItemStatus><ItemPrice>6.90</ItemPrice></item><item><PriceUpdateDate>2016-05-31 06:14:39</PriceUpdateDate><ItemCode>7290000455105</ItemCode><ItemType>1</ItemType><ItemName>שוקולית 850 גרם בשקי</ItemName><ManufacturerName>שוקולית</ManufacturerName><ManufactureCountry>ישראל</ManufactureCountry><ManufacturerItemDescription>שוקולית 850 גרם בשקי</ManufacturerItemDescription><SoldByWeight/><Quantity>850.00</Quantity><UnitOfMeasure>גרם     </UnitOfMeasure><QtyInPackage>לא ידוע</QtyInPackage><UnitOfMeasurePrice>0.0234</UnitOfMeasurePrice><AllowDiscount>1</AllowDiscount><ItemStatus>1</ItemStatus><ItemPrice>19.90</ItemPrice></item><item><PriceUpdateDate>2015-10-11 06:43:26</PriceUpdateDate><ItemCode>7290000455181</ItemCode><ItemType>1</ItemType><ItemName>חטיף דוריטוס חמוץ חר</ItemName><ManufacturerName>דוריטוס</ManufacturerName><ManufactureCountry>ישראל</ManufactureCountry><ManufacturerItemDescription>דוריטוס חמוץ חריף 55 גרם</ManufacturerItemDescription><SoldByWeight/><Quantity>55.00</Quantity><UnitOfMeasure>גרם     </UnitOfMeasure><QtyInPackage>לא ידוע</QtyInPackage><UnitOfMeasurePrice>0.0655</UnitOfMeasurePrice><AllowDiscount>1</AllowDiscount><ItemStatus>1</ItemStatus><ItemPrice>3.60</ItemPrice></item><item><PriceUpdateDate>2015-11-10 07:30:53</PriceUpdateDate><ItemCode>7290000455235</ItemCode><ItemType>1</ItemType><ItemName>חזרת ביטון 250 גרם</ItemName><ManufacturerName>תבליני ביטון יוחאי</ManufacturerName><ManufactureCountry>ישראל</ManufactureCountry><ManufacturerItemDescription>חזרת 250 גרם</ManufacturerItemDescription><SoldByWeight/><Quantity>250.00</Quantity><UnitOfMeasure>גרם     </UnitOfMeasure><QtyInPackage>לא ידוע</QtyInPackage><UnitOfMeasurePrice>0.0668</UnitOfMeasurePrice><AllowDiscount>1</AllowDiscount><ItemStatus>1</ItemStatus><ItemPrice>16.70</ItemPrice></item><item><PriceUpdateDate>2016-05-01 06:39:07</PriceUpdateDate><ItemCode>7290000455365</ItemCode><ItemType>1</ItemType><ItemName>בירה נשר מאלט דיאט 1</ItemName><ManufacturerName>נשר מאלט דיאט</ManufacturerName><ManufactureCountry>ישראל</ManufactureCountry><ManufacturerItemDescription>בירה נשר מאלט דיאט 1.5 ל</ManufacturerItemDescription><SoldByWeight/><Quantity>1500.00</Quantity><UnitOfMeasure>מ"ל</UnitOfMeasure><QtyInPackage>לא ידוע</QtyInPackage><UnitOfMeasurePrice>0.0039</UnitOfMeasurePrice><AllowDiscount>1</AllowDiscount><ItemStatus>1</ItemStatus><ItemPrice>5.90</ItemPrice></item><item><PriceUpdateDate>2016-05-01 10:28:52</PriceUpdateDate><ItemCode>7290000455426</ItemCode><ItemType>1</ItemType><ItemName>בירה היינקן 500 מ"ל</ItemName><ManufacturerName>הייניקן</ManufacturerName><ManufactureCountry>ישראל</ManufactureCountry><ManufacturerItemDescription>בירה היינקן.500 מל בקבוק</ManufacturerItemDescription><SoldByWeight/><Quantity>500.00</Quantity><UnitOfMeasure>מ"ל</UnitOfMeasure><QtyInPackage>לא ידוע</QtyInPackage><UnitOfMeasurePrice>0.0178</UnitOfMeasurePrice><AllowDiscount>1</AllowDiscount><ItemStatus>1</ItemStatus><ItemPrice>8.90</ItemPrice></item><item><PriceUpdateDate>2016-05-10 07:10:34</PriceUpdateDate><ItemCode>7290000455594</ItemCode><ItemType>1</ItemType><ItemName>מעדן משמש 100% פרי 2</ItemName><ManufacturerName>יד מרדכי</ManufacturerName><ManufactureCountry>ישראל</ManufactureCountry><ManufacturerItemDescription>מעדן משמש 100% פרי 2</ManufacturerItemDescription><SoldByWeight/><Quantity>250.00</Quantity><UnitOfMeasure>גרם     </UnitOfMeasure><QtyInPackage>לא ידוע</QtyInPackage><UnitOfMeasurePrice>0.0596</UnitOfMeasurePrice><AllowDiscount>1</AllowDiscount><ItemStatus>1</ItemStatus><ItemPrice>14.90</ItemPrice></item><item><PriceUpdateDate>2016-05-31 06:14:39</PriceUpdateDate><ItemCode>7290000455655</ItemCode><ItemType>1</ItemType><ItemName>שמן זית יד מרדכי כתי</ItemName><ManufacturerName>יד מרדכי</ManufacturerName><ManufactureCountry>ישראל</ManufactureCountry><ManufacturerItemDescription>שמן זית כתית מעולה2- קלאס</ManufacturerItemDescription><SoldByWeight/><Quantity>750.00</Quantity><UnitOfMeasure>מ"ל</UnitOfMeasure><QtyInPackage>לא ידוע</QtyInPackage><UnitOfMeasurePrice>0.0465</UnitOfMeasurePrice><AllowDiscount>1</AllowDiscount><ItemStatus>1</ItemStatus><ItemPrice>34.90</ItemPrice></item><item><PriceUpdateDate>2016-03-15 11:31:28</PriceUpdateDate><ItemCode>7290000455693</ItemCode><ItemType>1</ItemType><ItemName>דנונה בר תות קורנפלק</ItemName><ManufacturerName>דנונה</ManufacturerName><ManufactureCountry>ישראל</ManufactureCountry><ManufacturerItemDescription>דנונהבר תות קורנפלקס מצופ</ManufacturerItemDescription><SoldByWeight/><Quantity>175.00</Quantity><UnitOfMeasure>מ"ל</UnitOfMeasure><QtyInPackage>לא ידוע</QtyInPackage><UnitOfMeasurePrice>0.0257</UnitOfMeasurePrice><AllowDiscount>1</AllowDiscount><ItemStatus>1</ItemStatus><ItemPrice>4.50</ItemPrice></item><item><PriceUpdateDate>2016-08-07 20:02:44</PriceUpdateDate><ItemCode>7290000456065</ItemCode><ItemType>1</ItemType><ItemName>לה קט עוף  85 גרם</ItemName><ManufacturerName>לה קט</ManufacturerName><ManufactureCountry>תאילנד</ManufactureCountry><ManufacturerItemDescription>לה-קט דליקטס עוף גורמה 85</ManufacturerItemDescription><SoldByWeight/><Quantity>85.00</Quantity><UnitOfMeasure>גרם     </UnitOfMeasure><QtyInPackage>לא ידוע</QtyInPackage><UnitOfMeasurePrice>0.0753</UnitOfMeasurePrice><AllowDiscount>1</AllowDiscount><ItemStatus>1</ItemStatus><ItemPrice>6.40</ItemPrice></item><item><PriceUpdateDate>2016-08-07 20:02:44</PriceUpdateDate><ItemCode>7290000456072</ItemCode><ItemType>1</ItemType><ItemName>לה קט פתה כבד עוף  8</ItemName><ManufacturerName>לה קט</ManufacturerName><ManufactureCountry>תאילנד</ManufactureCountry><ManufacturerItemDescription>לה-קט דליקטס פטה כבד עוף</ManufacturerItemDescription><SoldByWeight/><Quantity>85.00</Quantity><UnitOfMeasure>גרם     </UnitOfMeasure><QtyInPackage>לא ידוע</QtyInPackage><UnitOfMeasurePrice>0.0753</UnitOfMeasurePrice><AllowDiscount>1</AllowDiscount><ItemStatus>1</ItemStatus><ItemPrice>6.40</ItemPrice></item><item><PriceUpdateDate>2015-11-12 06:47:49</PriceUpdateDate><ItemCode>7290000456324</ItemCode><ItemType>1</ItemType><ItemName>קוטג' 3% טרה 250 גרם</ItemName><ManufacturerName>טרה</ManufacturerName><ManufactureCountry>ישראל</ManufactureCountry><ManufacturerItemDescription>קוטג מועשר 250 3% גרם</ManufacturerItemDescription><SoldByWeight/><Quantity>250.00</Quantity><UnitOfMeasure>גרם     </UnitOfMeasure><QtyInPackage>לא ידוע</QtyInPackage><UnitOfMeasurePrice>0.0228</UnitOfMeasurePrice><AllowDiscount>1</AllowDiscount><ItemStatus>1</ItemStatus><ItemPrice>5.70</ItemPrice></item><item><PriceUpdateDate>2016-08-02 09:29:14</PriceUpdateDate><ItemCode>7290000456393</ItemCode><ItemType>1</ItemType><ItemName>מב גבינה לבנה 3% טרה</ItemName><ManufacturerName>טרה</ManufacturerName><ManufactureCountry>ישראל</ManufactureCountry><ManufacturerItemDescription>גבינה לבנה 250 3% גרם מהד</ManufacturerItemDescription><SoldByWeight/><Quantity>250.00</Quantity><UnitOfMeasure>גרם     </UnitOfMeasure><QtyInPackage>לא ידוע</QtyInPackage><UnitOfMeasurePrice>0.0176</UnitOfMeasurePrice><AllowDiscount>1</AllowDiscount><ItemStatus>1</ItemStatus><ItemPrice>4.40</ItemPrice></item><item><PriceUpdateDate>2016-08-02 09:29:14</PriceUpdateDate><ItemCode>7290000456409</ItemCode><ItemType>1</ItemType><ItemName>מב גבינה לבנה 5% מהד</ItemName><ManufacturerName>טרה</ManufacturerName><ManufactureCountry>ישראל</ManufactureCountry><ManufacturerItemDescription>מב גבינה לבנה 5% מהד</ManufacturerItemDescription><SoldByWeight/><Quantity>500.00</Quantity><UnitOfMeasure>גרם     </UnitOfMeasure><QtyInPackage>לא ידוע</QtyInPackage><UnitOfMeasurePrice>0.0158</UnitOfMeasurePrice><AllowDiscount>1</AllowDiscount><ItemStatus>1</ItemStatus><ItemPrice>7.90</ItemPrice></item><item><PriceUpdateDate>2016-08-02 09:29:14</PriceUpdateDate><ItemCode>7290000456515</ItemCode><ItemType>1</ItemType><ItemName>מב מיץ פריגת סחוט תפ</ItemName><ManufacturerName>פריגת</ManufacturerName><ManufactureCountry>ישראל</ManufactureCountry><ManufacturerItemDescription>מב מיץ פריגת סחוט תפ</ManufacturerItemDescription><SoldByWeight/><Quantity>2000.00</Quantity><UnitOfMeasure>מ"ל</UnitOfMeasure><QtyInPackage>לא ידוע</QtyInPackage><UnitOfMeasurePrice>0.0109</UnitOfMeasurePrice><AllowDiscount>1</AllowDiscount><ItemStatus>1</ItemStatus><ItemPrice>21.90</ItemPrice></item><item><PriceUpdateDate>2015-11-12 06:47:49</PriceUpdateDate><ItemCode>7290000457260</ItemCode><ItemType>1</ItemType><ItemName>קוטג' 5% 250 גרם שטר</ItemName><ManufacturerName>קוטג שטראוס</ManufacturerName><ManufactureCountry>ישראל</ManufactureCountry><ManufacturerItemDescription>קוטג+5% סידן 250 גרם</ManufacturerItemDescription><SoldByWeight/><Quantity>250.00</Quantity><UnitOfMeasure>גרם     </UnitOfMeasure><QtyInPackage>לא ידוע</QtyInPackage><UnitOfMeasurePrice>0.0236</UnitOfMeasurePrice><AllowDiscount>1</AllowDiscount><ItemStatus>1</ItemStatus><ItemPrice>5.90</ItemPrice></item><item><PriceUpdateDate>2016-05-01 10:28:54</PriceUpdateDate><ItemCode>7290000457819</ItemCode><ItemType>1</ItemType><ItemName>נשנושים ביס שמנת בצל</ItemName><ManufacturerName>נישנושים</ManufacturerName><ManufactureCountry>ישראל</ManufactureCountry><ManufacturerItemDescription>נשנושים שמנת בצל 60 גרם</ManufacturerItemDescription><SoldByWeight/><Quantity>60.00</Quantity><UnitOfMeasure>גרם     </UnitOfMeasure><QtyInPackage>לא ידוע</QtyInPackage><UnitOfMeasurePrice>0.0817</UnitOfMeasurePrice><AllowDiscount>1</AllowDiscount><ItemStatus>1</ItemStatus><ItemPrice>4.90</ItemPrice></item><item><PriceUpdateDate>2016-05-01 10:28:54</PriceUpdateDate><ItemCode>7290000457840</ItemCode><ItemType>1</ItemType><ItemName>נשנושים ביס ברביקיו</ItemName><ManufacturerName>נישנושים</ManufacturerName><ManufactureCountry>ישראל</ManufactureCountry><ManufacturerItemDescription>נשנושים ביס ברביקיו</ManufacturerItemDescription><SoldByWeight/><Quantity>60.00</Quantity><UnitOfMeasure>גרם     </UnitOfMeasure><QtyInPackage>לא ידוע</QtyInPackage><UnitOfMeasurePrice>0.0817</UnitOfMeasurePrice><AllowDiscount>1</AllowDiscount><ItemStatus>1</ItemStatus><ItemPrice>4.90</ItemPrice></item><item><PriceUpdateDate>2016-05-01 10:28:54</PriceUpdateDate><ItemCode>7290000457895</ItemCode><ItemType>1</ItemType><ItemName>טבעול קציצות עדשים כ</ItemName><ManufacturerName>טבעול</ManufacturerName><ManufactureCountry>ישראל</ManufactureCountry><ManufacturerItemDescription>קציצות עדשים כתומות 500 ג</ManufacturerItemDescription><SoldByWeight/><Quantity>500.00</Quantity><UnitOfMeasure>גרם     </UnitOfMeasure><QtyInPackage>לא ידוע</QtyInPackage><UnitOfMeasurePrice>0.0660</UnitOfMeasurePrice><AllowDiscount>1</AllowDiscount><ItemStatus>1</ItemStatus><ItemPrice>33.00</ItemPrice></item><item><PriceUpdateDate>2016-05-31 06:14:39</PriceUpdateDate><ItemCode>7290000458595</ItemCode><ItemType>1</ItemType><ItemName>מטרנה חלבי שלב 3 700</ItemName><ManufacturerName>מטרנה</ManufacturerName><ManufactureCountry>ישראל</ManufactureCountry><ManufacturerItemDescription>מטרנה חלבי שלב 3 700</ManufacturerItemDescription><SoldByWeight/><Quantity>700.00</Quantity><UnitOfMeasure>גרם     </UnitOfMeasure><QtyInPackage>לא ידוע</QtyInPackage><UnitOfMeasurePrice>0.0784</UnitOfMeasurePrice><AllowDiscount>1</AllowDiscount><ItemStatus>1</ItemStatus><ItemPrice>54.90</ItemPrice></item><item><PriceUpdateDate>2016-05-31 06:14:39</PriceUpdateDate><ItemCode>7290000458878</ItemCode><ItemType>1</ItemType><ItemName>מארז אקטימל תות 14 י</ItemName><ManufacturerName>אקטימל</ManufacturerName><ManufactureCountry>ישראל</ManufactureCountry><ManufacturerItemDescription>מארז אקטימל תות 14 י</ManufacturerItemDescription><SoldByWeight/><Quantity>1480.00</Quantity><UnitOfMeasure>מ"ל</UnitOfMeasure><QtyInPackage>לא ידוע</QtyInPackage><UnitOfMeasurePrice>0.0212</UnitOfMeasurePrice><AllowDiscount>1</AllowDiscount><ItemStatus>1</ItemStatus><ItemPrice>31.40</ItemPrice></item><item><PriceUpdateDate>2016-08-02 09:29:14</PriceUpdateDate><ItemCode>7290000458946</ItemCode><ItemType>1</ItemType><ItemName>מב אבקת כביסה קולון</ItemName><ManufacturerName>קולון</ManufacturerName><ManufactureCountry>ישראל</ManufactureCountry><ManufacturerItemDescription>אבקת כביסה קולון 1.25 101</ManufacturerItemDescription><SoldByWeight/><Quantity>1250.00</Quantity><UnitOfMeasure>גרם     </UnitOfMeasure><QtyInPackage>לא ידוע</QtyInPackage><UnitOfMeasurePrice>0.0087</UnitOfMeasurePrice><AllowDiscount>1</AllowDiscount><ItemStatus>1</ItemStatus><ItemPrice>10.90</ItemPrice></item><item><PriceUpdateDate>2016-05-01 06:10:02</PriceUpdateDate><ItemCode>7290000458953</ItemCode><ItemType>1</ItemType><ItemName>אבקת כביסה קולון 101</ItemName><ManufacturerName>קולון</ManufacturerName><ManufactureCountry>ישראל</ManufactureCountry><ManufacturerItemDescription>אבקת כביסה קולון 101</ManufacturerItemDescription><SoldByWeight/><Quantity>5000.00</Quantity><UnitOfMeasure>גרם     </UnitOfMeasure><QtyInPackage>לא ידוע</QtyInPackage><UnitOfMeasurePrice>0.0080</UnitOfMeasurePrice><AllowDiscount>1</AllowDiscount><ItemStatus>1</ItemStatus><ItemPrice>39.90</ItemPrice></item><item><PriceUpdateDate>2016-08-02 09:29:14</PriceUpdateDate><ItemCode>7290000459110</ItemCode><ItemType>1</ItemType><ItemName>סלט מטבוחה רפי כהן 4</ItemName><ManufacturerName>צבר</ManufacturerName><ManufactureCountry>ישראל</ManufactureCountry><ManufacturerItemDescription>מטבוחה רפי</ManufacturerItemDescription><SoldByWeight/><Quantity>400.00</Quantity><UnitOfMeasure>גרם     </UnitOfMeasure><QtyInPackage>לא ידוע</QtyInPackage><UnitOfMeasurePrice>0.0413</UnitOfMeasurePrice><AllowDiscount>1</AllowDiscount><ItemStatus>1</ItemStatus><ItemPrice>16.50</ItemPrice></item><item><PriceUpdateDate>2016-08-02 09:29:14</PriceUpdateDate><ItemCode>7290000459141</ItemCode><ItemType>1</ItemType><ItemName>סלט טחינה לבנה רפי כ</ItemName><ManufacturerName>צבר</ManufacturerName><ManufactureCountry>ישראל</ManufactureCountry><ManufacturerItemDescription>טחינה לבנה רפי</ManufacturerItemDescription><SoldByWeight/><Quantity>400.00</Quantity><UnitOfMeasure>גרם     </UnitOfMeasure><QtyInPackage>לא ידוע</QtyInPackage><UnitOfMeasurePrice>0.0413</UnitOfMeasurePrice><AllowDiscount>1</AllowDiscount><ItemStatus>1</ItemStatus><ItemPrice>16.50</ItemPrice></item><item><PriceUpdateDate>2016-08-02 09:29:14</PriceUpdateDate><ItemCode>7290000459158</ItemCode><ItemType>1</ItemType><ItemName>סלט חציל בלאדי בשמן</ItemName><ManufacturerName>צבר</ManufacturerName><ManufactureCountry>ישראל</ManufactureCountry><ManufacturerItemDescription>חציל בשמן זית רפי 400 גר</ManufacturerItemDescription><SoldByWeight/><Quantity>400.00</Quantity><UnitOfMeasure>גרם     </UnitOfMeasure><QtyInPackage>לא ידוע</QtyInPackage><UnitOfMeasurePrice>0.0413</UnitOfMeasurePrice><AllowDiscount>1</AllowDiscount><ItemStatus>1</ItemStatus><ItemPrice>16.50</ItemPrice></item><item><PriceUpdateDate>2016-05-31 06:14:40</PriceUpdateDate><ItemCode>7290000459516</ItemCode><ItemType>1</ItemType><ItemName>חרדל דיג'ון גרגירים</ItemName><ManufacturerName>לא ממותג</ManufacturerName><ManufactureCountry>צרפת</ManufactureCountry><ManufacturerItemDescription>חרדל דיגון גרעינים 350 גר</ManufacturerItemDescription><SoldByWeight/><Quantity>350.00</Quantity><UnitOfMeasure>גרם     </UnitOfMeasure><QtyInPackage>לא ידוע</QtyInPackage><UnitOfMeasurePrice>0.0423</UnitOfMeasurePrice><AllowDiscount>1</AllowDiscount><ItemStatus>1</ItemStatus><ItemPrice>14.80</ItemPrice></item><item><PriceUpdateDate>2016-03-29 07:50:08</PriceUpdateDate><ItemCode>7290000459912</ItemCode><ItemType>1</ItemType><ItemName>מסטיק יוגטה ג'ולים 1</ItemName><ManufacturerName>יוגטה</ManufacturerName><ManufactureCountry>ישראל</ManufactureCountry><ManufacturerItemDescription>מסטיק יוגטה ג'ולים 1</ManufacturerItemDescription><SoldByWeight/><Quantity>180.00</Quantity><UnitOfMeasure>גרם     </UnitOfMeasure><QtyInPackage>לא ידוע</QtyInPackage><UnitOfMeasurePrice>0.0572</UnitOfMeasurePrice><AllowDiscount>1</AllowDiscount><ItemStatus>1</ItemStatus><ItemPrice>10.30</ItemPrice></item><item><PriceUpdateDate>2016-08-07 20:02:44</PriceUpdateDate><ItemCode>7290000460031</ItemCode><ItemType>1</ItemType><ItemName>מי אקווה נובה 2 ליטר</ItemName><ManufacturerName>אקווה נובה</ManufacturerName><ManufactureCountry>ישראל</ManufactureCountry><ManufacturerItemDescription>אקווה נובה 2 ליטר בקבוק</ManufacturerItemDescription><SoldByWeight/><Quantity>2000.00</Quantity><UnitOfMeasure>מ"ל</UnitOfMeasure><QtyInPackage>לא ידוע</QtyInPackage><UnitOfMeasurePrice>0.0014</UnitOfMeasurePrice><AllowDiscount>1</AllowDiscount><ItemStatus>1</ItemStatus><ItemPrice>2.90</ItemPrice></item><item><PriceUpdateDate>2016-05-31 06:14:40</PriceUpdateDate><ItemCode>7290000460758</ItemCode><ItemType>1</ItemType><ItemName>פתית 250 גרם</ItemName><ManufacturerName>פתית</ManufacturerName><ManufactureCountry>ישראל</ManufactureCountry><ManufacturerItemDescription>פתית 250 גרם</ManufacturerItemDescription><SoldByWeight/><Quantity>250.00</Quantity><UnitOfMeasure>גרם     </UnitOfMeasure><QtyInPackage>לא ידוע</QtyInPackage><UnitOfMeasurePrice>0.0708</UnitOfMeasurePrice><AllowDiscount>1</AllowDiscount><ItemStatus>1</ItemStatus><ItemPrice>17.70</ItemPrice></item><item><PriceUpdateDate>2016-05-31 06:14:40</PriceUpdateDate><ItemCode>7290000460765</ItemCode><ItemType>1</ItemType><ItemName>פתית 300 גרם</ItemName><ManufacturerName>פתית</ManufacturerName><ManufactureCountry>ישראל</ManufactureCountry><ManufacturerItemDescription>פתית שיפון 300 גרם</ManufacturerItemDescription><SoldByWeight/><Quantity>300.00</Quantity><UnitOfMeasure>גרם     </UnitOfMeasure><QtyInPackage>לא ידוע</QtyInPackage><UnitOfMeasurePrice>0.0590</UnitOfMeasurePrice><AllowDiscount>1</AllowDiscount><ItemStatus>1</ItemStatus><ItemPrice>17.70</ItemPrice></item><item><PriceUpdateDate>2016-05-31 06:14:41</PriceUpdateDate><ItemCode>7290000461267</ItemCode><ItemType>1</ItemType><ItemName>מרכך כביסה בדין אקסט</ItemName><ManufacturerName>בדין</ManufacturerName><ManufactureCountry>ישראל</ManufactureCountry><ManufacturerItemDescription>מרכך כביסה בדין  960 מ"ל</ManufacturerItemDescription><SoldByWeight/><Quantity>960.00</Quantity><UnitOfMeasure>מ"ל</UnitOfMeasure><QtyInPackage>לא ידוע</QtyInPackage><UnitOfMeasurePrice>0.0176</UnitOfMeasurePrice><AllowDiscount>0</AllowDiscount><ItemStatus>1</ItemStatus><ItemPrice>16.90</ItemPrice></item><item><PriceUpdateDate>2016-05-31 06:14:41</PriceUpdateDate><ItemCode>7290000461274</ItemCode><ItemType>1</ItemType><ItemName>מרכך כביסה בדין אקסט</ItemName><ManufacturerName>בדין</ManufacturerName><ManufactureCountry>ישראל</ManufactureCountry><ManufacturerItemDescription>מרכך כביסה בדין  960 מ"ל</ManufacturerItemDescription><SoldByWeight/><Quantity>960.00</Quantity><UnitOfMeasure>מ"ל</UnitOfMeasure><QtyInPackage>לא ידוע</QtyInPackage><UnitOfMeasurePrice>0.0176</UnitOfMeasurePrice><AllowDiscount>0</AllowDiscount><ItemStatus>1</ItemStatus><ItemPrice>16.90</ItemPrice></item><item><PriceUpdateDate>2016-05-01 10:28:57</PriceUpdateDate><ItemCode>7290000461571</ItemCode><ItemType>1</ItemType><ItemName>מרק נמס בכוס ועוד ט.</ItemName><ManufacturerName>קנור</ManufacturerName><ManufactureCountry>ישראל</ManufactureCountry><ManufacturerItemDescription>מרק נמס בכוס ועוד ט.</ManufacturerItemDescription><SoldByWeight/><Quantity>50.00</Quantity><UnitOfMeasure>גרם     </UnitOfMeasure><QtyInPackage>לא ידוע</QtyInPackage><UnitOfMeasurePrice>0.1660</UnitOfMeasurePrice><AllowDiscount>1</AllowDiscount><ItemStatus>1</ItemStatus><ItemPrice>8.30</ItemPrice></item><item><PriceUpdateDate>2016-06-28 07:03:33</PriceUpdateDate><ItemCode>7290000461861</ItemCode><ItemType>1</ItemType><ItemName>בייגלה דג דג 400 גרם</ItemName><ManufacturerName>בייגל בייגל</ManufacturerName><ManufactureCountry>ישראל</ManufactureCountry><ManufacturerItemDescription>חטיפי קוקטייל דג דג 400 ג</ManufacturerItemDescription><SoldByWeight/><Quantity>400.00</Quantity><UnitOfMeasure>גרם     </UnitOfMeasure><QtyInPackage>לא ידוע</QtyInPackage><UnitOfMeasurePrice>0.0398</UnitOfMeasurePrice><AllowDiscount>1</AllowDiscount><ItemStatus>1</ItemStatus><ItemPrice>15.90</ItemPrice></item><item><PriceUpdateDate>2016-05-01 10:31:33</PriceUpdateDate><ItemCode>7290000461922</ItemCode><ItemType>1</ItemType><ItemName>בייגל ביג ביג 150 גר</ItemName><ManufacturerName>בייגל בייגל</ManufacturerName><ManufactureCountry>ישראל</ManufactureCountry><ManufacturerItemDescription>בייגל ביג ביג 150 גר</ManufacturerItemDescription><SoldByWeight/><Quantity>150.00</Quantity><UnitOfMeasure>גרם     </UnitOfMeasure><QtyInPackage>לא ידוע</QtyInPackage><UnitOfMeasurePrice>0.0487</UnitOfMeasurePrice><AllowDiscount>1</AllowDiscount><ItemStatus>1</ItemStatus><ItemPrice>7.30</ItemPrice></item><item><PriceUpdateDate>2016-08-02 09:29:15</PriceUpdateDate><ItemCode>7290000462004</ItemCode><ItemType>1</ItemType><ItemName>מב תחליב רחצה פינוק</ItemName><ManufacturerName>פינוק</ManufacturerName><ManufactureCountry>ישראל</ManufactureCountry><ManufacturerItemDescription>מב תחליב רחצה פינוק</ManufacturerItemDescription><SoldByWeight/><Quantity>700.00</Quantity><UnitOfMeasure>מ"ל</UnitOfMeasure><QtyInPackage>לא ידוע</QtyInPackage><UnitOfMeasurePrice>0.0141</UnitOfMeasurePrice><AllowDiscount>1</AllowDiscount><ItemStatus>1</ItemStatus><ItemPrice>9.90</ItemPrice></item><item><PriceUpdateDate>2016-05-01 10:28:58</PriceUpdateDate><ItemCode>7290000462349</ItemCode><ItemType>1</ItemType><ItemName>פירורית זהב 350 גרם</ItemName><ManufacturerName>פירורית</ManufacturerName><ManufactureCountry>ישראל</ManufactureCountry><ManufacturerItemDescription>פירורית זהב 350 גרם</ManufacturerItemDescription><SoldByWeight/><Quantity>350.00</Quantity><UnitOfMeasure>גרם     </UnitOfMeasure><QtyInPackage>לא ידוע</QtyInPackage><UnitOfMeasurePrice>0.0246</UnitOfMeasurePrice><AllowDiscount>1</AllowDiscount><ItemStatus>1</ItemStatus><ItemPrice>8.60</ItemPrice></item><item><PriceUpdateDate>2016-05-01 10:28:58</PriceUpdateDate><ItemCode>7290000462356</ItemCode><ItemType>1</ItemType><ItemName>פירורית רגילה  350 ג</ItemName><ManufacturerName>פירורית</ManufacturerName><ManufactureCountry>ישראל</ManufactureCountry><ManufacturerItemDescription>פירורית רגילה  350 ג</ManufacturerItemDescription><SoldByWeight/><Quantity>350.00</Quantity><UnitOfMeasure>גרם     </UnitOfMeasure><QtyInPackage>לא ידוע</QtyInPackage><UnitOfMeasurePrice>0.0246</UnitOfMeasurePrice><AllowDiscount>1</AllowDiscount><ItemStatus>1</ItemStatus><ItemPrice>8.60</ItemPrice></item><item><PriceUpdateDate>2016-05-01 10:28:59</PriceUpdateDate><ItemCode>7290000462585</ItemCode><ItemType>1</ItemType><ItemName>פירה 260 גרם</ItemName><ManufacturerName>אסם</ManufacturerName><ManufactureCountry>ישראל</ManufactureCountry><ManufacturerItemDescription>תבשיל פירה 260 גרם</ManufacturerItemDescription><SoldByWeight/><Quantity>260.00</Quantity><UnitOfMeasure>גרם     </UnitOfMeasure><QtyInPackage>לא ידוע</QtyInPackage><UnitOfMeasurePrice>0.0608</UnitOfMeasurePrice><AllowDiscount>1</AllowDiscount><ItemStatus>1</ItemStatus><ItemPrice>15.80</ItemPrice></item><item><PriceUpdateDate>2016-02-26 06:49:18</PriceUpdateDate><ItemCode>7290000462783</ItemCode><ItemType>1</ItemType><ItemName>במבה במילוי נוגט 60</ItemName><ManufacturerName>במבה</ManufacturerName><ManufactureCountry>ישראל</ManufactureCountry><ManufacturerItemDescription>במבה במילוי נוגט 60 גרם</ManufacturerItemDescription><SoldByWeight/><Quantity>60.00</Quantity><UnitOfMeasure>גרם     </UnitOfMeasure><QtyInPackage>לא ידוע</QtyInPackage><UnitOfMeasurePrice>0.0933</UnitOfMeasurePrice><AllowDiscount>1</AllowDiscount><ItemStatus>1</ItemStatus><ItemPrice>5.60</ItemPrice></item><item><PriceUpdateDate>2016-05-01 10:29:00</PriceUpdateDate><ItemCode>7290000462851</ItemCode><ItemType>1</ItemType><ItemName>פייבר וואן 460 גרם</ItemName><ManufacturerName>נסטלה</ManufacturerName><ManufactureCountry>ארצות הברית</ManufactureCountry><ManufacturerItemDescription>ספגטי עתיר סיביםר בסיבים</ManufacturerItemDescription><SoldByWeight/><Quantity>460.00</Quantity><UnitOfMeasure>גרם     </UnitOfMeasure><QtyInPackage>לא ידוע</QtyInPackage><UnitOfMeasurePrice>0.0607</UnitOfMeasurePrice><AllowDiscount>1</AllowDiscount><ItemStatus>1</ItemStatus><ItemPrice>27.90</ItemPrice></item><item><PriceUpdateDate>2016-05-01 10:29:00</PriceUpdateDate><ItemCode>7290000463018</ItemCode><ItemType>1</ItemType><ItemName>שוקולד פרה עם סוכריו</ItemName><ManufacturerName>פרה</ManufacturerName><ManufactureCountry>ישראל</ManufactureCountry><ManufacturerItemDescription>שוקולד פרה עם סוכריו</ManufacturerItemDescription><SoldByWeight/><Quantity>85.00</Quantity><UnitOfMeasure>גרם     </UnitOfMeasure><QtyInPackage>לא ידוע</QtyInPackage><UnitOfMeasurePrice>0.0812</UnitOfMeasurePrice><AllowDiscount>0</AllowDiscount><ItemStatus>1</ItemStatus><ItemPrice>6.90</ItemPrice></item><item><PriceUpdateDate>2016-05-01 10:31:33</PriceUpdateDate><ItemCode>7290000463124</ItemCode><ItemType>1</ItemType><ItemName>זית מנזנילו ירוק גדו</ItemName><ManufacturerName>בית השיטה</ManufacturerName><ManufactureCountry>ישראל</ManufactureCountry><ManufacturerItemDescription>זית מנזנילו ירוק גדו</ManufacturerItemDescription><SoldByWeight/><Quantity>560.00</Quantity><UnitOfMeasure>גרם     </UnitOfMeasure><QtyInPackage>לא ידוע</QtyInPackage><UnitOfMeasurePrice>0.0205</UnitOfMeasurePrice><AllowDiscount>1</AllowDiscount><ItemStatus>1</ItemStatus><ItemPrice>11.50</ItemPrice></item><item><PriceUpdateDate>2015-10-19 10:39:38</PriceUpdateDate><ItemCode>7290000463414</ItemCode><ItemType>1</ItemType><ItemName>טבלת פסק זמן קלאסי 1</ItemName><ManufacturerName>עלית</ManufacturerName><ManufactureCountry>ישראל</ManufactureCountry><ManufacturerItemDescription>טבלת פסק זמן קלאסי 110 גר</ManufacturerItemDescription><SoldByWeight/><Quantity>110.00</Quantity><UnitOfMeasure>גרם     </UnitOfMeasure><QtyInPackage>לא ידוע</QtyInPackage><UnitOfMeasurePrice>0.0864</UnitOfMeasurePrice><AllowDiscount>1</AllowDiscount><ItemStatus>1</ItemStatus><ItemPrice>9.50</ItemPrice></item><item><PriceUpdateDate>2016-05-01 10:31:34</PriceUpdateDate><ItemCode>7290000463575</ItemCode><ItemType>1</ItemType><ItemName>זית ירוק טעם שום בית</ItemName><ManufacturerName>בית השיטה</ManufacturerName><ManufactureCountry>ישראל</ManufactureCountry><ManufacturerItemDescription>זית ירוק טעם שום בית</ManufacturerItemDescription><SoldByWeight/><Quantity>0.00</Quantity><UnitOfMeasure>יח'</UnitOfMeasure><QtyInPackage>לא ידוע</QtyInPackage><UnitOfMeasurePrice>0.0000</UnitOfMeasurePrice><AllowDiscount>1</AllowDiscount><ItemStatus>1</ItemStatus><ItemPrice>16.30</ItemPrice></item><item><PriceUpdateDate>2016-01-18 16:40:15</PriceUpdateDate><ItemCode>7290000463643</ItemCode><ItemType>1</ItemType><ItemName>מאגדת זוג שוקולד פרה</ItemName><ManufacturerName>פרה</ManufacturerName><ManufactureCountry>ישראל</ManufactureCountry><ManufacturerItemDescription>מאגדת זוג שוקולד פרה</ManufacturerItemDescription><SoldByWeight/><Quantity>200.00</Quantity><UnitOfMeasure>גרם     </UnitOfMeasure><QtyInPackage>לא ידוע</QtyInPackage><UnitOfMeasurePrice>0.0795</UnitOfMeasurePrice><AllowDiscount>1</AllowDiscount><ItemStatus>1</ItemStatus><ItemPrice>15.90</ItemPrice></item><item><PriceUpdateDate>2016-05-01 10:31:34</PriceUpdateDate><ItemCode>7290000464527</ItemCode><ItemType>1</ItemType><ItemName>זית חרוזית מרינד 430</ItemName><ManufacturerName>בית השיטה</ManufacturerName><ManufactureCountry>ישראל</ManufactureCountry><ManufacturerItemDescription>זית חרוזית מרינד 430</ManufacturerItemDescription><SoldByWeight/><Quantity>275.00</Quantity><UnitOfMeasure>גרם     </UnitOfMeasure><QtyInPackage>לא ידוע</QtyInPackage><UnitOfMeasurePrice>0.0455</UnitOfMeasurePrice><AllowDiscount>1</AllowDiscount><ItemStatus>1</ItemStatus><ItemPrice>12.50</ItemPrice></item><item><PriceUpdateDate>2016-05-31 06:14:41</PriceUpdateDate><ItemCode>7290000464718</ItemCode><ItemType>1</ItemType><ItemName>קליה אוקסי ספריי 750</ItemName><ManufacturerName>קליה</ManufacturerName><ManufactureCountry>פולין</ManufactureCountry><ManufacturerItemDescription>קליה אוקסי ספריי 750</ManufacturerItemDescription><SoldByWeight/><Quantity>750.00</Quantity><UnitOfMeasure>מ"ל</UnitOfMeasure><QtyInPackage>לא ידוע</QtyInPackage><UnitOfMeasurePrice>0.0265</UnitOfMeasurePrice><AllowDiscount>1</AllowDiscount><ItemStatus>1</ItemStatus><ItemPrice>19.90</ItemPrice></item><item><PriceUpdateDate>2016-06-28 07:02:40</PriceUpdateDate><ItemCode>7290000464831</ItemCode><ItemType>1</ItemType><ItemName>מב פיניש נוזל הברקה</ItemName><ManufacturerName>פיניש</ManufacturerName><ManufactureCountry>פולין</ManufactureCountry><ManufacturerItemDescription>מב פיניש נוזל הברקה</ManufacturerItemDescription><SoldByWeight/><Quantity>800.00</Quantity><UnitOfMeasure>מ"ל</UnitOfMeasure><QtyInPackage>לא ידוע</QtyInPackage><UnitOfMeasurePrice>0.0324</UnitOfMeasurePrice><AllowDiscount>1</AllowDiscount><ItemStatus>1</ItemStatus><ItemPrice>25.90</ItemPrice></item><item><PriceUpdateDate>2016-04-27 08:40:22</PriceUpdateDate><ItemCode>7290000464992</ItemCode><ItemType>1</ItemType><ItemName>זית טבעות שחור A3  2</ItemName><ManufacturerName>לא ממותג</ManufacturerName><ManufactureCountry>ישראל</ManufactureCountry><ManufacturerItemDescription>זית טבעות שחור A3  2</ManufacturerItemDescription><SoldByWeight/><Quantity>280.00</Quantity><UnitOfMeasure>גרם     </UnitOfMeasure><QtyInPackage>לא ידוע</QtyInPackage><UnitOfMeasurePrice>0.0457</UnitOfMeasurePrice><AllowDiscount>1</AllowDiscount><ItemStatus>1</ItemStatus><ItemPrice>12.80</ItemPrice></item><item><PriceUpdateDate>2016-05-01 10:29:01</PriceUpdateDate><ItemCode>7290000465043</ItemCode><ItemType>1</ItemType><ItemName>טבלת פסק זמן קלאסי מ</ItemName><ManufacturerName>עלית</ManufacturerName><ManufactureCountry>ישראל</ManufactureCountry><ManufacturerItemDescription>טבלת פסק זמן קלאסי מ</ManufacturerItemDescription><SoldByWeight/><Quantity>110.00</Quantity><UnitOfMeasure>גרם     </UnitOfMeasure><QtyInPackage>לא ידוע</QtyInPackage><UnitOfMeasurePrice>0.0864</UnitOfMeasurePrice><AllowDiscount>1</AllowDiscount><ItemStatus>1</ItemStatus><ItemPrice>9.50</ItemPrice></item><item><PriceUpdateDate>2016-01-14 06:54:41</PriceUpdateDate><ItemCode>7290000465173</ItemCode><ItemType>1</ItemType><ItemName>מסטיק מאסט בזוקה 28</ItemName><ManufacturerName>מאסט</ManufacturerName><ManufactureCountry>ישראל</ManufactureCountry><ManufacturerItemDescription>מסטיק מאסט בטעם בזוקה</ManufacturerItemDescription><SoldByWeight/><Quantity>28.00</Quantity><UnitOfMeasure>גרם     </UnitOfMeasure><QtyInPackage>לא ידוע</QtyInPackage><UnitOfMeasurePrice>0.1607</UnitOfMeasurePrice><AllowDiscount>1</AllowDiscount><ItemStatus>1</ItemStatus><ItemPrice>4.50</ItemPrice></item><item><PriceUpdateDate>2016-04-27 08:40:22</PriceUpdateDate><ItemCode>7290000465494</ItemCode><ItemType>1</ItemType><ItemName>זית סורי מבוקע 560 ג</ItemName><ManufacturerName>.N.Y.C</ManufacturerName><ManufactureCountry>ישראל</ManufactureCountry><ManufacturerItemDescription>זית סורי מבוקע 560 ג</ManufacturerItemDescription><SoldByWeight/><Quantity>340.00</Quantity><UnitOfMeasure>גרם     </UnitOfMeasure><QtyInPackage>לא ידוע</QtyInPackage><UnitOfMeasurePrice>0.0403</UnitOfMeasurePrice><AllowDiscount>1</AllowDiscount><ItemStatus>1</ItemStatus><ItemPrice>13.70</ItemPrice></item><item><PriceUpdateDate>2016-08-02 09:29:41</PriceUpdateDate><ItemCode>7290000465876</ItemCode><ItemType>1</ItemType><ItemName>מב צבר חומוסיבוב ברו</ItemName><ManufacturerName>צבר</ManufacturerName><ManufactureCountry>לא ידוע</ManufactureCountry><ManufacturerItemDescription>מב צבר חומוסיבוב ברו</ManufacturerItemDescription><SoldByWeight/><Quantity>400.00</Quantity><UnitOfMeasure>גרם     </UnitOfMeasure><QtyInPackage>לא ידוע</QtyInPackage><UnitOfMeasurePrice>0.0273</UnitOfMeasurePrice><AllowDiscount>1</AllowDiscount><ItemStatus>1</ItemStatus><ItemPrice>10.90</ItemPrice></item><item><PriceUpdateDate>2015-10-11 06:43:29</PriceUpdateDate><ItemCode>7290000465944</ItemCode><ItemType>1</ItemType><ItemName>יוגורט פרופתות מולר</ItemName><ManufacturerName>מולר</ManufacturerName><ManufactureCountry>ישראל</ManufactureCountry><ManufacturerItemDescription>פרופ תות מולר 150 מל</ManufacturerItemDescription><SoldByWeight/><Quantity>150.00</Quantity><UnitOfMeasure>מ"ל</UnitOfMeasure><QtyInPackage>לא ידוע</QtyInPackage><UnitOfMeasurePrice>0.0367</UnitOfMeasurePrice><AllowDiscount>1</AllowDiscount><ItemStatus>1</ItemStatus><ItemPrice>5.50</ItemPrice></item><item><PriceUpdateDate>2015-10-11 06:43:29</PriceUpdateDate><ItemCode>7290000465968</ItemCode><ItemType>1</ItemType><ItemName>יוגורט פרופאפרסק ופס</ItemName><ManufacturerName>מולר</ManufacturerName><ManufactureCountry>ישראל</ManufactureCountry><ManufacturerItemDescription>פרופ אפרסק פסיפלורה מולר</ManufacturerItemDescription><SoldByWeight/><Quantity>150.00</Quantity><UnitOfMeasure>מ"ל</UnitOfMeasure><QtyInPackage>לא ידוע</QtyInPackage><UnitOfMeasurePrice>0.0367</UnitOfMeasurePrice><AllowDiscount>1</AllowDiscount><ItemStatus>1</ItemStatus><ItemPrice>5.50</ItemPrice></item><item><PriceUpdateDate>2015-10-11 06:43:29</PriceUpdateDate><ItemCode>7290000465975</ItemCode><ItemType>1</ItemType><ItemName>יוגורט פרופלימון מול</ItemName><ManufacturerName>מולר</ManufacturerName><ManufactureCountry>ישראל</ManufactureCountry><ManufacturerItemDescription>פרופ לימון מולר 150 מל</ManufacturerItemDescription><SoldByWeight/><Quantity>150.00</Quantity><UnitOfMeasure>מ"ל</UnitOfMeasure><QtyInPackage>לא ידוע</QtyInPackage><UnitOfMeasurePrice>0.0367</UnitOfMeasurePrice><AllowDiscount>1</AllowDiscount><ItemStatus>1</ItemStatus><ItemPrice>5.50</ItemPrice></item><item><PriceUpdateDate>2016-05-31 06:15:51</PriceUpdateDate><ItemCode>7290000466163</ItemCode><ItemType>1</ItemType><ItemName>מלפפון 7-9 במלח 560</ItemName><ManufacturerName>בית השיטה</ManufacturerName><ManufactureCountry>ישראל</ManufactureCountry><ManufacturerItemDescription>מלפפון 7-9 במלח 560</ManufacturerItemDescription><SoldByWeight/><Quantity>560.00</Quantity><UnitOfMeasure>גרם     </UnitOfMeasure><QtyInPackage>לא ידוע</QtyInPackage><UnitOfMeasurePrice>0.0105</UnitOfMeasurePrice><AllowDiscount>1</AllowDiscount><ItemStatus>1</ItemStatus><ItemPrice>5.90</ItemPrice></item><item><PriceUpdateDate>2016-05-31 06:15:51</PriceUpdateDate><ItemCode>7290000466170</ItemCode><ItemType>1</ItemType><ItemName>מלפפון במלח 10-12  3</ItemName><ManufacturerName>לא ידוע</ManufacturerName><ManufactureCountry>ישראל</ManufactureCountry><ManufacturerItemDescription>מלפפון במלח 10-12  3</ManufacturerItemDescription><SoldByWeight/><Quantity>320.00</Quantity><UnitOfMeasure>גרם     </UnitOfMeasure><QtyInPackage>לא ידוע</QtyInPackage><UnitOfMeasurePrice>0.0203</UnitOfMeasurePrice><AllowDiscount>1</AllowDiscount><ItemStatus>1</ItemStatus><ItemPrice>6.50</ItemPrice></item><item><PriceUpdateDate>2016-07-27 06:42:40</PriceUpdateDate><ItemCode>7290000466187</ItemCode><ItemType>1</ItemType><ItemName>מלפפון 13-17 במלח  3</ItemName><ManufacturerName>בית השיטה</ManufacturerName><ManufactureCountry>ישראל</ManufactureCountry><ManufacturerItemDescription>מלפפון 13-17 במלח  3</ManufacturerItemDescription><SoldByWeight/><Quantity>320.00</Quantity><UnitOfMeasure>גרם     </UnitOfMeasure><QtyInPackage>לא ידוע</QtyInPackage><UnitOfMeasurePrice>0.0309</UnitOfMeasurePrice><AllowDiscount>1</AllowDiscount><ItemStatus>1</ItemStatus><ItemPrice>9.90</ItemPrice></item><item><PriceUpdateDate>2016-05-01 06:10:04</PriceUpdateDate><ItemCode>7290000466408</ItemCode><ItemType>1</ItemType><ItemName>חלב עיזים צוריאל 1 ל</ItemName><ManufacturerName>משק צוריאל</ManufacturerName><ManufactureCountry>ישראל</ManufactureCountry><ManufacturerItemDescription>חלב עיזים 1 ליטר קרטון</ManufacturerItemDescription><SoldByWeight/><Quantity>1000.00</Quantity><UnitOfMeasure>מ"ל</UnitOfMeasure><QtyInPackage>לא ידוע</QtyInPackage><UnitOfMeasurePrice>0.0175</UnitOfMeasurePrice><AllowDiscount>0</AllowDiscount><ItemStatus>1</ItemStatus><ItemPrice>17.50</ItemPrice></item><item><PriceUpdateDate>2015-10-11 06:43:29</PriceUpdateDate><ItemCode>7290000466927</ItemCode><ItemType>1</ItemType><ItemName>מולר מיקס גליליות קר</ItemName><ManufacturerName>מולר</ManufacturerName><ManufactureCountry>ישראל</ManufactureCountry><ManufacturerItemDescription>יוגורט קרם אגוזים מולר מי</ManufacturerItemDescription><SoldByWeight/><Quantity>150.00</Quantity><UnitOfMeasure>גרם     </UnitOfMeasure><QtyInPackage>לא ידוע</QtyInPackage><UnitOfMeasurePrice>0.0420</UnitOfMeasurePrice><AllowDiscount>0</AllowDiscount><ItemStatus>1</ItemStatus><ItemPrice>6.30</ItemPrice></item><item><PriceUpdateDate>2016-03-29 07:50:09</PriceUpdateDate><ItemCode>7290000467023</ItemCode><ItemType>1</ItemType><ItemName>יוגורט עיזים לשתיה 5</ItemName><ManufacturerName>משק צוריאל</ManufacturerName><ManufactureCountry>ישראל</ManufactureCountry><ManufacturerItemDescription>יוגורט עיזים לשתיה 500 מל</ManufacturerItemDescription><SoldByWeight/><Quantity>500.00</Quantity><UnitOfMeasure>גרם     </UnitOfMeasure><QtyInPackage>לא ידוע</QtyInPackage><UnitOfMeasurePrice>0.0278</UnitOfMeasurePrice><AllowDiscount>1</AllowDiscount><ItemStatus>1</ItemStatus><ItemPrice>13.90</ItemPrice></item><item><PriceUpdateDate>2016-08-02 09:29:41</PriceUpdateDate><ItemCode>7290000467153</ItemCode><ItemType>1</ItemType><ItemName>מב סלט צבר חומוס סמי</ItemName><ManufacturerName>צבר</ManufacturerName><ManufactureCountry>ישראל</ManufactureCountry><ManufacturerItemDescription>חומוס סמיר הגדול 400 גר</ManufacturerItemDescription><SoldByWeight/><Quantity>400.00</Quantity><UnitOfMeasure>גרם     </UnitOfMeasure><QtyInPackage>לא ידוע</QtyInPackage><UnitOfMeasurePrice>0.0298</UnitOfMeasurePrice><AllowDiscount>1</AllowDiscount><ItemStatus>1</ItemStatus><ItemPrice>11.90</ItemPrice></item><item><PriceUpdateDate>2016-05-31 06:15:51</PriceUpdateDate><ItemCode>7290000467160</ItemCode><ItemType>1</ItemType><ItemName>מלפפון 7-9 בחומץ 560</ItemName><ManufacturerName>בית השיטה</ManufacturerName><ManufactureCountry>ישראל</ManufactureCountry><ManufacturerItemDescription>מלפפון 7-9 בחומץ 560</ManufacturerItemDescription><SoldByWeight/><Quantity>560.00</Quantity><UnitOfMeasure>גרם     </UnitOfMeasure><QtyInPackage>לא ידוע</QtyInPackage><UnitOfMeasurePrice>0.0105</UnitOfMeasurePrice><AllowDiscount>1</AllowDiscount><ItemStatus>1</ItemStatus><ItemPrice>5.90</ItemPrice></item><item><PriceUpdateDate>2016-05-31 06:15:51</PriceUpdateDate><ItemCode>7290000467177</ItemCode><ItemType>1</ItemType><ItemName>מלפפון 12 10חומץ גלע</ItemName><ManufacturerName>אסם</ManufacturerName><ManufactureCountry>ישראל</ManufactureCountry><ManufacturerItemDescription>מלפפון 12 10חומץ גלע</ManufacturerItemDescription><SoldByWeight/><Quantity>290.00</Quantity><UnitOfMeasure>גרם     </UnitOfMeasure><QtyInPackage>לא ידוע</QtyInPackage><UnitOfMeasurePrice>0.0224</UnitOfMeasurePrice><AllowDiscount>1</AllowDiscount><ItemStatus>1</ItemStatus><ItemPrice>6.50</ItemPrice></item><item><PriceUpdateDate>2016-08-02 09:29:41</PriceUpdateDate><ItemCode>7290000467320</ItemCode><ItemType>1</ItemType><ItemName>מב סלט צבר חומוס אבו</ItemName><ManufacturerName>צבר</ManufacturerName><ManufactureCountry>ישראל</ManufactureCountry><ManufacturerItemDescription>חומוס אבו מרוואן 400 גר</ManufacturerItemDescription><SoldByWeight/><Quantity>400.00</Quantity><UnitOfMeasure>גרם     </UnitOfMeasure><QtyInPackage>לא ידוע</QtyInPackage><UnitOfMeasurePrice>0.0298</UnitOfMeasurePrice><AllowDiscount>1</AllowDiscount><ItemStatus>1</ItemStatus><ItemPrice>11.90</ItemPrice></item><item><PriceUpdateDate>2016-08-02 09:29:15</PriceUpdateDate><ItemCode>7290000467405</ItemCode><ItemType>1</ItemType><ItemName>מב קפה נמס 200 ג' פר</ItemName><ManufacturerName>דרום אמריקה</ManufacturerName><ManufactureCountry>ישראל</ManufactureCountry><ManufacturerItemDescription>קפה פרא אפריקאי 200 גר</ManufacturerItemDescription><SoldByWeight/><Quantity>200.00</Quantity><UnitOfMeasure>גרם     </UnitOfMeasure><QtyInPackage>לא ידוע</QtyInPackage><UnitOfMeasurePrice>0.1145</UnitOfMeasurePrice><AllowDiscount>1</AllowDiscount><ItemStatus>1</ItemStatus><ItemPrice>22.90</ItemPrice></item><item><PriceUpdateDate>2016-05-01 06:10:58</PriceUpdateDate><ItemCode>7290000468006</ItemCode><ItemType>1</ItemType><ItemName>כרוב כבוש 600 גרם</ItemName><ManufacturerName>בית השיטה</ManufacturerName><ManufactureCountry>ישראל</ManufactureCountry><ManufacturerItemDescription>כרוב כבוש 600 גרם</ManufacturerItemDescription><SoldByWeight/><Quantity>130.00</Quantity><UnitOfMeasure>גרם     </UnitOfMeasure><QtyInPackage>לא ידוע</QtyInPackage><UnitOfMeasurePrice>0.0746</UnitOfMeasurePrice><AllowDiscount>1</AllowDiscount><ItemStatus>1</ItemStatus><ItemPrice>9.70</ItemPrice></item><item><PriceUpdateDate>2015-10-19 10:39:56</PriceUpdateDate><ItemCode>7290000468112</ItemCode><ItemType>1</ItemType><ItemName>סלט כרוב אדום יום יו</ItemName><ManufacturerName>אחלה</ManufacturerName><ManufactureCountry>ישראל</ManufactureCountry><ManufacturerItemDescription>סלט כרוב 120 גרם</ManufacturerItemDescription><SoldByWeight/><Quantity>120.00</Quantity><UnitOfMeasure>גרם     </UnitOfMeasure><QtyInPackage>לא ידוע</QtyInPackage><UnitOfMeasurePrice>0.0508</UnitOfMeasurePrice><AllowDiscount>1</AllowDiscount><ItemStatus>1</ItemStatus><ItemPrice>6.10</ItemPrice></item><item><PriceUpdateDate>2016-04-27 08:40:23</PriceUpdateDate><ItemCode>7290000468167</ItemCode><ItemType>1</ItemType><ItemName>פלפל חריף 600 גרם</ItemName><ManufacturerName>לא ממותג</ManufacturerName><ManufactureCountry>ישראל</ManufactureCountry><ManufacturerItemDescription>פלפל חריף 600 גרם</ManufacturerItemDescription><SoldByWeight/><Quantity>425.00</Quantity><UnitOfMeasure>גרם     </UnitOfMeasure><QtyInPackage>לא ידוע</QtyInPackage><UnitOfMeasurePrice>0.0191</UnitOfMeasurePrice><AllowDiscount>1</AllowDiscount><ItemStatus>1</ItemStatus><ItemPrice>8.10</ItemPrice></item><item><PriceUpdateDate>2016-05-01 10:29:03</PriceUpdateDate><ItemCode>7290000469058</ItemCode><ItemType>1</ItemType><ItemName>מסטיק מאסט בזוקה ענב</ItemName><ManufacturerName>בזוקה</ManufacturerName><ManufactureCountry>ישראל</ManufactureCountry><ManufacturerItemDescription>מסטיק מאסט בזוקה ענבים לל</ManufacturerItemDescription><SoldByWeight/><Quantity>28.00</Quantity><UnitOfMeasure>גרם     </UnitOfMeasure><QtyInPackage>לא ידוע</QtyInPackage><UnitOfMeasurePrice>0.1607</UnitOfMeasurePrice><AllowDiscount>1</AllowDiscount><ItemStatus>1</ItemStatus><ItemPrice>4.50</ItemPrice></item><item><PriceUpdateDate>2016-05-01 10:29:03</PriceUpdateDate><ItemCode>7290000469256</ItemCode><ItemType>1</ItemType><ItemName>רבע לשבע חלב קרם נוג</ItemName><ManufacturerName>עלית</ManufacturerName><ManufactureCountry>ישראל</ManufactureCountry><ManufacturerItemDescription>רבע לשבע אגוזים 120 גרם</ManufacturerItemDescription><SoldByWeight/><Quantity>120.00</Quantity><UnitOfMeasure>גרם     </UnitOfMeasure><QtyInPackage>לא ידוע</QtyInPackage><UnitOfMeasurePrice>0.1158</UnitOfMeasurePrice><AllowDiscount>1</AllowDiscount><ItemStatus>1</ItemStatus><ItemPrice>13.90</ItemPrice></item><item><PriceUpdateDate>2016-08-02 09:29:15</PriceUpdateDate><ItemCode>7290000469263</ItemCode><ItemType>1</ItemType><ItemName>סלט חומוס אחלה עם טח</ItemName><ManufacturerName>אחלה</ManufacturerName><ManufactureCountry>ישראל</ManufactureCountry><ManufacturerItemDescription>סלט חומוס וטחינה 400 גרם</ManufacturerItemDescription><SoldByWeight/><Quantity>400.00</Quantity><UnitOfMeasure>גרם     </UnitOfMeasure><QtyInPackage>לא ידוע</QtyInPackage><UnitOfMeasurePrice>0.0298</UnitOfMeasurePrice><AllowDiscount>0</AllowDiscount><ItemStatus>1</ItemStatus><ItemPrice>11.90</ItemPrice></item><item><PriceUpdateDate>2016-08-02 09:29:15</PriceUpdateDate><ItemCode>7290000469270</ItemCode><ItemType>1</ItemType><ItemName>סלט חומוס אחלה עם זע</ItemName><ManufacturerName>אחלה</ManufacturerName><ManufactureCountry>ישראל</ManufactureCountry><ManufacturerItemDescription>סלט חומוס אחלה עם זע</ManufacturerItemDescription><SoldByWeight/><Quantity>400.00</Quantity><UnitOfMeasure>גרם     </UnitOfMeasure><QtyInPackage>לא ידוע</QtyInPackage><UnitOfMeasurePrice>0.0298</UnitOfMeasurePrice><AllowDiscount>0</AllowDiscount><ItemStatus>1</ItemStatus><ItemPrice>11.90</ItemPrice></item><item><PriceUpdateDate>2016-08-02 09:29:15</PriceUpdateDate><ItemCode>7290000469287</ItemCode><ItemType>1</ItemType><ItemName>סלט חומוס אחלה עם צנ</ItemName><ManufacturerName>אחלה</ManufacturerName><ManufactureCountry>ישראל</ManufactureCountry><ManufacturerItemDescription>סלט חומוס וצנובר 400 גרם</ManufacturerItemDescription><SoldByWeight/><Quantity>400.00</Quantity><UnitOfMeasure>גרם     </UnitOfMeasure><QtyInPackage>לא ידוע</QtyInPackage><UnitOfMeasurePrice>0.0298</UnitOfMeasurePrice><AllowDiscount>0</AllowDiscount><ItemStatus>1</ItemStatus><ItemPrice>11.90</ItemPrice></item><item><PriceUpdateDate>2016-08-02 09:29:15</PriceUpdateDate><ItemCode>7290000469294</ItemCode><ItemType>1</ItemType><ItemName>סלט חומוס אחלה עם חר</ItemName><ManufacturerName>אחלה</ManufacturerName><ManufactureCountry>ישראל</ManufactureCountry><ManufacturerItemDescription>סלט חומוס וחריף 400 גרם</ManufacturerItemDescription><SoldByWeight/><Quantity>400.00</Quantity><UnitOfMeasure>גרם     </UnitOfMeasure><QtyInPackage>לא ידוע</QtyInPackage><UnitOfMeasurePrice>0.0298</UnitOfMeasurePrice><AllowDiscount>0</AllowDiscount><ItemStatus>1</ItemStatus><ItemPrice>11.90</ItemPrice></item><item><PriceUpdateDate>2016-07-04 18:22:22</PriceUpdateDate><ItemCode>7290000469553</ItemCode><ItemType>1</ItemType><ItemName>מאגדת אנרג'י מריר וא</ItemName><ManufacturerName>אנרג'י</ManufacturerName><ManufactureCountry>ישראל</ManufactureCountry><ManufacturerItemDescription>חטיף דגנים שוקולד מריר</ManufacturerItemDescription><SoldByWeight/><Quantity>156.00</Quantity><UnitOfMeasure>גרם     </UnitOfMeasure><QtyInPackage>לא ידוע</QtyInPackage><UnitOfMeasurePrice>0.1147</UnitOfMeasurePrice><AllowDiscount>1</AllowDiscount><ItemStatus>1</ItemStatus><ItemPrice>17.90</ItemPrice></item><item><PriceUpdateDate>2016-08-02 09:29:15</PriceUpdateDate><ItemCode>7290000469867</ItemCode><ItemType>1</ItemType><ItemName>טחינה אחלה 500 גרם</ItemName><ManufacturerName>אחלה</ManufacturerName><ManufactureCountry>ישראל</ManufactureCountry><ManufacturerItemDescription>טחינה משומשום מלא 500 גרם</ManufacturerItemDescription><SoldByWeight/><Quantity>500.00</Quantity><UnitOfMeasure>גרם     </UnitOfMeasure><QtyInPackage>לא ידוע</QtyInPackage><UnitOfMeasurePrice>0.0344</UnitOfMeasurePrice><AllowDiscount>1</AllowDiscount><ItemStatus>1</ItemStatus><ItemPrice>17.20</ItemPrice></item><item><PriceUpdateDate>2016-05-01 06:10:04</PriceUpdateDate><ItemCode>7290000469911</ItemCode><ItemType>1</ItemType><ItemName>שוקולד ספלנדיד מריר</ItemName><ManufacturerName>לא ידוע</ManufacturerName><ManufactureCountry>ישראל</ManufactureCountry><ManufacturerItemDescription>שוקולד ספלנדיד מריר</ManufacturerItemDescription><SoldByWeight/><Quantity>100.00</Quantity><UnitOfMeasure>גרם     </UnitOfMeasure><QtyInPackage>לא ידוע</QtyInPackage><UnitOfMeasurePrice>0.1190</UnitOfMeasurePrice><AllowDiscount>1</AllowDiscount><ItemStatus>1</ItemStatus><ItemPrice>11.90</ItemPrice></item><item><PriceUpdateDate>2016-06-28 07:02:40</PriceUpdateDate><ItemCode>7290000470511</ItemCode><ItemType>1</ItemType><ItemName>תפוצ'יפס שמנת בצל 20</ItemName><ManufacturerName>תפוצ'יפס</ManufacturerName><ManufactureCountry>ישראל</ManufactureCountry><ManufacturerItemDescription>תפוציפס שמנת בצל 200 גרם</ManufacturerItemDescription><SoldByWeight/><Quantity>200.00</Quantity><UnitOfMeasure>גרם     </UnitOfMeasure><QtyInPackage>לא ידוע</QtyInPackage><UnitOfMeasurePrice>0.0610</UnitOfMeasurePrice><AllowDiscount>1</AllowDiscount><ItemStatus>1</ItemStatus><ItemPrice>12.20</ItemPrice></item><item><PriceUpdateDate>2015-10-11 06:43:29</PriceUpdateDate><ItemCode>7290000471976</ItemCode><ItemType>1</ItemType><ItemName>ביצים 12 יחידות ביצי</ItemName><ManufacturerName>רמות השבים</ManufacturerName><ManufactureCountry>ישראל</ManufactureCountry><ManufacturerItemDescription>ביצים 12 יחידות ביצי</ManufacturerItemDescription><SoldByWeight/><Quantity>12.00</Quantity><UnitOfMeasure>בודד</UnitOfMeasure><QtyInPackage>לא ידוע</QtyInPackage><UnitOfMeasurePrice>2.3333</UnitOfMeasurePrice><AllowDiscount>1</AllowDiscount><ItemStatus>1</ItemStatus><ItemPrice>28.00</ItemPrice></item><item><PriceUpdateDate>2016-02-11 06:58:45</PriceUpdateDate><ItemCode>7290000472010</ItemCode><ItemType>1</ItemType><ItemName>ביצים 12 יחידות גודל</ItemName><ManufacturerName>רמות השבים</ManufacturerName><ManufactureCountry>ישראל</ManufactureCountry><ManufacturerItemDescription>ביצים 12 יחידות גודל</ManufacturerItemDescription><SoldByWeight/><Quantity>14.00</Quantity><UnitOfMeasure>בודד</UnitOfMeasure><QtyInPackage>לא ידוע</QtyInPackage><UnitOfMeasurePrice>0.8179</UnitOfMeasurePrice><AllowDiscount>1</AllowDiscount><ItemStatus>1</ItemStatus><ItemPrice>11.45</ItemPrice></item><item><PriceUpdateDate>2016-02-11 06:58:45</PriceUpdateDate><ItemCode>7290000472027</ItemCode><ItemType>1</ItemType><ItemName>ביצים 12 יחידות גודל</ItemName><ManufacturerName>רמות השבים</ManufacturerName><ManufactureCountry>ישראל</ManufactureCountry><ManufacturerItemDescription>ביצים 12 יחידות גודל</ManufacturerItemDescription><SoldByWeight/><Quantity>12.00</Quantity><UnitOfMeasure>בודד</UnitOfMeasure><QtyInPackage>לא ידוע</QtyInPackage><UnitOfMeasurePrice>0.8792</UnitOfMeasurePrice><AllowDiscount>1</AllowDiscount><ItemStatus>1</ItemStatus><ItemPrice>10.55</ItemPrice></item><item><PriceUpdateDate>2015-10-11 06:43:30</PriceUpdateDate><ItemCode>7290000472034</ItemCode><ItemType>1</ItemType><ItemName>ביצים 12 יחידות אורג</ItemName><ManufacturerName>רמות השבים</ManufacturerName><ManufactureCountry>ישראל</ManufactureCountry><ManufacturerItemDescription>ביצים 12 יחידות אורג</ManufacturerItemDescription><SoldByWeight/><Quantity>12.00</Quantity><UnitOfMeasure>יח'</UnitOfMeasure><QtyInPackage>לא ידוע</QtyInPackage><UnitOfMeasurePrice>2.4167</UnitOfMeasurePrice><AllowDiscount>1</AllowDiscount><ItemStatus>1</ItemStatus><ItemPrice>29.00</ItemPrice></item><item><PriceUpdateDate>2016-08-02 09:29:15</PriceUpdateDate><ItemCode>7290000472171</ItemCode><ItemType>1</ItemType><ItemName>מב דגני בוקר פיטנס ש</ItemName><ManufacturerName>לא ידוע</ManufacturerName><ManufactureCountry>ישראל</ManufactureCountry><ManufacturerItemDescription>מב דגני בוקר פיטנס ש</ManufacturerItemDescription><SoldByWeight/><Quantity>355.00</Quantity><UnitOfMeasure>גרם     </UnitOfMeasure><QtyInPackage>לא ידוע</QtyInPackage><UnitOfMeasurePrice>0.0504</UnitOfMeasurePrice><AllowDiscount>1</AllowDiscount><ItemStatus>1</ItemStatus><ItemPrice>17.90</ItemPrice></item><item><PriceUpdateDate>2016-01-14 06:54:41</PriceUpdateDate><ItemCode>7290000472287</ItemCode><ItemType>1</ItemType><ItemName>קפה ג'יקובס קרונונג</ItemName><ManufacturerName>גיקובס</ManufacturerName><ManufactureCountry>גרמניה</ManufactureCountry><ManufacturerItemDescription>נסטי מנגו אננס  1. ליטר</ManufacturerItemDescription><SoldByWeight/><Quantity>200.00</Quantity><UnitOfMeasure>גרם     </UnitOfMeasure><QtyInPackage>לא ידוע</QtyInPackage><UnitOfMeasurePrice>0.2245</UnitOfMeasurePrice><AllowDiscount>1</AllowDiscount><ItemStatus>1</ItemStatus><ItemPrice>44.90</ItemPrice></item><item><PriceUpdateDate>2016-05-01 10:29:05</PriceUpdateDate><ItemCode>7290000472362</ItemCode><ItemType>1</ItemType><ItemName>קפה ג'יקובס אספרסו 5</ItemName><ManufacturerName>ג'יקובס</ManufacturerName><ManufactureCountry>ישראל</ManufactureCountry><ManufacturerItemDescription>קפה אספרסו ג'קובס 500גרם</ManufacturerItemDescription><SoldByWeight/><Quantity>500.00</Quantity><UnitOfMeasure>גרם     </UnitOfMeasure><QtyInPackage>לא ידוע</QtyInPackage><UnitOfMeasurePrice>0.0998</UnitOfMeasurePrice><AllowDiscount>1</AllowDiscount><ItemStatus>1</ItemStatus><ItemPrice>49.90</ItemPrice></item><item><PriceUpdateDate>2016-05-01 10:29:05</PriceUpdateDate><ItemCode>7290000472829</ItemCode><ItemType>1</ItemType><ItemName>וופל גרדנה 200 גרם</ItemName><ManufacturerName>לואקר</ManufacturerName><ManufactureCountry>איטליה</ManufactureCountry><ManufacturerItemDescription>חטיפי ביס גו פיטננה132גר</ManufacturerItemDescription><SoldByWeight/><Quantity>200.00</Quantity><UnitOfMeasure>גרם     </UnitOfMeasure><QtyInPackage>לא ידוע</QtyInPackage><UnitOfMeasurePrice>0.0795</UnitOfMeasurePrice><AllowDiscount>1</AllowDiscount><ItemStatus>1</ItemStatus><ItemPrice>15.90</ItemPrice></item><item><PriceUpdateDate>2016-06-28 07:02:40</PriceUpdateDate><ItemCode>7290000472836</ItemCode><ItemType>1</ItemType><ItemName>וופל לואקר קקאו 175</ItemName><ManufacturerName>לואקר</ManufacturerName><ManufactureCountry>אוסטריה</ManufactureCountry><ManufacturerItemDescription>וופל לואקר קקאו 175 גר</ManufacturerItemDescription><SoldByWeight/><Quantity>175.00</Quantity><UnitOfMeasure>גרם     </UnitOfMeasure><QtyInPackage>לא ידוע</QtyInPackage><UnitOfMeasurePrice>0.0737</UnitOfMeasurePrice><AllowDiscount>1</AllowDiscount><ItemStatus>1</ItemStatus><ItemPrice>12.90</ItemPrice></item><item><PriceUpdateDate>2016-05-31 06:14:43</PriceUpdateDate><ItemCode>7290000472928</ItemCode><ItemType>1</ItemType><ItemName>מאגדת קינדר בואנו חל</ItemName><ManufacturerName>קינדר בואנו</ManufacturerName><ManufactureCountry>פולין</ManufactureCountry><ManufacturerItemDescription>דגנים גו פיט    וזי לוז</ManufacturerItemDescription><SoldByWeight/><Quantity>129.00</Quantity><UnitOfMeasure>גרם     </UnitOfMeasure><QtyInPackage>לא ידוע</QtyInPackage><UnitOfMeasurePrice>0.0969</UnitOfMeasurePrice><AllowDiscount>1</AllowDiscount><ItemStatus>1</ItemStatus><ItemPrice>12.50</ItemPrice></item><item><PriceUpdateDate>2016-02-16 09:21:53</PriceUpdateDate><ItemCode>7290000472959</ItemCode><ItemType>1</ItemType><ItemName>בונבוניירה פררו רושר</ItemName><ManufacturerName>פררו רושר</ManufacturerName><ManufactureCountry>איטליה</ManufactureCountry><ManufacturerItemDescription>דגנים גו פיט    ת 340גר</ManufacturerItemDescription><SoldByWeight/><Quantity>200.00</Quantity><UnitOfMeasure>גרם     </UnitOfMeasure><QtyInPackage>לא ידוע</QtyInPackage><UnitOfMeasurePrice>0.1445</UnitOfMeasurePrice><AllowDiscount>1</AllowDiscount><ItemStatus>1</ItemStatus><ItemPrice>28.90</ItemPrice></item><item><PriceUpdateDate>2016-06-27 17:21:53</PriceUpdateDate><ItemCode>7290000472973</ItemCode><ItemType>1</ItemType><ItemName>אצבעות שוקולד קינדר</ItemName><ManufacturerName>קינדר</ManufacturerName><ManufactureCountry>איטליה</ManufactureCountry><ManufacturerItemDescription>דגנים גו פיט    וקוס340ג</ManufacturerItemDescription><SoldByWeight/><Quantity>200.00</Quantity><UnitOfMeasure>גרם     </UnitOfMeasure><QtyInPackage>לא ידוע</QtyInPackage><UnitOfMeasurePrice>0.0795</UnitOfMeasurePrice><AllowDiscount>1</AllowDiscount><ItemStatus>1</ItemStatus><ItemPrice>15.90</ItemPrice></item><item><PriceUpdateDate>2016-05-31 06:14:43</PriceUpdateDate><ItemCode>7290000473000</ItemCode><ItemType>1</ItemType><ItemName>סבון מוצק דאב רביעיי</ItemName><ManufacturerName>דאב</ManufacturerName><ManufactureCountry>ישראל</ManufactureCountry><ManufacturerItemDescription>סבון מוצק דאב רביעיי</ManufacturerItemDescription><SoldByWeight/><Quantity>400.00</Quantity><UnitOfMeasure>גרם     </UnitOfMeasure><QtyInPackage>לא ידוע</QtyInPackage><UnitOfMeasurePrice>0.0398</UnitOfMeasurePrice><AllowDiscount>1</AllowDiscount><ItemStatus>1</ItemStatus><ItemPrice>15.90</ItemPrice></item><item><PriceUpdateDate>2016-08-02 09:29:16</PriceUpdateDate><ItemCode>7290000473260</ItemCode><ItemType>1</ItemType><ItemName>פיניש מנקה ומחדש מדי</ItemName><ManufacturerName>פיניש</ManufacturerName><ManufactureCountry>פולין</ManufactureCountry><ManufacturerItemDescription>פיניש מנקה ומחדש מדי</ManufacturerItemDescription><SoldByWeight/><Quantity>250.00</Quantity><UnitOfMeasure>מ"ל</UnitOfMeasure><QtyInPackage>לא ידוע</QtyInPackage><UnitOfMeasurePrice>0.0796</UnitOfMeasurePrice><AllowDiscount>1</AllowDiscount><ItemStatus>1</ItemStatus><ItemPrice>19.90</ItemPrice></item><item><PriceUpdateDate>2016-05-31 06:14:43</PriceUpdateDate><ItemCode>7290000473390</ItemCode><ItemType>1</ItemType><ItemName>קפה ג'יקובס גולד 200</ItemName><ManufacturerName>ג'יקובס</ManufacturerName><ManufactureCountry>גרמניה</ManufactureCountry><ManufacturerItemDescription>משחת קולגייט    ף+הלבנ75</ManufacturerItemDescription><SoldByWeight/><Quantity>200.00</Quantity><UnitOfMeasure>גרם     </UnitOfMeasure><QtyInPackage>לא ידוע</QtyInPackage><UnitOfMeasurePrice>0.1495</UnitOfMeasurePrice><AllowDiscount>1</AllowDiscount><ItemStatus>1</ItemStatus><ItemPrice>29.90</ItemPrice></item><item><PriceUpdateDate>2016-05-31 06:14:43</PriceUpdateDate><ItemCode>7290000473550</ItemCode><ItemType>1</ItemType><ItemName>מרכך דאבלשיער פגום 4</ItemName><ManufacturerName>דאב</ManufacturerName><ManufactureCountry>ישראל</ManufactureCountry><ManufacturerItemDescription>מרכך דאב        גום 400מ</ManufacturerItemDescription><SoldByWeight/><Quantity>400.00</Quantity><UnitOfMeasure>מ"ל</UnitOfMeasure><QtyInPackage>לא ידוע</QtyInPackage><UnitOfMeasurePrice>0.0488</UnitOfMeasurePrice><AllowDiscount>1</AllowDiscount><ItemStatus>1</ItemStatus><ItemPrice>19.50</ItemPrice></item><item><PriceUpdateDate>2016-05-31 06:14:44</PriceUpdateDate><ItemCode>7290000473833</ItemCode><ItemType>1</ItemType><ItemName>דאו' ספריי אקס אפריק</ItemName><ManufacturerName>אקס</ManufacturerName><ManufactureCountry>ישראל</ManufactureCountry><ManufacturerItemDescription>דאודורנט אקס    150AFRIמ</ManufacturerItemDescription><SoldByWeight/><Quantity>150.00</Quantity><UnitOfMeasure>מ"ל</UnitOfMeasure><QtyInPackage>לא ידוע</QtyInPackage><UnitOfMeasurePrice>0.1060</UnitOfMeasurePrice><AllowDiscount>1</AllowDiscount><ItemStatus>1</ItemStatus><ItemPrice>15.90</ItemPrice></item><item><PriceUpdateDate>2016-02-11 06:58:46</PriceUpdateDate><ItemCode>7290000474021</ItemCode><ItemType>1</ItemType><ItemName>חלב טרה 3% בשקית 1 ל</ItemName><ManufacturerName>טרה</ManufacturerName><ManufactureCountry>ישראל</ManufactureCountry><ManufacturerItemDescription>חלב1 3% ל.שקית מהדרין פיק</ManufacturerItemDescription><SoldByWeight/><Quantity>1000.00</Quantity><UnitOfMeasure>מ"ל</UnitOfMeasure><QtyInPackage>לא ידוע</QtyInPackage><UnitOfMeasurePrice>0.0050</UnitOfMeasurePrice><AllowDiscount>1</AllowDiscount><ItemStatus>1</ItemStatus><ItemPrice>5.00</ItemPrice></item><item><PriceUpdateDate>2016-02-11 06:58:46</PriceUpdateDate><ItemCode>7290000474090</ItemCode><ItemType>1</ItemType><ItemName>חלב טרה 1% בקרטון 1</ItemName><ManufacturerName>טרה</ManufacturerName><ManufactureCountry>ישראל</ManufactureCountry><ManufacturerItemDescription>חלב1 1% ל.קרטון פיקוח</ManufacturerItemDescription><SoldByWeight/><Quantity>1000.00</Quantity><UnitOfMeasure>מ"ל</UnitOfMeasure><QtyInPackage>לא ידוע</QtyInPackage><UnitOfMeasurePrice>0.0054</UnitOfMeasurePrice><AllowDiscount>1</AllowDiscount><ItemStatus>1</ItemStatus><ItemPrice>5.40</ItemPrice></item><item><PriceUpdateDate>2016-02-11 06:58:46</PriceUpdateDate><ItemCode>7290000474410</ItemCode><ItemType>1</ItemType><ItemName>חמאה 100 גרם טרה</ItemName><ManufacturerName>טרה</ManufacturerName><ManufactureCountry>ישראל</ManufactureCountry><ManufacturerItemDescription>חמאה 100 גרם טרה</ManufacturerItemDescription><SoldByWeight/><Quantity>100.00</Quantity><UnitOfMeasure>גרם     </UnitOfMeasure><QtyInPackage>לא ידוע</QtyInPackage><UnitOfMeasurePrice>0.0380</UnitOfMeasurePrice><AllowDiscount>1</AllowDiscount><ItemStatus>1</ItemStatus><ItemPrice>3.80</ItemPrice></item><item><PriceUpdateDate>2016-08-02 09:29:41</PriceUpdateDate><ItemCode>7290000474502</ItemCode><ItemType>1</ItemType><ItemName>מב גבינה לבנה 5% טרה</ItemName><ManufacturerName>טרה</ManufacturerName><ManufactureCountry>ישראל</ManufactureCountry><ManufacturerItemDescription>גבינה לבנה250 5% גר  פיקו</ManufacturerItemDescription><SoldByWeight/><Quantity>250.00</Quantity><UnitOfMeasure>גרם     </UnitOfMeasure><QtyInPackage>לא ידוע</QtyInPackage><UnitOfMeasurePrice>0.0176</UnitOfMeasurePrice><AllowDiscount>1</AllowDiscount><ItemStatus>1</ItemStatus><ItemPrice>4.40</ItemPrice></item><item><PriceUpdateDate>2015-10-11 06:43:47</PriceUpdateDate><ItemCode>7290000474540</ItemCode><ItemType>1</ItemType><ItemName>גבינה טוב טעם 3% 250</ItemName><ManufacturerName>טוב טעם -גבינה</ManufacturerName><ManufactureCountry>ישראל</ManufactureCountry><ManufacturerItemDescription>גבינה טוב טעם250 3% גר</ManufacturerItemDescription><SoldByWeight/><Quantity>250.00</Quantity><UnitOfMeasure>גרם     </UnitOfMeasure><QtyInPackage>לא ידוע</QtyInPackage><UnitOfMeasurePrice>0.0468</UnitOfMeasurePrice><AllowDiscount>1</AllowDiscount><ItemStatus>1</ItemStatus><ItemPrice>11.70</ItemPrice></item><item><PriceUpdateDate>2015-11-10 07:30:58</PriceUpdateDate><ItemCode>7290000474663</ItemCode><ItemType>1</ItemType><ItemName>אבקת כביסה תינוקלין</ItemName><ManufacturerName>תינוקלין</ManufacturerName><ManufactureCountry>ישראל</ManufactureCountry><ManufacturerItemDescription>אבקת כביסה תינוקלין</ManufacturerItemDescription><SoldByWeight/><Quantity>1250.00</Quantity><UnitOfMeasure>גרם     </UnitOfMeasure><QtyInPackage>לא ידוע</QtyInPackage><UnitOfMeasurePrice>0.0222</UnitOfMeasurePrice><AllowDiscount>1</AllowDiscount><ItemStatus>1</ItemStatus><ItemPrice>27.70</ItemPrice></item><item><PriceUpdateDate>2016-06-28 07:02:41</PriceUpdateDate><ItemCode>7290000474731</ItemCode><ItemType>1</ItemType><ItemName>יין קלאסיק מרלו 750</ItemName><ManufacturerName>ברקן קלאסיק</ManufacturerName><ManufactureCountry>ישראל</ManufactureCountry><ManufacturerItemDescription>יין קלאסיק מרלו 750 מל</ManufacturerItemDescription><SoldByWeight/><Quantity>750.00</Quantity><UnitOfMeasure>מ"ל</UnitOfMeasure><QtyInPackage>לא ידוע</QtyInPackage><UnitOfMeasurePrice>0.0492</UnitOfMeasurePrice><AllowDiscount>1</AllowDiscount><ItemStatus>1</ItemStatus><ItemPrice>36.90</ItemPrice></item><item><PriceUpdateDate>2016-02-11 06:58:45</PriceUpdateDate><ItemCode>7290000474755</ItemCode><ItemType>1</ItemType><ItemName>חלב 3% בדץ בשקית 1 ל</ItemName><ManufacturerName>חלב תנובה</ManufacturerName><ManufactureCountry>ישראל</ManufactureCountry><ManufacturerItemDescription>חלב1 3% ל.שקית בדץ פיקוח</ManufacturerItemDescription><SoldByWeight/><Quantity>1000.00</Quantity><UnitOfMeasure>מ"ל</UnitOfMeasure><QtyInPackage>לא ידוע</QtyInPackage><UnitOfMeasurePrice>0.0050</UnitOfMeasurePrice><AllowDiscount>1</AllowDiscount><ItemStatus>1</ItemStatus><ItemPrice>5.00</ItemPrice></item><item><PriceUpdateDate>2016-05-31 06:14:44</PriceUpdateDate><ItemCode>7290000474779</ItemCode><ItemType>1</ItemType><ItemName>פתיתים אפויים 500 גר</ItemName><ManufacturerName>פסטה אסם</ManufacturerName><ManufactureCountry>ישראל</ManufactureCountry><ManufacturerItemDescription>פתיתים אפויים אורז500 גר</ManufacturerItemDescription><SoldByWeight/><Quantity>500.00</Quantity><UnitOfMeasure>גרם     </UnitOfMeasure><QtyInPackage>לא ידוע</QtyInPackage><UnitOfMeasurePrice>0.0118</UnitOfMeasurePrice><AllowDiscount>1</AllowDiscount><ItemStatus>1</ItemStatus><ItemPrice>5.90</ItemPrice></item><item><PriceUpdateDate>2016-05-31 06:14:44</PriceUpdateDate><ItemCode>7290000474793</ItemCode><ItemType>1</ItemType><ItemName>אטריות מובחר בינוני</ItemName><ManufacturerName>אסם</ManufacturerName><ManufactureCountry>ישראל</ManufactureCountry><ManufacturerItemDescription>אטריות מובחר בינוניות 400</ManufacturerItemDescription><SoldByWeight/><Quantity>400.00</Quantity><UnitOfMeasure>גרם     </UnitOfMeasure><QtyInPackage>לא ידוע</QtyInPackage><UnitOfMeasurePrice>0.0148</UnitOfMeasurePrice><AllowDiscount>1</AllowDiscount><ItemStatus>1</ItemStatus><ItemPrice>5.90</ItemPrice></item><item><PriceUpdateDate>2016-05-01 10:29:07</PriceUpdateDate><ItemCode>7290000474823</ItemCode><ItemType>1</ItemType><ItemName>חטיף ביסלי בצל 190 ג</ItemName><ManufacturerName>ביסלי</ManufacturerName><ManufactureCountry>ישראל</ManufactureCountry><ManufacturerItemDescription>ביסלי בצל 190 גר</ManufacturerItemDescription><SoldByWeight/><Quantity>190.00</Quantity><UnitOfMeasure>גרם     </UnitOfMeasure><QtyInPackage>לא ידוע</QtyInPackage><UnitOfMeasurePrice>0.0416</UnitOfMeasurePrice><AllowDiscount>1</AllowDiscount><ItemStatus>1</ItemStatus><ItemPrice>7.90</ItemPrice></item><item><PriceUpdateDate>2016-06-28 07:02:41</PriceUpdateDate><ItemCode>7290000475059</ItemCode><ItemType>1</ItemType><ItemName>רוטב סויה קנור 300 ג</ItemName><ManufacturerName>קנור</ManufacturerName><ManufactureCountry>ישראל</ManufactureCountry><ManufacturerItemDescription>רוטב סויה קנור 300 ג</ManufacturerItemDescription><SoldByWeight/><Quantity>300.00</Quantity><UnitOfMeasure>גרם     </UnitOfMeasure><QtyInPackage>לא ידוע</QtyInPackage><UnitOfMeasurePrice>0.0463</UnitOfMeasurePrice><AllowDiscount>1</AllowDiscount><ItemStatus>1</ItemStatus><ItemPrice>13.90</ItemPrice></item><item><PriceUpdateDate>2016-05-01 10:29:07</PriceUpdateDate><ItemCode>7290000475127</ItemCode><ItemType>1</ItemType><ItemName>מיונז הלמנס 394 גרם</ItemName><ManufacturerName>הלמנס</ManufacturerName><ManufactureCountry>ארצות הברית</ManufactureCountry><ManufacturerItemDescription>שוקולד מריר 60% קטה3*100</ManufacturerItemDescription><SoldByWeight/><Quantity>394.00</Quantity><UnitOfMeasure>גרם     </UnitOfMeasure><QtyInPackage>לא ידוע</QtyInPackage><UnitOfMeasurePrice>0.0378</UnitOfMeasurePrice><AllowDiscount>1</AllowDiscount><ItemStatus>1</ItemStatus><ItemPrice>14.90</ItemPrice></item><item><PriceUpdateDate>2016-08-02 09:29:16</PriceUpdateDate><ItemCode>7290000475196</ItemCode><ItemType>1</ItemType><ItemName>קונפיטורה 778 תות שד</ItemName><ManufacturerName>778</ManufacturerName><ManufactureCountry>ישראל</ManufactureCountry><ManufacturerItemDescription>קונפיטורה 778 תות שד</ManufacturerItemDescription><SoldByWeight/><Quantity>285.00</Quantity><UnitOfMeasure>גרם     </UnitOfMeasure><QtyInPackage>לא ידוע</QtyInPackage><UnitOfMeasurePrice>0.0568</UnitOfMeasurePrice><AllowDiscount>1</AllowDiscount><ItemStatus>1</ItemStatus><ItemPrice>16.20</ItemPrice></item><item><PriceUpdateDate>2016-01-05 06:58:08</PriceUpdateDate><ItemCode>7290000475349</ItemCode><ItemType>1</ItemType><ItemName>מאגדת שלישיה חלב ורד</ItemName><ManufacturerName>ורד הגליל</ManufacturerName><ManufactureCountry>ישראל</ManufactureCountry><ManufacturerItemDescription>מאגדת שלישיה חלב ורד</ManufacturerItemDescription><SoldByWeight/><Quantity>300.00</Quantity><UnitOfMeasure>גרם     </UnitOfMeasure><QtyInPackage>לא ידוע</QtyInPackage><UnitOfMeasurePrice>0.0577</UnitOfMeasurePrice><AllowDiscount>1</AllowDiscount><ItemStatus>1</ItemStatus><ItemPrice>17.30</ItemPrice></item><item><PriceUpdateDate>2016-08-07 20:02:44</PriceUpdateDate><ItemCode>7290000475479</ItemCode><ItemType>1</ItemType><ItemName>נייר טואלט לילי טריו</ItemName><ManufacturerName>לילי</ManufacturerName><ManufactureCountry>ישראל</ManufactureCountry><ManufacturerItemDescription>לילי טריו 32 יחידות</ManufacturerItemDescription><SoldByWeight/><Quantity>535.00</Quantity><UnitOfMeasure>מטר</UnitOfMeasure><QtyInPackage>לא ידוע</QtyInPackage><UnitOfMeasurePrice>0.0933</UnitOfMeasurePrice><AllowDiscount>1</AllowDiscount><ItemStatus>1</ItemStatus><ItemPrice>49.90</ItemPrice></item><item><PriceUpdateDate>2016-01-05 07:13:43</PriceUpdateDate><ItemCode>7290000475493</ItemCode><ItemType>1</ItemType><ItemName>מב מגבת נייר ניקול ש</ItemName><ManufacturerName>ניקול</ManufacturerName><ManufactureCountry>ישראל</ManufactureCountry><ManufacturerItemDescription>מגבת נייר ניקול</ManufacturerItemDescription><SoldByWeight/><Quantity>6.00</Quantity><UnitOfMeasure>מטר</UnitOfMeasure><QtyInPackage>לא ידוע</QtyInPackage><UnitOfMeasurePrice>1.6500</UnitOfMeasurePrice><AllowDiscount>1</AllowDiscount><ItemStatus>1</ItemStatus><ItemPrice>9.90</ItemPrice></item><item><PriceUpdateDate>2016-05-01 06:39:32</PriceUpdateDate><ItemCode>7290000475516</ItemCode><ItemType>1</ItemType><ItemName>מב מארז שלישייה מגבו</ItemName><ManufacturerName>לילי</ManufacturerName><ManufactureCountry>ישראל</ManufactureCountry><ManufacturerItemDescription>מגבוני לילי צבעוני בניילו</ManufacturerItemDescription><SoldByWeight/><Quantity>0.00</Quantity><UnitOfMeasure>יח'</UnitOfMeasure><QtyInPackage>לא ידוע</QtyInPackage><UnitOfMeasurePrice>0.0000</UnitOfMeasurePrice><AllowDiscount>1</AllowDiscount><ItemStatus>1</ItemStatus><ItemPrice>8.90</ItemPrice></item><item><PriceUpdateDate>2015-10-19 10:39:57</PriceUpdateDate><ItemCode>7290000475530</ItemCode><ItemType>1</ItemType><ItemName>תחבושות נובה לי 28 י</ItemName><ManufacturerName>לא ידוע</ManufacturerName><ManufactureCountry>ישראל</ManufactureCountry><ManufacturerItemDescription>תחבושות נובה לי בודד 28 י</ManufacturerItemDescription><SoldByWeight/><Quantity>28.00</Quantity><UnitOfMeasure>בודד</UnitOfMeasure><QtyInPackage>לא ידוע</QtyInPackage><UnitOfMeasurePrice>0.4714</UnitOfMeasurePrice><AllowDiscount>1</AllowDiscount><ItemStatus>1</ItemStatus><ItemPrice>13.20</ItemPrice></item><item><PriceUpdateDate>2016-05-01 06:10:06</PriceUpdateDate><ItemCode>7290000475653</ItemCode><ItemType>1</ItemType><ItemName>זוג רדיד אלומיניום ק</ItemName><ManufacturerName>ניקול</ManufacturerName><ManufactureCountry>ישראל</ManufactureCountry><ManufacturerItemDescription>רדיד אלומיניום 7.5*30 זוג</ManufacturerItemDescription><SoldByWeight/><Quantity>2.00</Quantity><UnitOfMeasure>יח'</UnitOfMeasure><QtyInPackage>לא ידוע</QtyInPackage><UnitOfMeasurePrice>5.4500</UnitOfMeasurePrice><AllowDiscount>1</AllowDiscount><ItemStatus>1</ItemStatus><ItemPrice>10.90</ItemPrice></item><item><PriceUpdateDate>2016-03-15 11:31:29</PriceUpdateDate><ItemCode>7290000475677</ItemCode><ItemType>1</ItemType><ItemName>סנדויצון ניקול זוגות</ItemName><ManufacturerName>ניקול</ManufacturerName><ManufactureCountry>ישראל</ManufactureCountry><ManufacturerItemDescription>שקיות סנדביצון 150 יח זוג</ManufacturerItemDescription><SoldByWeight/><Quantity>300.00</Quantity><UnitOfMeasure>בודד</UnitOfMeasure><QtyInPackage>לא ידוע</QtyInPackage><UnitOfMeasurePrice>0.0463</UnitOfMeasurePrice><AllowDiscount>1</AllowDiscount><ItemStatus>1</ItemStatus><ItemPrice>13.90</ItemPrice></item><item><PriceUpdateDate>2016-08-02 09:29:16</PriceUpdateDate><ItemCode>7290000475721</ItemCode><ItemType>1</ItemType><ItemName>מב כרית קירצוף ניקול</ItemName><ManufacturerName>ניקול</ManufacturerName><ManufactureCountry>ישראל</ManufactureCountry><ManufacturerItemDescription>כרית קירצוף ניקול</ManufacturerItemDescription><SoldByWeight/><Quantity>0.00</Quantity><UnitOfMeasure>יח'</UnitOfMeasure><QtyInPackage>לא ידוע</QtyInPackage><UnitOfMeasurePrice>0.0000</UnitOfMeasurePrice><AllowDiscount>1</AllowDiscount><ItemStatus>1</ItemStatus><ItemPrice>10.90</ItemPrice></item><item><PriceUpdateDate>2015-11-10 07:30:58</PriceUpdateDate><ItemCode>7290000475738</ItemCode><ItemType>1</ItemType><ItemName>כריות יפניות 2 ב-1 נ</ItemName><ManufacturerName>ניקול</ManufacturerName><ManufactureCountry>ישראל</ManufactureCountry><ManufacturerItemDescription>כרית יפנית עבה ניקול</ManufacturerItemDescription><SoldByWeight/><Quantity>0.00</Quantity><UnitOfMeasure>יח'</UnitOfMeasure><QtyInPackage>לא ידוע</QtyInPackage><UnitOfMeasurePrice>0.0000</UnitOfMeasurePrice><AllowDiscount>1</AllowDiscount><ItemStatus>1</ItemStatus><ItemPrice>16.40</ItemPrice></item><item><PriceUpdateDate>2016-05-01 06:39:32</PriceUpdateDate><ItemCode>7290000475745</ItemCode><ItemType>1</ItemType><ItemName>כרית יפנית שישייה ני</ItemName><ManufacturerName>ניקול</ManufacturerName><ManufactureCountry>ישראל</ManufactureCountry><ManufacturerItemDescription>כרית יפנית 2+4 ניקול</ManufacturerItemDescription><SoldByWeight/><Quantity>0.00</Quantity><UnitOfMeasure>יח'</UnitOfMeasure><QtyInPackage>לא ידוע</QtyInPackage><UnitOfMeasurePrice>0.0000</UnitOfMeasurePrice><AllowDiscount>1</AllowDiscount><ItemStatus>1</ItemStatus><ItemPrice>10.90</ItemPrice></item><item><PriceUpdateDate>2016-05-31 06:14:44</PriceUpdateDate><ItemCode>7290000475776</ItemCode><ItemType>1</ItemType><ItemName>בורקס גבינה 800 גרם</ItemName><ManufacturerName>מעדנות</ManufacturerName><ManufactureCountry>ישראל</ManufactureCountry><ManufacturerItemDescription>בורקס גבינה 800 גרם</ManufacturerItemDescription><SoldByWeight/><Quantity>800.00</Quantity><UnitOfMeasure>גרם     </UnitOfMeasure><QtyInPackage>לא ידוע</QtyInPackage><UnitOfMeasurePrice>0.0249</UnitOfMeasurePrice><AllowDiscount>1</AllowDiscount><ItemStatus>1</ItemStatus><ItemPrice>19.90</ItemPrice></item><item><PriceUpdateDate>2016-08-02 09:29:16</PriceUpdateDate><ItemCode>7290000475813</ItemCode><ItemType>1</ItemType><ItemName>מב מרכך כביסה סוד סנ</ItemName><ManufacturerName>סוד</ManufacturerName><ManufactureCountry>ישראל</ManufactureCountry><ManufacturerItemDescription>מב מרכך כביסה סוד סנ</ManufacturerItemDescription><SoldByWeight/><Quantity>4000.00</Quantity><UnitOfMeasure>מ"ל</UnitOfMeasure><QtyInPackage>לא ידוע</QtyInPackage><UnitOfMeasurePrice>0.0042</UnitOfMeasurePrice><AllowDiscount>1</AllowDiscount><ItemStatus>1</ItemStatus><ItemPrice>16.90</ItemPrice></item><item><PriceUpdateDate>2016-02-11 06:58:45</PriceUpdateDate><ItemCode>7290000476018</ItemCode><ItemType>1</ItemType><ItemName>חלב טרה 1% בקרטון 1</ItemName><ManufacturerName>טרה</ManufacturerName><ManufactureCountry>ישראל</ManufactureCountry><ManufacturerItemDescription>חלב1 1% ל.קרטון פיקוח</ManufacturerItemDescription><SoldByWeight/><Quantity>1000.00</Quantity><UnitOfMeasure>מ"ל</UnitOfMeasure><QtyInPackage>לא ידוע</QtyInPackage><UnitOfMeasurePrice>0.0054</UnitOfMeasurePrice><AllowDiscount>1</AllowDiscount><ItemStatus>1</ItemStatus><ItemPrice>5.40</ItemPrice></item><item><PriceUpdateDate>2016-08-02 09:29:16</PriceUpdateDate><ItemCode>7290000476087</ItemCode><ItemType>1</ItemType><ItemName>מב לה קט עוף 2.85 ק"</ItemName><ManufacturerName>לה קט</ManufacturerName><ManufactureCountry>ישראל</ManufactureCountry><ManufacturerItemDescription>לה קט טעם עוף 2.85 קג</ManufacturerItemDescription><SoldByWeight/><Quantity>2850.00</Quantity><UnitOfMeasure>גרם     </UnitOfMeasure><QtyInPackage>לא ידוע</QtyInPackage><UnitOfMeasurePrice>0.0175</UnitOfMeasurePrice><AllowDiscount>1</AllowDiscount><ItemStatus>1</ItemStatus><ItemPrice>49.90</ItemPrice></item><item><PriceUpdateDate>2015-11-10 07:30:59</PriceUpdateDate><ItemCode>7290000476940</ItemCode><ItemType>1</ItemType><ItemName>סירופ פריגת לימון 1.</ItemName><ManufacturerName>פריגת</ManufacturerName><ManufactureCountry>ישראל</ManufactureCountry><ManufacturerItemDescription>סירופ פריגת לימון 1.</ManufacturerItemDescription><SoldByWeight/><Quantity>1500.00</Quantity><UnitOfMeasure>מ"ל</UnitOfMeasure><QtyInPackage>לא ידוע</QtyInPackage><UnitOfMeasurePrice>0.0179</UnitOfMeasurePrice><AllowDiscount>1</AllowDiscount><ItemStatus>1</ItemStatus><ItemPrice>26.80</ItemPrice></item><item><PriceUpdateDate>2015-12-02 06:48:45</PriceUpdateDate><ItemCode>7290000476957</ItemCode><ItemType>1</ItemType><ItemName>מיץ פריגת סחוט תפוזי</ItemName><ManufacturerName>פריגת</ManufacturerName><ManufactureCountry>ישראל</ManufactureCountry><ManufacturerItemDescription>מיץ סחוט תפוזים 1 ל</ManufacturerItemDescription><SoldByWeight/><Quantity>1000.00</Quantity><UnitOfMeasure>מ"ל</UnitOfMeasure><QtyInPackage>לא ידוע</QtyInPackage><UnitOfMeasurePrice>0.0172</UnitOfMeasurePrice><AllowDiscount>0</AllowDiscount><ItemStatus>1</ItemStatus><ItemPrice>17.20</ItemPrice></item><item><PriceUpdateDate>2016-08-02 09:29:16</PriceUpdateDate><ItemCode>7290000476995</ItemCode><ItemType>1</ItemType><ItemName>משקה בננה יטבתה 1 לי</ItemName><ManufacturerName>יטבתה</ManufacturerName><ManufactureCountry>ישראל</ManufactureCountry><ManufacturerItemDescription>משקה חלב בננה 1  ליטר בקב</ManufacturerItemDescription><SoldByWeight/><Quantity>1000.00</Quantity><UnitOfMeasure>מ"ל</UnitOfMeasure><QtyInPackage>לא ידוע</QtyInPackage><UnitOfMeasurePrice>0.0119</UnitOfMeasurePrice><AllowDiscount>1</AllowDiscount><ItemStatus>1</ItemStatus><ItemPrice>11.90</ItemPrice></item><item><PriceUpdateDate>2015-01-27 10:34:10</PriceUpdateDate><ItemCode>7290000477022</ItemCode><ItemType>1</ItemType><ItemName>פסטרמה על גחלים בקופ</ItemName><ManufacturerName>טירת צבי</ManufacturerName><ManufactureCountry>ישראל</ManufactureCountry><ManufacturerItemDescription>פסטרמה על גחלים בקופ</ManufacturerItemDescription><SoldByWeight/><Quantity>400.00</Quantity><UnitOfMeasure>גרם     </UnitOfMeasure><QtyInPackage>לא ידוע</QtyInPackage><UnitOfMeasurePrice>0.0910</UnitOfMeasurePrice><AllowDiscount>1</AllowDiscount><ItemStatus>1</ItemStatus><ItemPrice>36.40</ItemPrice></item><item><PriceUpdateDate>2016-05-01 06:10:07</PriceUpdateDate><ItemCode>7290000477107</ItemCode><ItemType>1</ItemType><ItemName>גבינת קרם עיזים5% 25</ItemName><ManufacturerName>משק צוריאל</ManufacturerName><ManufactureCountry>ישראל</ManufactureCountry><ManufacturerItemDescription>גבינת קרם עיזים5% 25</ManufacturerItemDescription><SoldByWeight/><Quantity>250.00</Quantity><UnitOfMeasure>מ"ל</UnitOfMeasure><QtyInPackage>לא ידוע</QtyInPackage><UnitOfMeasurePrice>0.0708</UnitOfMeasurePrice><AllowDiscount>1</AllowDiscount><ItemStatus>1</ItemStatus><ItemPrice>17.70</ItemPrice></item><item><PriceUpdateDate>2016-08-02 09:29:16</PriceUpdateDate><ItemCode>7290000477145</ItemCode><ItemType>1</ItemType><ItemName>גבינה צפתית מעודנת 5</ItemName><ManufacturerName>פיראוס</ManufacturerName><ManufactureCountry>ישראל</ManufactureCountry><ManufacturerItemDescription>פיראוס צפתית מעודנת 200 5</ManufacturerItemDescription><SoldByWeight/><Quantity>200.00</Quantity><UnitOfMeasure>גרם     </UnitOfMeasure><QtyInPackage>לא ידוע</QtyInPackage><UnitOfMeasurePrice>0.0815</UnitOfMeasurePrice><AllowDiscount>1</AllowDiscount><ItemStatus>1</ItemStatus><ItemPrice>16.30</ItemPrice></item><item><PriceUpdateDate>2015-10-19 10:39:57</PriceUpdateDate><ItemCode>7290000477190</ItemCode><ItemType>1</ItemType><ItemName>אצבעות מוצרלה 172 גר</ItemName><ManufacturerName>עמק</ManufacturerName><ManufactureCountry>ישראל</ManufactureCountry><ManufacturerItemDescription>אצבעות עמק 172 גרם</ManufacturerItemDescription><SoldByWeight/><Quantity>172.00</Quantity><UnitOfMeasure>גרם     </UnitOfMeasure><QtyInPackage>לא ידוע</QtyInPackage><UnitOfMeasurePrice>0.0959</UnitOfMeasurePrice><AllowDiscount>1</AllowDiscount><ItemStatus>1</ItemStatus><ItemPrice>16.50</ItemPrice></item><item><PriceUpdateDate>2016-06-13 16:01:03</PriceUpdateDate><ItemCode>7290000477299</ItemCode><ItemType>1</ItemType><ItemName>יופלה מוקה 3% 150 גר</ItemName><ManufacturerName>יופלה</ManufacturerName><ManufactureCountry>ישראל</ManufactureCountry><ManufacturerItemDescription>יופלה מוקה 3% 150 גר</ManufacturerItemDescription><SoldByWeight/><Quantity>150.00</Quantity><UnitOfMeasure>גרם     </UnitOfMeasure><QtyInPackage>לא ידוע</QtyInPackage><UnitOfMeasurePrice>0.0327</UnitOfMeasurePrice><AllowDiscount>1</AllowDiscount><ItemStatus>1</ItemStatus><ItemPrice>4.90</ItemPrice></item><item><PriceUpdateDate>2015-10-11 06:43:30</PriceUpdateDate><ItemCode>7290000477305</ItemCode><ItemType>1</ItemType><ItemName>פרוסות עמק 5% פתיחה</ItemName><ManufacturerName>עמק</ManufacturerName><ManufactureCountry>ישראל</ManufactureCountry><ManufacturerItemDescription>גבינה עמק 5% פרוס פ.חוזרת</ManufacturerItemDescription><SoldByWeight/><Quantity>200.00</Quantity><UnitOfMeasure>גרם     </UnitOfMeasure><QtyInPackage>לא ידוע</QtyInPackage><UnitOfMeasurePrice>0.0890</UnitOfMeasurePrice><AllowDiscount>1</AllowDiscount><ItemStatus>1</ItemStatus><ItemPrice>17.80</ItemPrice></item><item><PriceUpdateDate>2015-10-11 06:43:30</PriceUpdateDate><ItemCode>7290000477312</ItemCode><ItemType>1</ItemType><ItemName>מעדן תנובה דיאט וניל</ItemName><ManufacturerName>מעדן תנובה</ManufacturerName><ManufactureCountry>ישראל</ManufactureCountry><ManufacturerItemDescription>מעדן דיאט וניל 150 גרם</ManufacturerItemDescription><SoldByWeight/><Quantity>150.00</Quantity><UnitOfMeasure>גרם     </UnitOfMeasure><QtyInPackage>לא ידוע</QtyInPackage><UnitOfMeasurePrice>0.0267</UnitOfMeasurePrice><AllowDiscount>1</AllowDiscount><ItemStatus>1</ItemStatus><ItemPrice>4.00</ItemPrice></item><item><PriceUpdateDate>2016-08-02 09:29:16</PriceUpdateDate><ItemCode>7290000477398</ItemCode><ItemType>1</ItemType><ItemName>גבינה בולגרית מעודנת</ItemName><ManufacturerName>פיראוס</ManufacturerName><ManufactureCountry>ישראל</ManufactureCountry><ManufacturerItemDescription>גבינה בולגרית מעודנת 5% פ</ManufacturerItemDescription><SoldByWeight/><Quantity>250.00</Quantity><UnitOfMeasure>גרם     </UnitOfMeasure><QtyInPackage>לא ידוע</QtyInPackage><UnitOfMeasurePrice>0.0836</UnitOfMeasurePrice><AllowDiscount>1</AllowDiscount><ItemStatus>1</ItemStatus><ItemPrice>20.90</ItemPrice></item><item><PriceUpdateDate>2016-08-02 09:29:16</PriceUpdateDate><ItemCode>7290000477404</ItemCode><ItemType>1</ItemType><ItemName>גבינה בולגית מעודנת</ItemName><ManufacturerName>פיראוס</ManufacturerName><ManufactureCountry>ישראל</ManufactureCountry><ManufacturerItemDescription>גבינה בולגרית מעודנת 3% פ</ManufacturerItemDescription><SoldByWeight/><Quantity>250.00</Quantity><UnitOfMeasure>גרם     </UnitOfMeasure><QtyInPackage>לא ידוע</QtyInPackage><UnitOfMeasurePrice>0.0956</UnitOfMeasurePrice><AllowDiscount>1</AllowDiscount><ItemStatus>1</ItemStatus><ItemPrice>23.90</ItemPrice></item><item><PriceUpdateDate>2016-06-28 07:02:42</PriceUpdateDate><ItemCode>7290000478050</ItemCode><ItemType>1</ItemType><ItemName>שקד טבעי שקית 200 גר</ItemName><ManufacturerName>ליימן חטיבת המותגים</ManufacturerName><ManufactureCountry>ישראל</ManufactureCountry><ManufacturerItemDescription>שקד טבעי 200 גרם</ManufacturerItemDescription><SoldByWeight/><Quantity>200.00</Quantity><UnitOfMeasure>גרם     </UnitOfMeasure><QtyInPackage>לא ידוע</QtyInPackage><UnitOfMeasurePrice>0.1135</UnitOfMeasurePrice><AllowDiscount>1</AllowDiscount><ItemStatus>1</ItemStatus><ItemPrice>22.70</ItemPrice></item><item><PriceUpdateDate>2015-10-19 10:39:58</PriceUpdateDate><ItemCode>7290000478074</ItemCode><ItemType>1</ItemType><ItemName>פריגת קפוא תפוזים 34</ItemName><ManufacturerName>פריגת קפוא</ManufacturerName><ManufactureCountry>ישראל</ManufactureCountry><ManufacturerItemDescription>פריגת תפוזים קפוא 340 מל</ManufacturerItemDescription><SoldByWeight/><Quantity>340.00</Quantity><UnitOfMeasure>מ"ל</UnitOfMeasure><QtyInPackage>לא ידוע</QtyInPackage><UnitOfMeasurePrice>0.0379</UnitOfMeasurePrice><AllowDiscount>1</AllowDiscount><ItemStatus>1</ItemStatus><ItemPrice>12.90</ItemPrice></item><item><PriceUpdateDate>2016-05-31 06:14:45</PriceUpdateDate><ItemCode>7290000478180</ItemCode><ItemType>1</ItemType><ItemName>עוגת הבית שוקוצ'יפס</ItemName><ManufacturerName>עוגות הבית</ManufacturerName><ManufactureCountry>ישראל</ManufactureCountry><ManufacturerItemDescription>עוגת הבית שוקוציפס 400 גר</ManufacturerItemDescription><SoldByWeight/><Quantity>400.00</Quantity><UnitOfMeasure>גרם     </UnitOfMeasure><QtyInPackage>לא ידוע</QtyInPackage><UnitOfMeasurePrice>0.0273</UnitOfMeasurePrice><AllowDiscount>0</AllowDiscount><ItemStatus>1</ItemStatus><ItemPrice>10.90</ItemPrice></item><item><PriceUpdateDate>2016-03-15 11:31:29</PriceUpdateDate><ItemCode>7290000478661</ItemCode><ItemType>1</ItemType><ItemName>מטרנה מהדרין שלב 1 7</ItemName><ManufacturerName>מטרנה</ManufacturerName><ManufactureCountry>ישראל</ManufactureCountry><ManufacturerItemDescription>מטרנה מהדרין שלב 1 7</ManufacturerItemDescription><SoldByWeight/><Quantity>700.00</Quantity><UnitOfMeasure>גרם     </UnitOfMeasure><QtyInPackage>לא ידוע</QtyInPackage><UnitOfMeasurePrice>0.0741</UnitOfMeasurePrice><AllowDiscount>1</AllowDiscount><ItemStatus>1</ItemStatus><ItemPrice>51.90</ItemPrice></item><item><PriceUpdateDate>2016-05-31 06:14:46</PriceUpdateDate><ItemCode>7290000479194</ItemCode><ItemType>1</ItemType><ItemName>קקאו עלית 150 גרם</ItemName><ManufacturerName>עלית</ManufacturerName><ManufactureCountry>ישראל</ManufactureCountry><ManufacturerItemDescription>אבקת קקאו עלית 150 גרם</ManufacturerItemDescription><SoldByWeight/><Quantity>150.00</Quantity><UnitOfMeasure>גרם     </UnitOfMeasure><QtyInPackage>לא ידוע</QtyInPackage><UnitOfMeasurePrice>0.0647</UnitOfMeasurePrice><AllowDiscount>1</AllowDiscount><ItemStatus>1</ItemStatus><ItemPrice>9.70</ItemPrice></item><item><PriceUpdateDate>2016-08-02 09:29:17</PriceUpdateDate><ItemCode>7290000479385</ItemCode><ItemType>1</ItemType><ItemName>מב סיליט באנג ספריי</ItemName><ManufacturerName>סיליט באנג</ManufacturerName><ManufactureCountry>פולין</ManufactureCountry><ManufacturerItemDescription>מב סיליט באנג ספריי</ManufacturerItemDescription><SoldByWeight/><Quantity>750.00</Quantity><UnitOfMeasure>מ"ל</UnitOfMeasure><QtyInPackage>לא ידוע</QtyInPackage><UnitOfMeasurePrice>0.0145</UnitOfMeasurePrice><AllowDiscount>1</AllowDiscount><ItemStatus>1</ItemStatus><ItemPrice>10.90</ItemPrice></item><item><PriceUpdateDate>2015-10-11 06:43:31</PriceUpdateDate><ItemCode>7290000479682</ItemCode><ItemType>1</ItemType><ItemName>יוגורט פרופ פירות יע</ItemName><ManufacturerName>מולר</ManufacturerName><ManufactureCountry>ישראל</ManufactureCountry><ManufacturerItemDescription>פרופ פירות יער מולר 150</ManufacturerItemDescription><SoldByWeight/><Quantity>150.00</Quantity><UnitOfMeasure>מ"ל</UnitOfMeasure><QtyInPackage>לא ידוע</QtyInPackage><UnitOfMeasurePrice>0.0367</UnitOfMeasurePrice><AllowDiscount>1</AllowDiscount><ItemStatus>1</ItemStatus><ItemPrice>5.50</ItemPrice></item><item><PriceUpdateDate>2016-05-31 06:15:51</PriceUpdateDate><ItemCode>7290000480107</ItemCode><ItemType>1</ItemType><ItemName>קוואקר בפחית 500 גרם</ItemName><ManufacturerName>קוואקר אואטס</ManufacturerName><ManufactureCountry>ישראל</ManufactureCountry><ManufacturerItemDescription>קואקר שיבולת    500גרם</ManufacturerItemDescription><SoldByWeight/><Quantity>500.00</Quantity><UnitOfMeasure>גרם     </UnitOfMeasure><QtyInPackage>לא ידוע</QtyInPackage><UnitOfMeasurePrice>0.0278</UnitOfMeasurePrice><AllowDiscount>1</AllowDiscount><ItemStatus>1</ItemStatus><ItemPrice>13.90</ItemPrice></item><item><PriceUpdateDate>2015-10-11 06:43:31</PriceUpdateDate><ItemCode>7290000480244</ItemCode><ItemType>1</ItemType><ItemName>מולר מיקס פצפוצי שוק</ItemName><ManufacturerName>מולר</ManufacturerName><ManufactureCountry>ישראל</ManufactureCountry><ManufacturerItemDescription>יוגורט מולר מיקס פצפוצי ש</ManufacturerItemDescription><SoldByWeight/><Quantity>150.00</Quantity><UnitOfMeasure>גרם     </UnitOfMeasure><QtyInPackage>לא ידוע</QtyInPackage><UnitOfMeasurePrice>0.0420</UnitOfMeasurePrice><AllowDiscount>0</AllowDiscount><ItemStatus>1</ItemStatus><ItemPrice>6.30</ItemPrice></item><item><PriceUpdateDate>2016-06-07 15:00:53</PriceUpdateDate><ItemCode>7290000480442</ItemCode><ItemType>1</ItemType><ItemName>קוואקר בשקית 500 גרם</ItemName><ManufacturerName>קוואקר אואטס</ManufacturerName><ManufactureCountry>ישראל</ManufactureCountry><ManufacturerItemDescription>קואקר           מינ500גר</ManufacturerItemDescription><SoldByWeight/><Quantity>500.00</Quantity><UnitOfMeasure>גרם     </UnitOfMeasure><QtyInPackage>לא ידוע</QtyInPackage><UnitOfMeasurePrice>0.0278</UnitOfMeasurePrice><AllowDiscount>1</AllowDiscount><ItemStatus>1</ItemStatus><ItemPrice>13.90</ItemPrice></item><item><PriceUpdateDate>2016-05-01 10:29:11</PriceUpdateDate><ItemCode>7290000480596</ItemCode><ItemType>1</ItemType><ItemName>קורנפלקס כספי תלמה 7</ItemName><ManufacturerName>לא ממותג</ManufacturerName><ManufactureCountry>ישראל</ManufactureCountry><ManufacturerItemDescription>קורנפלקס של אלופים 750 גר</ManufacturerItemDescription><SoldByWeight/><Quantity>750.00</Quantity><UnitOfMeasure>גרם     </UnitOfMeasure><QtyInPackage>לא ידוע</QtyInPackage><UnitOfMeasurePrice>0.0199</UnitOfMeasurePrice><AllowDiscount>0</AllowDiscount><ItemStatus>1</ItemStatus><ItemPrice>14.90</ItemPrice></item><item><PriceUpdateDate>2016-05-31 06:14:46</PriceUpdateDate><ItemCode>7290000480978</ItemCode><ItemType>1</ItemType><ItemName>סבון מוצק דאב רביעיי</ItemName><ManufacturerName>דאב</ManufacturerName><ManufactureCountry>ישראל</ManufactureCountry><ManufacturerItemDescription>סבון מוצק דאב רביעיי</ManufacturerItemDescription><SoldByWeight/><Quantity>400.00</Quantity><UnitOfMeasure>גרם     </UnitOfMeasure><QtyInPackage>לא ידוע</QtyInPackage><UnitOfMeasurePrice>0.0398</UnitOfMeasurePrice><AllowDiscount>1</AllowDiscount><ItemStatus>1</ItemStatus><ItemPrice>15.90</ItemPrice></item><item><PriceUpdateDate>2015-10-19 10:39:58</PriceUpdateDate><ItemCode>7290000481241</ItemCode><ItemType>1</ItemType><ItemName>גבינת טופו בטעמים 22</ItemName><ManufacturerName>טופוטי</ManufacturerName><ManufactureCountry>ישראל</ManufactureCountry><ManufacturerItemDescription>גבינת טופו בטעמים 22</ManufacturerItemDescription><SoldByWeight/><Quantity>225.00</Quantity><UnitOfMeasure>גרם     </UnitOfMeasure><QtyInPackage>לא ידוע</QtyInPackage><UnitOfMeasurePrice>0.1000</UnitOfMeasurePrice><AllowDiscount>1</AllowDiscount><ItemStatus>1</ItemStatus><ItemPrice>22.50</ItemPrice></item><item><PriceUpdateDate>2015-11-10 07:31:57</PriceUpdateDate><ItemCode>7290000482033</ItemCode><ItemType>1</ItemType><ItemName>שקיות קוקי 5  יח ענק</ItemName><ManufacturerName>קוקי</ManufacturerName><ManufactureCountry>ישראל</ManufactureCountry><ManufacturerItemDescription>שקיות קוקי 5  יח ענק</ManufacturerItemDescription><SoldByWeight/><Quantity>0.00</Quantity><UnitOfMeasure>יח'</UnitOfMeasure><QtyInPackage>לא ידוע</QtyInPackage><UnitOfMeasurePrice>0.0000</UnitOfMeasurePrice><AllowDiscount>1</AllowDiscount><ItemStatus>1</ItemStatus><ItemPrice>14.20</ItemPrice></item><item><PriceUpdateDate>2016-05-31 06:14:46</PriceUpdateDate><ItemCode>7290000482088</ItemCode><ItemType>1</ItemType><ItemName>עוגת הבית שיש אגוזים</ItemName><ManufacturerName>עוגות הבית</ManufacturerName><ManufactureCountry>ישראל</ManufactureCountry><ManufacturerItemDescription>עוגת הבית שיש אגוזים</ManufacturerItemDescription><SoldByWeight/><Quantity>380.00</Quantity><UnitOfMeasure>גרם     </UnitOfMeasure><QtyInPackage>לא ידוע</QtyInPackage><UnitOfMeasurePrice>0.0287</UnitOfMeasurePrice><AllowDiscount>0</AllowDiscount><ItemStatus>1</ItemStatus><ItemPrice>10.90</ItemPrice></item><item><PriceUpdateDate>2016-05-31 06:14:46</PriceUpdateDate><ItemCode>7290000482156</ItemCode><ItemType>1</ItemType><ItemName>מאגדת קינדר בואנו לב</ItemName><ManufacturerName>קינדר</ManufacturerName><ManufactureCountry>פולין</ManufactureCountry><ManufacturerItemDescription>דגנים גו פיט     מריר340</ManufacturerItemDescription><SoldByWeight/><Quantity>129.00</Quantity><UnitOfMeasure>גרם     </UnitOfMeasure><QtyInPackage>לא ידוע</QtyInPackage><UnitOfMeasurePrice>0.0969</UnitOfMeasurePrice><AllowDiscount>0</AllowDiscount><ItemStatus>1</ItemStatus><ItemPrice>12.50</ItemPrice></item><item><PriceUpdateDate>2016-05-31 06:14:46</PriceUpdateDate><ItemCode>7290000482194</ItemCode><ItemType>1</ItemType><ItemName>דליפקאן בד"צ 400 גרם</ItemName><ManufacturerName>תלמה</ManufacturerName><ManufactureCountry>ישראל</ManufactureCountry><ManufacturerItemDescription>דליפקאן 400 גר בדץ</ManufacturerItemDescription><SoldByWeight/><Quantity>400.00</Quantity><UnitOfMeasure>גרם     </UnitOfMeasure><QtyInPackage>לא ידוע</QtyInPackage><UnitOfMeasurePrice>0.0497</UnitOfMeasurePrice><AllowDiscount>1</AllowDiscount><ItemStatus>1</ItemStatus><ItemPrice>19.90</ItemPrice></item><item><PriceUpdateDate>2016-08-02 09:29:17</PriceUpdateDate><ItemCode>7290000482675</ItemCode><ItemType>1</ItemType><ItemName>מב מארז חטיף דובונים</ItemName><ManufacturerName>אסם</ManufacturerName><ManufactureCountry>ישראל</ManufactureCountry><ManufacturerItemDescription>מב מארז חטיף דובונים</ManufacturerItemDescription><SoldByWeight/><Quantity>100.00</Quantity><UnitOfMeasure>גרם     </UnitOfMeasure><QtyInPackage>לא ידוע</QtyInPackage><UnitOfMeasurePrice>0.1190</UnitOfMeasurePrice><AllowDiscount>1</AllowDiscount><ItemStatus>1</ItemStatus><ItemPrice>11.90</ItemPrice></item><item><PriceUpdateDate>2016-02-08 14:14:15</PriceUpdateDate><ItemCode>7290000482682</ItemCode><ItemType>1</ItemType><ItemName>רסק עגבניות 28% A2 6</ItemName><ManufacturerName>פרי ניר</ManufacturerName><ManufactureCountry>ישראל</ManufactureCountry><ManufacturerItemDescription>רסק עגבניות 28% A2 6</ManufacturerItemDescription><SoldByWeight/><Quantity>600.00</Quantity><UnitOfMeasure>גרם     </UnitOfMeasure><QtyInPackage>לא ידוע</QtyInPackage><UnitOfMeasurePrice>0.0123</UnitOfMeasurePrice><AllowDiscount>1</AllowDiscount><ItemStatus>1</ItemStatus><ItemPrice>7.40</ItemPrice></item><item><PriceUpdateDate>2016-05-01 10:29:13</PriceUpdateDate><ItemCode>7290000482774</ItemCode><ItemType>1</ItemType><ItemName>מרק נמס בכוס אקסטרה</ItemName><ManufacturerName>קנור</ManufacturerName><ManufactureCountry>ישראל</ManufactureCountry><ManufacturerItemDescription>מרק נמס בכוס אקסטרה טעם ע</ManufacturerItemDescription><SoldByWeight/><Quantity>28.00</Quantity><UnitOfMeasure>גרם     </UnitOfMeasure><QtyInPackage>לא ידוע</QtyInPackage><UnitOfMeasurePrice>0.1929</UnitOfMeasurePrice><AllowDiscount>1</AllowDiscount><ItemStatus>1</ItemStatus><ItemPrice>5.40</ItemPrice></item><item><PriceUpdateDate>2016-06-28 07:02:43</PriceUpdateDate><ItemCode>7290000482873</ItemCode><ItemType>1</ItemType><ItemName>ג'נסן וופל טוסט 250</ItemName><ManufacturerName>ק.א.שוקולד</ManufacturerName><ManufactureCountry>הולנד</ManufactureCountry><ManufacturerItemDescription>וופל בלגי 12 יח250-גר</ManufacturerItemDescription><SoldByWeight/><Quantity>250.00</Quantity><UnitOfMeasure>גרם     </UnitOfMeasure><QtyInPackage>לא ידוע</QtyInPackage><UnitOfMeasurePrice>0.0516</UnitOfMeasurePrice><AllowDiscount>1</AllowDiscount><ItemStatus>1</ItemStatus><ItemPrice>12.90</ItemPrice></item><item><PriceUpdateDate>2016-05-01 10:29:13</PriceUpdateDate><ItemCode>7290000482910</ItemCode><ItemType>1</ItemType><ItemName>סוכריות וורטר'ס אורי</ItemName><ManufacturerName>וורטרס אורגינל-שטורק</ManufacturerName><ManufactureCountry>גרמניה</ManufactureCountry><ManufacturerItemDescription>גליליות וופל    ז/קקא150</ManufacturerItemDescription><SoldByWeight/><Quantity>80.00</Quantity><UnitOfMeasure>גרם     </UnitOfMeasure><QtyInPackage>לא ידוע</QtyInPackage><UnitOfMeasurePrice>0.1525</UnitOfMeasurePrice><AllowDiscount>1</AllowDiscount><ItemStatus>1</ItemStatus><ItemPrice>12.20</ItemPrice></item><item><PriceUpdateDate>2016-08-02 09:29:17</PriceUpdateDate><ItemCode>7290000483115</ItemCode><ItemType>1</ItemType><ItemName>מב אלפרו מעדן סויה ש</ItemName><ManufacturerName>אלפרו</ManufacturerName><ManufactureCountry>בלגיה</ManufactureCountry><ManufacturerItemDescription>מעדן סויה 4יח'  ולד125X4</ManufacturerItemDescription><SoldByWeight/><Quantity>500.00</Quantity><UnitOfMeasure>מ"ל</UnitOfMeasure><QtyInPackage>לא ידוע</QtyInPackage><UnitOfMeasurePrice>0.0318</UnitOfMeasurePrice><AllowDiscount>1</AllowDiscount><ItemStatus>1</ItemStatus><ItemPrice>15.90</ItemPrice></item><item><PriceUpdateDate>2016-05-31 06:14:46</PriceUpdateDate><ItemCode>7290000483344</ItemCode><ItemType>1</ItemType><ItemName>שוופס פרוט תפוחים 1.</ItemName><ManufacturerName>שוופס</ManufacturerName><ManufactureCountry>ישראל</ManufactureCountry><ManufacturerItemDescription>שוופס פירות תפוחים 1.5 לי</ManufacturerItemDescription><SoldByWeight/><Quantity>1500.00</Quantity><UnitOfMeasure>מ"ל</UnitOfMeasure><QtyInPackage>לא ידוע</QtyInPackage><UnitOfMeasurePrice>0.0053</UnitOfMeasurePrice><AllowDiscount>1</AllowDiscount><ItemStatus>1</ItemStatus><ItemPrice>7.90</ItemPrice></item><item><PriceUpdateDate>2016-08-02 09:29:17</PriceUpdateDate><ItemCode>7290000483443</ItemCode><ItemType>1</ItemType><ItemName>לחמית אגוזים 160 גרם</ItemName><ManufacturerName>לחמית</ManufacturerName><ManufactureCountry>ישראל</ManufactureCountry><ManufacturerItemDescription>לחמית אגוזים 160 גרם</ManufacturerItemDescription><SoldByWeight/><Quantity>160.00</Quantity><UnitOfMeasure>גרם     </UnitOfMeasure><QtyInPackage>לא ידוע</QtyInPackage><UnitOfMeasurePrice>0.0762</UnitOfMeasurePrice><AllowDiscount>1</AllowDiscount><ItemStatus>1</ItemStatus><ItemPrice>12.20</ItemPrice></item><item><PriceUpdateDate>2016-08-02 09:29:17</PriceUpdateDate><ItemCode>7290000483573</ItemCode><ItemType>1</ItemType><ItemName>בייגלה טבעות שומשום</ItemName><ManufacturerName>מאיר את בייגל</ManufacturerName><ManufactureCountry>ישראל</ManufactureCountry><ManufacturerItemDescription>בייגלה טבעות שומשום</ManufacturerItemDescription><SoldByWeight/><Quantity>330.00</Quantity><UnitOfMeasure>גרם     </UnitOfMeasure><QtyInPackage>לא ידוע</QtyInPackage><UnitOfMeasurePrice>0.0330</UnitOfMeasurePrice><AllowDiscount>0</AllowDiscount><ItemStatus>1</ItemStatus><ItemPrice>10.90</ItemPrice></item><item><PriceUpdateDate>2016-06-28 07:02:43</PriceUpdateDate><ItemCode>7290000483634</ItemCode><ItemType>1</ItemType><ItemName>עוגיות מיני מרוקאיות</ItemName><ManufacturerName>אחווה</ManufacturerName><ManufactureCountry>ישראל</ManufactureCountry><ManufacturerItemDescription>עוגיות מיני מרוקאיות</ManufacturerItemDescription><SoldByWeight/><Quantity>500.00</Quantity><UnitOfMeasure>גרם     </UnitOfMeasure><QtyInPackage>לא ידוע</QtyInPackage><UnitOfMeasurePrice>0.0318</UnitOfMeasurePrice><AllowDiscount>1</AllowDiscount><ItemStatus>1</ItemStatus><ItemPrice>15.90</ItemPrice></item><item><PriceUpdateDate>2016-05-01 10:29:16</PriceUpdateDate><ItemCode>7290000484037</ItemCode><ItemType>1</ItemType><ItemName>נסטי בטעם לימון 1.5</ItemName><ManufacturerName>נסטי</ManufacturerName><ManufactureCountry>ישראל</ManufactureCountry><ManufacturerItemDescription>נסטי בטעם לימון 1.5</ManufacturerItemDescription><SoldByWeight/><Quantity>1500.00</Quantity><UnitOfMeasure>מ"ל</UnitOfMeasure><QtyInPackage>לא ידוע</QtyInPackage><UnitOfMeasurePrice>0.0054</UnitOfMeasurePrice><AllowDiscount>1</AllowDiscount><ItemStatus>1</ItemStatus><ItemPrice>8.10</ItemPrice></item><item><PriceUpdateDate>2016-05-01 10:29:17</PriceUpdateDate><ItemCode>7290000484433</ItemCode><ItemType>1</ItemType><ItemName>רבע לשבע קרם אגוזים</ItemName><ManufacturerName>עלית</ManufacturerName><ManufactureCountry>ישראל</ManufactureCountry><ManufacturerItemDescription>רבע לשבע בדצ 160 גרם</ManufacturerItemDescription><SoldByWeight/><Quantity>160.00</Quantity><UnitOfMeasure>גרם     </UnitOfMeasure><QtyInPackage>לא ידוע</QtyInPackage><UnitOfMeasurePrice>0.0869</UnitOfMeasurePrice><AllowDiscount>1</AllowDiscount><ItemStatus>1</ItemStatus><ItemPrice>13.90</ItemPrice></item><item><PriceUpdateDate>2015-08-09 11:08:54</PriceUpdateDate><ItemCode>7290000484434</ItemCode><ItemType>1</ItemType><ItemName>אסם תערובת להכנת לטק</ItemName><ManufacturerName>לא ממותג</ManufacturerName><ManufactureCountry>ישראל</ManufactureCountry><ManufacturerItemDescription>תערובת להכנת לטקס 170 גרם</ManufacturerItemDescription><SoldByWeight/><Quantity>170.00</Quantity><UnitOfMeasure>גרם     </UnitOfMeasure><QtyInPackage>לא ידוע</QtyInPackage><UnitOfMeasurePrice>0.0853</UnitOfMeasurePrice><AllowDiscount>1</AllowDiscount><ItemStatus>1</ItemStatus><ItemPrice>14.50</ItemPrice></item><item><PriceUpdateDate>2016-05-01 06:44:10</PriceUpdateDate><ItemCode>7290000484525</ItemCode><ItemType>1</ItemType><ItemName>עלית הארק לוקס 750 מ</ItemName><ManufacturerName>לא ממותג</ManufacturerName><ManufactureCountry>ישראל</ManufactureCountry><ManufacturerItemDescription>עלית הארק 750 40% מל</ManufacturerItemDescription><SoldByWeight/><Quantity>750.00</Quantity><UnitOfMeasure>מ"ל</UnitOfMeasure><QtyInPackage>לא ידוע</QtyInPackage><UnitOfMeasurePrice>0.0799</UnitOfMeasurePrice><AllowDiscount>1</AllowDiscount><ItemStatus>1</ItemStatus><ItemPrice>59.90</ItemPrice></item><item><PriceUpdateDate>2016-08-02 09:29:17</PriceUpdateDate><ItemCode>7290000484723</ItemCode><ItemType>1</ItemType><ItemName>מארז חטיף אפרופו קלא</ItemName><ManufacturerName>אפרופו</ManufacturerName><ManufactureCountry>ישראל</ManufactureCountry><ManufacturerItemDescription>מארז חטיף אפרופו קלא</ManufacturerItemDescription><SoldByWeight/><Quantity>25.00</Quantity><UnitOfMeasure>גרם     </UnitOfMeasure><QtyInPackage>לא ידוע</QtyInPackage><UnitOfMeasurePrice>0.6440</UnitOfMeasurePrice><AllowDiscount>1</AllowDiscount><ItemStatus>1</ItemStatus><ItemPrice>16.10</ItemPrice></item><item><PriceUpdateDate>2015-10-11 06:43:31</PriceUpdateDate><ItemCode>7290000484808</ItemCode><ItemType>1</ItemType><ItemName>מנה פריכיות אורז עם</ItemName><ManufacturerName>מנה</ManufacturerName><ManufactureCountry>ישראל</ManufactureCountry><ManufacturerItemDescription>פריכונים אורז עם מלח100 ג</ManufacturerItemDescription><SoldByWeight/><Quantity>100.00</Quantity><UnitOfMeasure>גרם     </UnitOfMeasure><QtyInPackage>לא ידוע</QtyInPackage><UnitOfMeasurePrice>0.0720</UnitOfMeasurePrice><AllowDiscount>1</AllowDiscount><ItemStatus>1</ItemStatus><ItemPrice>7.20</ItemPrice></item><item><PriceUpdateDate>2016-08-07 20:02:44</PriceUpdateDate><ItemCode>7290000484822</ItemCode><ItemType>1</ItemType><ItemName>עוגיות אוראו 66 גרם</ItemName><ManufacturerName>לא ממותג</ManufacturerName><ManufactureCountry>ישראל</ManufactureCountry><ManufacturerItemDescription>עוגיות אוראו 66 גרם</ManufacturerItemDescription><SoldByWeight/><Quantity>66.00</Quantity><UnitOfMeasure>גרם     </UnitOfMeasure><QtyInPackage>לא ידוע</QtyInPackage><UnitOfMeasurePrice>0.0712</UnitOfMeasurePrice><AllowDiscount>1</AllowDiscount><ItemStatus>1</ItemStatus><ItemPrice>4.70</ItemPrice></item><item><PriceUpdateDate>2016-05-01 10:29:18</PriceUpdateDate><ItemCode>7290000484938</ItemCode><ItemType>1</ItemType><ItemName>כיף כף מקלות קלאסי 4</ItemName><ManufacturerName>עלית</ManufacturerName><ManufactureCountry>ישראל</ManufactureCountry><ManufacturerItemDescription>מקלות כיף כף קלאסי 40 גרם</ManufacturerItemDescription><SoldByWeight/><Quantity>40.00</Quantity><UnitOfMeasure>גרם     </UnitOfMeasure><QtyInPackage>לא ידוע</QtyInPackage><UnitOfMeasurePrice>0.1375</UnitOfMeasurePrice><AllowDiscount>1</AllowDiscount><ItemStatus>1</ItemStatus><ItemPrice>5.50</ItemPrice></item><item><PriceUpdateDate>2016-05-01 10:29:19</PriceUpdateDate><ItemCode>7290000485430</ItemCode><ItemType>1</ItemType><ItemName>עוגיות מרבה חמאה ללת</ItemName><ManufacturerName>מרבה</ManufacturerName><ManufactureCountry>גרמניה</ManufactureCountry><ManufacturerItemDescription>משחת אלמקס      ור 75מ"ל</ManufacturerItemDescription><SoldByWeight/><Quantity>200.00</Quantity><UnitOfMeasure>גרם     </UnitOfMeasure><QtyInPackage>לא ידוע</QtyInPackage><UnitOfMeasurePrice>0.0845</UnitOfMeasurePrice><AllowDiscount>1</AllowDiscount><ItemStatus>1</ItemStatus><ItemPrice>16.90</ItemPrice></item><item><PriceUpdateDate>2016-08-10 06:57:37</PriceUpdateDate><ItemCode>7290000485478</ItemCode><ItemType>1</ItemType><ItemName>קלוגס קורנפלקס 750 ג</ItemName><ManufacturerName>קלוגס קורנפלקס</ManufacturerName><ManufactureCountry>גרמניה</ManufactureCountry><ManufacturerItemDescription>קורנפלקס קלוגס 750 גר</ManufacturerItemDescription><SoldByWeight/><Quantity>750.00</Quantity><UnitOfMeasure>גרם     </UnitOfMeasure><QtyInPackage>לא ידוע</QtyInPackage><UnitOfMeasurePrice>0.0252</UnitOfMeasurePrice><AllowDiscount>1</AllowDiscount><ItemStatus>1</ItemStatus><ItemPrice>18.90</ItemPrice></item><item><PriceUpdateDate>2016-08-02 09:29:17</PriceUpdateDate><ItemCode>7290000485617</ItemCode><ItemType>1</ItemType><ItemName>חומוס סוגת 500 גרם</ItemName><ManufacturerName>סוגת</ManufacturerName><ManufactureCountry>ישראל</ManufactureCountry><ManufacturerItemDescription>חומוס 500 גרם</ManufacturerItemDescription><SoldByWeight/><Quantity>500.00</Quantity><UnitOfMeasure>גרם     </UnitOfMeasure><QtyInPackage>לא ידוע</QtyInPackage><UnitOfMeasurePrice>0.0198</UnitOfMeasurePrice><AllowDiscount>1</AllowDiscount><ItemStatus>1</ItemStatus><ItemPrice>9.90</ItemPrice></item><item><PriceUpdateDate>2016-08-02 09:29:17</PriceUpdateDate><ItemCode>7290000485645</ItemCode><ItemType>1</ItemType><ItemName>גרישה 500 גרם</ItemName><ManufacturerName>סוגת</ManufacturerName><ManufactureCountry>ישראל</ManufactureCountry><ManufacturerItemDescription>גרישה 500 גרם</ManufacturerItemDescription><SoldByWeight/><Quantity>500.00</Quantity><UnitOfMeasure>גרם     </UnitOfMeasure><QtyInPackage>לא ידוע</QtyInPackage><UnitOfMeasurePrice>0.0144</UnitOfMeasurePrice><AllowDiscount>1</AllowDiscount><ItemStatus>1</ItemStatus><ItemPrice>7.20</ItemPrice></item><item><PriceUpdateDate>2015-11-10 07:31:02</PriceUpdateDate><ItemCode>7290000485812</ItemCode><ItemType>1</ItemType><ItemName>פופקורן סוגת 500 גרם</ItemName><ManufacturerName>סוגת</ManufacturerName><ManufactureCountry>ישראל</ManufactureCountry><ManufacturerItemDescription>פופקורן 500 גרם</ManufacturerItemDescription><SoldByWeight/><Quantity>500.00</Quantity><UnitOfMeasure>גרם     </UnitOfMeasure><QtyInPackage>לא ידוע</QtyInPackage><UnitOfMeasurePrice>0.0156</UnitOfMeasurePrice><AllowDiscount>1</AllowDiscount><ItemStatus>1</ItemStatus><ItemPrice>7.80</ItemPrice></item><item><PriceUpdateDate>2015-11-10 07:31:02</PriceUpdateDate><ItemCode>7290000485980</ItemCode><ItemType>1</ItemType><ItemName>חטיפי שומשום 380 גרם</ItemName><ManufacturerName>אטיאס</ManufacturerName><ManufactureCountry>ישראל</ManufactureCountry><ManufacturerItemDescription>חטיפי שומשום 380 גרם</ManufacturerItemDescription><SoldByWeight/><Quantity>380.00</Quantity><UnitOfMeasure>גרם     </UnitOfMeasure><QtyInPackage>לא ידוע</QtyInPackage><UnitOfMeasurePrice>0.0526</UnitOfMeasurePrice><AllowDiscount>1</AllowDiscount><ItemStatus>1</ItemStatus><ItemPrice>20.00</ItemPrice></item><item><PriceUpdateDate>2016-05-09 13:35:07</PriceUpdateDate><ItemCode>7290000486024</ItemCode><ItemType>1</ItemType><ItemName>קוסקוס בינוני סוגת 3</ItemName><ManufacturerName>סוגת</ManufacturerName><ManufactureCountry>ישראל</ManufactureCountry><ManufacturerItemDescription>קוסקוס בינוני סוגת 3</ManufacturerItemDescription><SoldByWeight/><Quantity>350.00</Quantity><UnitOfMeasure>גרם     </UnitOfMeasure><QtyInPackage>לא ידוע</QtyInPackage><UnitOfMeasurePrice>0.0197</UnitOfMeasurePrice><AllowDiscount>1</AllowDiscount><ItemStatus>1</ItemStatus><ItemPrice>6.90</ItemPrice></item><item><PriceUpdateDate>2016-05-01 10:29:22</PriceUpdateDate><ItemCode>7290000486321</ItemCode><ItemType>1</ItemType><ItemName>עוגיות תירוש 175 גרם</ItemName><ManufacturerName>הדר</ManufacturerName><ManufactureCountry>ישראל</ManufactureCountry><ManufacturerItemDescription>עוגיות תירוש175 גר</ManufacturerItemDescription><SoldByWeight/><Quantity>175.00</Quantity><UnitOfMeasure>גרם     </UnitOfMeasure><QtyInPackage>לא ידוע</QtyInPackage><UnitOfMeasurePrice>0.0520</UnitOfMeasurePrice><AllowDiscount>1</AllowDiscount><ItemStatus>1</ItemStatus><ItemPrice>9.10</ItemPrice></item><item><PriceUpdateDate>2015-10-11 06:43:32</PriceUpdateDate><ItemCode>7290000486482</ItemCode><ItemType>1</ItemType><ItemName>חטיף צ'יפסי בטעם מקס</ItemName><ManufacturerName>ציפסי</ManufacturerName><ManufactureCountry>ישראל</ManufactureCountry><ManufacturerItemDescription>חטיף ציפסי בטעם מקסיקני 5</ManufacturerItemDescription><SoldByWeight/><Quantity>50.00</Quantity><UnitOfMeasure>גרם     </UnitOfMeasure><QtyInPackage>לא ידוע</QtyInPackage><UnitOfMeasurePrice>0.0760</UnitOfMeasurePrice><AllowDiscount>1</AllowDiscount><ItemStatus>1</ItemStatus><ItemPrice>3.80</ItemPrice></item><item><PriceUpdateDate>2016-05-01 10:29:23</PriceUpdateDate><ItemCode>7290000486604</ItemCode><ItemType>1</ItemType><ItemName>מולטי צ'יריוס 565 גר</ItemName><ManufacturerName>נסטלה</ManufacturerName><ManufactureCountry>ישראל</ManufactureCountry><ManufacturerItemDescription>מולטי צ'יריוס 565 גר</ManufacturerItemDescription><SoldByWeight/><Quantity>565.00</Quantity><UnitOfMeasure>גרם     </UnitOfMeasure><QtyInPackage>לא ידוע</QtyInPackage><UnitOfMeasurePrice>0.0485</UnitOfMeasurePrice><AllowDiscount>1</AllowDiscount><ItemStatus>1</ItemStatus><ItemPrice>27.40</ItemPrice></item><item><PriceUpdateDate>2016-06-28 07:02:44</PriceUpdateDate><ItemCode>7290000486697</ItemCode><ItemType>1</ItemType><ItemName>פתיבר קלאסי 500 גרם</ItemName><ManufacturerName>עלית</ManufacturerName><ManufactureCountry>ישראל</ManufactureCountry><ManufacturerItemDescription>פתיבר קלאסי 500 גרם</ManufacturerItemDescription><SoldByWeight/><Quantity>500.00</Quantity><UnitOfMeasure>גרם     </UnitOfMeasure><QtyInPackage>לא ידוע</QtyInPackage><UnitOfMeasurePrice>0.0238</UnitOfMeasurePrice><AllowDiscount>1</AllowDiscount><ItemStatus>1</ItemStatus><ItemPrice>11.90</ItemPrice></item><item><PriceUpdateDate>2016-05-31 06:14:48</PriceUpdateDate><ItemCode>7290000486796</ItemCode><ItemType>1</ItemType><ItemName>שוופס RUSSCHIAN 1.5</ItemName><ManufacturerName>שוופס</ManufacturerName><ManufactureCountry>ישראל</ManufactureCountry><ManufacturerItemDescription>שוופס 1.5 RUSSCHIAN ליטר</ManufacturerItemDescription><SoldByWeight/><Quantity>1500.00</Quantity><UnitOfMeasure>מ"ל</UnitOfMeasure><QtyInPackage>לא ידוע</QtyInPackage><UnitOfMeasurePrice>0.0073</UnitOfMeasurePrice><AllowDiscount>1</AllowDiscount><ItemStatus>1</ItemStatus><ItemPrice>10.90</ItemPrice></item><item><PriceUpdateDate>2016-02-16 17:36:40</PriceUpdateDate><ItemCode>7290000486864</ItemCode><ItemType>1</ItemType><ItemName>שמן זיתולה עץ הזית 7</ItemName><ManufacturerName>עץ הזית</ManufacturerName><ManufactureCountry>ישראל</ManufactureCountry><ManufacturerItemDescription>שמן זיתולה עץ הזית 750 מל</ManufacturerItemDescription><SoldByWeight/><Quantity>750.00</Quantity><UnitOfMeasure>מ"ל</UnitOfMeasure><QtyInPackage>לא ידוע</QtyInPackage><UnitOfMeasurePrice>0.0332</UnitOfMeasurePrice><AllowDiscount>1</AllowDiscount><ItemStatus>1</ItemStatus><ItemPrice>24.90</ItemPrice></item><item><PriceUpdateDate>2016-03-01 06:59:48</PriceUpdateDate><ItemCode>7290000486888</ItemCode><ItemType>1</ItemType><ItemName>תירס קיד A2 600 גרם</ItemName><ManufacturerName>לא ממותג</ManufacturerName><ManufactureCountry>ישראל</ManufactureCountry><ManufacturerItemDescription>תירס קיד A2 600 גרם</ManufacturerItemDescription><SoldByWeight/><Quantity>335.00</Quantity><UnitOfMeasure>גרם     </UnitOfMeasure><QtyInPackage>לא ידוע</QtyInPackage><UnitOfMeasurePrice>0.0281</UnitOfMeasurePrice><AllowDiscount>1</AllowDiscount><ItemStatus>1</ItemStatus><ItemPrice>9.40</ItemPrice></item><item><PriceUpdateDate>2016-05-01 10:29:24</PriceUpdateDate><ItemCode>7290000486994</ItemCode><ItemType>1</ItemType><ItemName>חטיף טוויקס 50 גרם</ItemName><ManufacturerName>לא ממותג</ManufacturerName><ManufactureCountry>הולנד</ManufactureCountry><ManufacturerItemDescription>חטיף טוויקס     רם</ManufacturerItemDescription><SoldByWeight/><Quantity>50.00</Quantity><UnitOfMeasure>גרם     </UnitOfMeasure><QtyInPackage>לא ידוע</QtyInPackage><UnitOfMeasurePrice>0.1180</UnitOfMeasurePrice><AllowDiscount>0</AllowDiscount><ItemStatus>1</ItemStatus><ItemPrice>5.90</ItemPrice></item><item><PriceUpdateDate>2016-08-02 09:29:18</PriceUpdateDate><ItemCode>7290000487014</ItemCode><ItemType>1</ItemType><ItemName>מב מים סן בנדטו שישי</ItemName><ManufacturerName>לא ממותג</ManufacturerName><ManufactureCountry>ישראל</ManufactureCountry><ManufacturerItemDescription>שישית סן בנדטו מוגז עדין</ManufacturerItemDescription><SoldByWeight/><Quantity>3000.00</Quantity><UnitOfMeasure>מ"ל</UnitOfMeasure><QtyInPackage>לא ידוע</QtyInPackage><UnitOfMeasurePrice>0.0046</UnitOfMeasurePrice><AllowDiscount>1</AllowDiscount><ItemStatus>1</ItemStatus><ItemPrice>13.90</ItemPrice></item><item><PriceUpdateDate>2015-10-19 10:39:59</PriceUpdateDate><ItemCode>7290000487083</ItemCode><ItemType>1</ItemType><ItemName>ערמונים קלופים וקלוי</ItemName><ManufacturerName>לא ממותג</ManufacturerName><ManufactureCountry>ישראל</ManufactureCountry><ManufacturerItemDescription>ערמונים קלופים וקלוי</ManufacturerItemDescription><SoldByWeight/><Quantity>100.00</Quantity><UnitOfMeasure>גרם     </UnitOfMeasure><QtyInPackage>לא ידוע</QtyInPackage><UnitOfMeasurePrice>0.0870</UnitOfMeasurePrice><AllowDiscount>1</AllowDiscount><ItemStatus>1</ItemStatus><ItemPrice>8.70</ItemPrice></item><item><PriceUpdateDate>2016-05-01 10:29:24</PriceUpdateDate><ItemCode>7290000487236</ItemCode><ItemType>1</ItemType><ItemName>צ'ריוס שיבולת שועל 3</ItemName><ManufacturerName>לא ממותג</ManufacturerName><ManufactureCountry>ישראל</ManufactureCountry><ManufacturerItemDescription>צ'ריוס שיבולת שועל 3</ManufacturerItemDescription><SoldByWeight/><Quantity>340.00</Quantity><UnitOfMeasure>גרם     </UnitOfMeasure><QtyInPackage>לא ידוע</QtyInPackage><UnitOfMeasurePrice>0.0597</UnitOfMeasurePrice><AllowDiscount>1</AllowDiscount><ItemStatus>1</ItemStatus><ItemPrice>20.30</ItemPrice></item><item><PriceUpdateDate>2016-08-02 09:29:18</PriceUpdateDate><ItemCode>7290000487243</ItemCode><ItemType>1</ItemType><ItemName>מארז חטיף במבה 10*25</ItemName><ManufacturerName>במבה</ManufacturerName><ManufactureCountry>ישראל</ManufactureCountry><ManufacturerItemDescription>מארז חטיף במבה 10*25</ManufacturerItemDescription><SoldByWeight/><Quantity>250.00</Quantity><UnitOfMeasure>גרם     </UnitOfMeasure><QtyInPackage>לא ידוע</QtyInPackage><UnitOfMeasurePrice>0.0716</UnitOfMeasurePrice><AllowDiscount>1</AllowDiscount><ItemStatus>1</ItemStatus><ItemPrice>17.90</ItemPrice></item><item><PriceUpdateDate>2016-05-01 10:29:26</PriceUpdateDate><ItemCode>7290000487595</ItemCode><ItemType>1</ItemType><ItemName>מסטיק FIVE  בטעם אבט</ItemName><ManufacturerName>FIVE</ManufacturerName><ManufactureCountry>צרפת</ManufactureCountry><ManufacturerItemDescription>מסטיק פייב אסנשיאל אבטיח</ManufacturerItemDescription><SoldByWeight/><Quantity>19.00</Quantity><UnitOfMeasure>גרם     </UnitOfMeasure><QtyInPackage>לא ידוע</QtyInPackage><UnitOfMeasurePrice>0.2632</UnitOfMeasurePrice><AllowDiscount>1</AllowDiscount><ItemStatus>1</ItemStatus><ItemPrice>5.00</ItemPrice></item><item><PriceUpdateDate>2016-08-02 09:29:41</PriceUpdateDate><ItemCode>7290000497044</ItemCode><ItemType>1</ItemType><ItemName>לחם ברמן אקטיב 750 ג</ItemName><ManufacturerName>מאפיית ברמן</ManufacturerName><ManufactureCountry>ישראל</ManufactureCountry><ManufacturerItemDescription>לחם ברמן אקטיב</ManufacturerItemDescription><SoldByWeight/><Quantity>750.00</Quantity><UnitOfMeasure>גרם     </UnitOfMeasure><QtyInPackage>לא ידוע</QtyInPackage><UnitOfMeasurePrice>0.0225</UnitOfMeasurePrice><AllowDiscount>1</AllowDiscount><ItemStatus>1</ItemStatus><ItemPrice>16.90</ItemPrice></item><item><PriceUpdateDate>2016-05-20 06:39:46</PriceUpdateDate><ItemCode>7290000497112</ItemCode><ItemType>1</ItemType><ItemName>לחם אחיד כהה פרוס 75</ItemName><ManufacturerName>מאפית ברמן</ManufacturerName><ManufactureCountry>ישראל</ManufactureCountry><ManufacturerItemDescription>לחם אחיד כהה פרוס 75</ManufacturerItemDescription><SoldByWeight/><Quantity>750.00</Quantity><UnitOfMeasure>גרם     </UnitOfMeasure><QtyInPackage>לא ידוע</QtyInPackage><UnitOfMeasurePrice>0.0091</UnitOfMeasurePrice><AllowDiscount>1</AllowDiscount><ItemStatus>1</ItemStatus><ItemPrice>6.79</ItemPrice></item><item><PriceUpdateDate>2016-08-07 20:04:28</PriceUpdateDate><ItemCode>7290000497204</ItemCode><ItemType>1</ItemType><ItemName>פיתות 5 יחידות</ItemName><ManufacturerName>מאפיית ברמן</ManufacturerName><ManufactureCountry>ישראל</ManufactureCountry><ManufacturerItemDescription>פיתות 5 יחידות</ManufacturerItemDescription><SoldByWeight/><Quantity>500.00</Quantity><UnitOfMeasure>גרם     </UnitOfMeasure><QtyInPackage>לא ידוע</QtyInPackage><UnitOfMeasurePrice>0.0158</UnitOfMeasurePrice><AllowDiscount>1</AllowDiscount><ItemStatus>1</ItemStatus><ItemPrice>7.90</ItemPrice></item><item><PriceUpdateDate>2016-08-02 09:29:41</PriceUpdateDate><ItemCode>7290000497228</ItemCode><ItemType>1</ItemType><ItemName>מב לחמניות רגילות 6</ItemName><ManufacturerName>מאפית ברמן</ManufacturerName><ManufactureCountry>ישראל</ManufactureCountry><ManufacturerItemDescription>מב לחמניות רגילות 6</ManufacturerItemDescription><SoldByWeight/><Quantity>450.00</Quantity><UnitOfMeasure>גרם     </UnitOfMeasure><QtyInPackage>לא ידוע</QtyInPackage><UnitOfMeasurePrice>0.0198</UnitOfMeasurePrice><AllowDiscount>1</AllowDiscount><ItemStatus>1</ItemStatus><ItemPrice>8.90</ItemPrice></item><item><PriceUpdateDate>2016-08-02 09:29:41</PriceUpdateDate><ItemCode>7290000497303</ItemCode><ItemType>1</ItemType><ItemName>מב לחמניות מקמח מלא</ItemName><ManufacturerName>מאפית ברמן</ManufacturerName><ManufactureCountry>ישראל</ManufactureCountry><ManufacturerItemDescription>מב לחמניות מקמח מלא</ManufacturerItemDescription><SoldByWeight/><Quantity>450.00</Quantity><UnitOfMeasure>גרם     </UnitOfMeasure><QtyInPackage>לא ידוע</QtyInPackage><UnitOfMeasurePrice>0.0198</UnitOfMeasurePrice><AllowDiscount>1</AllowDiscount><ItemStatus>1</ItemStatus><ItemPrice>8.90</ItemPrice></item><item><PriceUpdateDate>2016-05-31 06:15:51</PriceUpdateDate><ItemCode>7290000497426</ItemCode><ItemType>1</ItemType><ItemName>לחם ברמן קל לענין פר</ItemName><ManufacturerName>מאפיית ברמן</ManufacturerName><ManufactureCountry>ישראל</ManufactureCountry><ManufacturerItemDescription>לחם ברמן קל לענין פר</ManufacturerItemDescription><SoldByWeight/><Quantity>500.00</Quantity><UnitOfMeasure>גרם     </UnitOfMeasure><QtyInPackage>לא ידוע</QtyInPackage><UnitOfMeasurePrice>0.0278</UnitOfMeasurePrice><AllowDiscount>1</AllowDiscount><ItemStatus>1</ItemStatus><ItemPrice>13.90</ItemPrice></item><item><PriceUpdateDate>2016-08-02 09:29:41</PriceUpdateDate><ItemCode>7290000497457</ItemCode><ItemType>1</ItemType><ItemName>לחם דגנים 750 גרם</ItemName><ManufacturerName>מאפית ברמן</ManufacturerName><ManufactureCountry>ישראל</ManufactureCountry><ManufacturerItemDescription>לחם דגנים 750 גרם</ManufacturerItemDescription><SoldByWeight/><Quantity>750.00</Quantity><UnitOfMeasure>גרם     </UnitOfMeasure><QtyInPackage>לא ידוע</QtyInPackage><UnitOfMeasurePrice>0.0225</UnitOfMeasurePrice><AllowDiscount>1</AllowDiscount><ItemStatus>1</ItemStatus><ItemPrice>16.90</ItemPrice></item><item><PriceUpdateDate>2016-05-01 10:31:37</PriceUpdateDate><ItemCode>7290000497488</ItemCode><ItemType>1</ItemType><ItemName>חלה קלה</ItemName><ManufacturerName>מאפית ברמן</ManufacturerName><ManufactureCountry>ישראל</ManufactureCountry><ManufacturerItemDescription>חלה קלה</ManufacturerItemDescription><SoldByWeight/><Quantity>500.00</Quantity><UnitOfMeasure>גרם     </UnitOfMeasure><QtyInPackage>לא ידוע</QtyInPackage><UnitOfMeasurePrice>0.0364</UnitOfMeasurePrice><AllowDiscount>1</AllowDiscount><ItemStatus>1</ItemStatus><ItemPrice>18.20</ItemPrice></item><item><PriceUpdateDate>2016-08-02 09:29:41</PriceUpdateDate><ItemCode>7290000497532</ItemCode><ItemType>1</ItemType><ItemName>מב לחם ברמן לענין 75</ItemName><ManufacturerName>מאפיית ברמן</ManufacturerName><ManufactureCountry>ישראל</ManufactureCountry><ManufacturerItemDescription>מב לחם ברמן לענין 75</ManufacturerItemDescription><SoldByWeight/><Quantity>750.00</Quantity><UnitOfMeasure>גרם     </UnitOfMeasure><QtyInPackage>לא ידוע</QtyInPackage><UnitOfMeasurePrice>0.0159</UnitOfMeasurePrice><AllowDiscount>1</AllowDiscount><ItemStatus>1</ItemStatus><ItemPrice>11.90</ItemPrice></item><item><PriceUpdateDate>2016-08-02 09:29:41</PriceUpdateDate><ItemCode>7290000497570</ItemCode><ItemType>1</ItemType><ItemName>לחם דגני קלות 500 גר</ItemName><ManufacturerName>מאפית ברמן</ManufacturerName><ManufactureCountry>ישראל</ManufactureCountry><ManufacturerItemDescription>לחם דגני קלות 500 גר</ManufacturerItemDescription><SoldByWeight/><Quantity>500.00</Quantity><UnitOfMeasure>גרם     </UnitOfMeasure><QtyInPackage>לא ידוע</QtyInPackage><UnitOfMeasurePrice>0.0318</UnitOfMeasurePrice><AllowDiscount>1</AllowDiscount><ItemStatus>1</ItemStatus><ItemPrice>15.90</ItemPrice></item><item><PriceUpdateDate>2016-05-01 06:10:58</PriceUpdateDate><ItemCode>7290000506111</ItemCode><ItemType>1</ItemType><ItemName>חזרת לבנה/אדומה 400</ItemName><ManufacturerName>פיאו</ManufacturerName><ManufactureCountry>ישראל</ManufactureCountry><ManufacturerItemDescription>חזרת אדומה400 גר</ManufacturerItemDescription><SoldByWeight/><Quantity>400.00</Quantity><UnitOfMeasure>גרם     </UnitOfMeasure><QtyInPackage>לא ידוע</QtyInPackage><UnitOfMeasurePrice>0.0405</UnitOfMeasurePrice><AllowDiscount>1</AllowDiscount><ItemStatus>1</ItemStatus><ItemPrice>16.20</ItemPrice></item><item><PriceUpdateDate>2015-01-27 10:35:35</PriceUpdateDate><ItemCode>7290000518152</ItemCode><ItemType>1</ItemType><ItemName>מתוק וקל זהב</ItemName><ManufacturerName>סוכרה דיאט</ManufacturerName><ManufactureCountry>ישראל</ManufactureCountry><ManufacturerItemDescription>מתוק וקל זהב</ManufacturerItemDescription><SoldByWeight/><Quantity>0.00</Quantity><UnitOfMeasure>יח'</UnitOfMeasure><QtyInPackage>לא ידוע</QtyInPackage><UnitOfMeasurePrice>0.0000</UnitOfMeasurePrice><AllowDiscount>1</AllowDiscount><ItemStatus>1</ItemStatus><ItemPrice>6.60</ItemPrice></item><item><PriceUpdateDate>2016-08-02 09:29:41</PriceUpdateDate><ItemCode>7290000521367</ItemCode><ItemType>1</ItemType><ItemName>יין זני סגל מרלו 750</ItemName><ManufacturerName>סגל</ManufacturerName><ManufactureCountry>ישראל</ManufactureCountry><ManufacturerItemDescription>יין מרלו סגל 750  מל</ManufacturerItemDescription><SoldByWeight/><Quantity>750.00</Quantity><UnitOfMeasure>מ"ל</UnitOfMeasure><QtyInPackage>לא ידוע</QtyInPackage><UnitOfMeasurePrice>0.0376</UnitOfMeasurePrice><AllowDiscount>1</AllowDiscount><ItemStatus>1</ItemStatus><ItemPrice>28.20</ItemPrice></item><item><PriceUpdateDate>2016-08-02 09:29:41</PriceUpdateDate><ItemCode>7290000521381</ItemCode><ItemType>1</ItemType><ItemName>יין זניסגל מרלו קברנ</ItemName><ManufacturerName>סגל</ManufacturerName><ManufactureCountry>ישראל</ManufactureCountry><ManufacturerItemDescription>יין של סגל מרלו 66% וקברנ</ManufacturerItemDescription><SoldByWeight/><Quantity>750.00</Quantity><UnitOfMeasure>מ"ל</UnitOfMeasure><QtyInPackage>לא ידוע</QtyInPackage><UnitOfMeasurePrice>0.0376</UnitOfMeasurePrice><AllowDiscount>1</AllowDiscount><ItemStatus>1</ItemStatus><ItemPrice>28.20</ItemPrice></item><item><PriceUpdateDate>2015-11-10 07:31:57</PriceUpdateDate><ItemCode>7290000522104</ItemCode><ItemType>1</ItemType><ItemName>חלב עמיד 3% 1 ליטר</ItemName><ManufacturerName>מחלבות רמת הגולן</ManufacturerName><ManufactureCountry>ישראל</ManufactureCountry><ManufacturerItemDescription>חלב עמיד1 ל 3% .קרטון</ManufacturerItemDescription><SoldByWeight/><Quantity>1000.00</Quantity><UnitOfMeasure>מ"ל</UnitOfMeasure><QtyInPackage>לא ידוע</QtyInPackage><UnitOfMeasurePrice>0.0080</UnitOfMeasurePrice><AllowDiscount>1</AllowDiscount><ItemStatus>1</ItemStatus><ItemPrice>8.00</ItemPrice></item><item><PriceUpdateDate>2015-11-10 07:31:57</PriceUpdateDate><ItemCode>7290000522166</ItemCode><ItemType>1</ItemType><ItemName>חלב הרים טהור נטול ל</ItemName><ManufacturerName>מחלבות רמת הגולן</ManufacturerName><ManufactureCountry>ישראל</ManufactureCountry><ManufacturerItemDescription>חלב הרים טהור 3% נטול לקט</ManufacturerItemDescription><SoldByWeight/><Quantity>1.00</Quantity><UnitOfMeasure>ליטר    </UnitOfMeasure><QtyInPackage>לא ידוע</QtyInPackage><UnitOfMeasurePrice>10.9000</UnitOfMeasurePrice><AllowDiscount>1</AllowDiscount><ItemStatus>1</ItemStatus><ItemPrice>10.90</ItemPrice></item><item><PriceUpdateDate>2016-05-31 06:15:51</PriceUpdateDate><ItemCode>7290000523125</ItemCode><ItemType>1</ItemType><ItemName>מלח הארץ ים יבש 250</ItemName><ManufacturerName>מלח הארץ</ManufacturerName><ManufactureCountry>ישראל</ManufactureCountry><ManufacturerItemDescription>מלח ים יבש 250 גר</ManufacturerItemDescription><SoldByWeight/><Quantity>250.00</Quantity><UnitOfMeasure>גרם     </UnitOfMeasure><QtyInPackage>לא ידוע</QtyInPackage><UnitOfMeasurePrice>0.0244</UnitOfMeasurePrice><AllowDiscount>1</AllowDiscount><ItemStatus>1</ItemStatus><ItemPrice>6.10</ItemPrice></item><item><PriceUpdateDate>2016-05-01 06:10:58</PriceUpdateDate><ItemCode>7290000523224</ItemCode><ItemType>1</ItemType><ItemName>מלח הארץ ים יבש 500</ItemName><ManufacturerName>מלח הארץ</ManufacturerName><ManufactureCountry>ישראל</ManufactureCountry><ManufacturerItemDescription>מלח ים יבש 500 גר</ManufacturerItemDescription><SoldByWeight/><Quantity>500.00</Quantity><UnitOfMeasure>גרם     </UnitOfMeasure><QtyInPackage>לא ידוע</QtyInPackage><UnitOfMeasurePrice>0.0162</UnitOfMeasurePrice><AllowDiscount>1</AllowDiscount><ItemStatus>1</ItemStatus><ItemPrice>8.10</ItemPrice></item><item><PriceUpdateDate>2015-01-27 10:35:07</PriceUpdateDate><ItemCode>7290000523521</ItemCode><ItemType>1</ItemType><ItemName>מלח הארץ מועשר ביוד</ItemName><ManufacturerName>מלח הארץ</ManufacturerName><ManufactureCountry>ישראל</ManufactureCountry><ManufacturerItemDescription>מלח הארץ מועשר ביוד</ManufacturerItemDescription><SoldByWeight/><Quantity>250.00</Quantity><UnitOfMeasure>גרם     </UnitOfMeasure><QtyInPackage>לא ידוע</QtyInPackage><UnitOfMeasurePrice>0.0236</UnitOfMeasurePrice><AllowDiscount>1</AllowDiscount><ItemStatus>1</ItemStatus><ItemPrice>5.90</ItemPrice></item><item><PriceUpdateDate>2016-03-29 07:50:51</PriceUpdateDate><ItemCode>7290000525969</ItemCode><ItemType>1</ItemType><ItemName>מיץ סחוט תפוזים 1 לי</ItemName><ManufacturerName>פרימור</ManufacturerName><ManufactureCountry>ישראל</ManufactureCountry><ManufacturerItemDescription>מיץ סחוט תפוזים 1 ל</ManufacturerItemDescription><SoldByWeight/><Quantity>1000.00</Quantity><UnitOfMeasure>מ"ל</UnitOfMeasure><QtyInPackage>לא ידוע</QtyInPackage><UnitOfMeasurePrice>0.0152</UnitOfMeasurePrice><AllowDiscount>1</AllowDiscount><ItemStatus>1</ItemStatus><ItemPrice>15.20</ItemPrice></item><item><PriceUpdateDate>2016-08-02 09:29:42</PriceUpdateDate><ItemCode>7290000531977</ItemCode><ItemType>1</ItemType><ItemName>מב בורקס 800 גרם גבי</ItemName><ManufacturerName>זוגלובק</ManufacturerName><ManufactureCountry>ישראל</ManufactureCountry><ManufacturerItemDescription>בורקס גבינה 800 גרם</ManufacturerItemDescription><SoldByWeight/><Quantity>800.00</Quantity><UnitOfMeasure>גרם     </UnitOfMeasure><QtyInPackage>לא ידוע</QtyInPackage><UnitOfMeasurePrice>0.0211</UnitOfMeasurePrice><AllowDiscount>1</AllowDiscount><ItemStatus>1</ItemStatus><ItemPrice>16.90</ItemPrice></item><item><PriceUpdateDate>2016-08-02 09:29:42</PriceUpdateDate><ItemCode>7290000533353</ItemCode><ItemType>1</ItemType><ItemName>מב בצק עלים זוגלובק</ItemName><ManufacturerName>זוגלובק</ManufacturerName><ManufactureCountry>ישראל</ManufactureCountry><ManufacturerItemDescription>מב בצק עלים זוגלובק</ManufacturerItemDescription><SoldByWeight/><Quantity>1000.00</Quantity><UnitOfMeasure>גרם     </UnitOfMeasure><QtyInPackage>לא ידוע</QtyInPackage><UnitOfMeasurePrice>0.0169</UnitOfMeasurePrice><AllowDiscount>1</AllowDiscount><ItemStatus>1</ItemStatus><ItemPrice>16.90</ItemPrice></item><item><PriceUpdateDate>2016-05-01 10:31:39</PriceUpdateDate><ItemCode>7290000536316</ItemCode><ItemType>1</ItemType><ItemName>שניצל טבע 1ק'ג בד"צ</ItemName><ManufacturerName>זוגלובק</ManufacturerName><ManufactureCountry>ישראל</ManufactureCountry><ManufacturerItemDescription>שניצל טבע 1ק'ג בד"צ</ManufacturerItemDescription><SoldByWeight/><Quantity>1000.00</Quantity><UnitOfMeasure>גרם     </UnitOfMeasure><QtyInPackage>לא ידוע</QtyInPackage><UnitOfMeasurePrice>0.0393</UnitOfMeasurePrice><AllowDiscount>1</AllowDiscount><ItemStatus>1</ItemStatus><ItemPrice>39.30</ItemPrice></item><item><PriceUpdateDate>2016-05-31 06:15:52</PriceUpdateDate><ItemCode>7290000537566</ItemCode><ItemType>1</ItemType><ItemName>נקניקיות עוף זוגלובק</ItemName><ManufacturerName>זוגלובק</ManufacturerName><ManufactureCountry>ישראל</ManufactureCountry><ManufacturerItemDescription>נקניקיות עוף 400 ג טרי</ManufacturerItemDescription><SoldByWeight/><Quantity>400.00</Quantity><UnitOfMeasure>גרם     </UnitOfMeasure><QtyInPackage>לא ידוע</QtyInPackage><UnitOfMeasurePrice>0.0298</UnitOfMeasurePrice><AllowDiscount>1</AllowDiscount><ItemStatus>1</ItemStatus><ItemPrice>11.90</ItemPrice></item><item><PriceUpdateDate>2016-05-01 10:31:39</PriceUpdateDate><ItemCode>7290000540399</ItemCode><ItemType>1</ItemType><ItemName>בבושקה שבולת שועל 40</ItemName><ManufacturerName>האחים</ManufacturerName><ManufactureCountry>ישראל</ManufactureCountry><ManufacturerItemDescription>בבושקה שבולת שועל 40</ManufacturerItemDescription><SoldByWeight/><Quantity>400.00</Quantity><UnitOfMeasure>גרם     </UnitOfMeasure><QtyInPackage>לא ידוע</QtyInPackage><UnitOfMeasurePrice>0.0273</UnitOfMeasurePrice><AllowDiscount>1</AllowDiscount><ItemStatus>1</ItemStatus><ItemPrice>10.90</ItemPrice></item><item><PriceUpdateDate>2016-08-02 09:29:42</PriceUpdateDate><ItemCode>7290000552927</ItemCode><ItemType>1</ItemType><ItemName>טחון עוף 500 גרם</ItemName><ManufacturerName>טיבון ויל</ManufacturerName><ManufactureCountry>ישראל</ManufactureCountry><ManufacturerItemDescription>טחון עוף 500 גרם</ManufacturerItemDescription><SoldByWeight/><Quantity>500.00</Quantity><UnitOfMeasure>גרם     </UnitOfMeasure><QtyInPackage>לא ידוע</QtyInPackage><UnitOfMeasurePrice>0.0304</UnitOfMeasurePrice><AllowDiscount>1</AllowDiscount><ItemStatus>1</ItemStatus><ItemPrice>15.20</ItemPrice></item><item><PriceUpdateDate>2016-03-29 07:50:52</PriceUpdateDate><ItemCode>7290000554457</ItemCode><ItemType>1</ItemType><ItemName>גבינה צפתית 5% 350 ג</ItemName><ManufacturerName>גד</ManufacturerName><ManufactureCountry>ישראל</ManufactureCountry><ManufacturerItemDescription>גבינה צפתית מיני 350 גר</ManufacturerItemDescription><SoldByWeight/><Quantity>350.00</Quantity><UnitOfMeasure>גרם     </UnitOfMeasure><QtyInPackage>לא ידוע</QtyInPackage><UnitOfMeasurePrice>0.0597</UnitOfMeasurePrice><AllowDiscount>0</AllowDiscount><ItemStatus>1</ItemStatus><ItemPrice>20.90</ItemPrice></item><item><PriceUpdateDate>2016-03-29 07:50:52</PriceUpdateDate><ItemCode>7290000554471</ItemCode><ItemType>1</ItemType><ItemName>גבינת נקניק מוצרלה ט</ItemName><ManufacturerName>גד</ManufacturerName><ManufactureCountry>ישראל</ManufactureCountry><ManufacturerItemDescription>גב.מוצרלה נקניק  צמה180 ג</ManufacturerItemDescription><SoldByWeight/><Quantity>180.00</Quantity><UnitOfMeasure>גרם     </UnitOfMeasure><QtyInPackage>לא ידוע</QtyInPackage><UnitOfMeasurePrice>0.1050</UnitOfMeasurePrice><AllowDiscount>1</AllowDiscount><ItemStatus>1</ItemStatus><ItemPrice>18.90</ItemPrice></item><item><PriceUpdateDate>2016-08-02 09:29:42</PriceUpdateDate><ItemCode>7290000554532</ItemCode><ItemType>1</ItemType><ItemName>מב צפתית 5% מלח ים 2</ItemName><ManufacturerName>גד</ManufacturerName><ManufactureCountry>ישראל</ManufactureCountry><ManufacturerItemDescription>גבינה צפתית מעודנת 200 5%</ManufacturerItemDescription><SoldByWeight/><Quantity>200.00</Quantity><UnitOfMeasure>גרם     </UnitOfMeasure><QtyInPackage>לא ידוע</QtyInPackage><UnitOfMeasurePrice>0.0545</UnitOfMeasurePrice><AllowDiscount>1</AllowDiscount><ItemStatus>1</ItemStatus><ItemPrice>10.90</ItemPrice></item><item><PriceUpdateDate>2016-01-05 07:14:02</PriceUpdateDate><ItemCode>7290000554624</ItemCode><ItemType>1</ItemType><ItemName>מעדן ירח מתוק 150 גר</ItemName><ManufacturerName>גד</ManufacturerName><ManufactureCountry>ישראל</ManufactureCountry><ManufacturerItemDescription>מעדן חלב עם אורז 150 - 3%</ManufacturerItemDescription><SoldByWeight/><Quantity>150.00</Quantity><UnitOfMeasure>מ"ל</UnitOfMeasure><QtyInPackage>לא ידוע</QtyInPackage><UnitOfMeasurePrice>0.0393</UnitOfMeasurePrice><AllowDiscount>1</AllowDiscount><ItemStatus>1</ItemStatus><ItemPrice>5.90</ItemPrice></item><item><PriceUpdateDate>2015-10-19 10:44:27</PriceUpdateDate><ItemCode>7290000554686</ItemCode><ItemType>1</ItemType><ItemName>לאבנה בשמן זית וזעתר</ItemName><ManufacturerName>גד</ManufacturerName><ManufactureCountry>ישראל</ManufactureCountry><ManufacturerItemDescription>לבנה בשמןזית+זעתר 250-5%ג</ManufacturerItemDescription><SoldByWeight/><Quantity>250.00</Quantity><UnitOfMeasure>גרם     </UnitOfMeasure><QtyInPackage>לא ידוע</QtyInPackage><UnitOfMeasurePrice>0.0620</UnitOfMeasurePrice><AllowDiscount>1</AllowDiscount><ItemStatus>1</ItemStatus><ItemPrice>15.50</ItemPrice></item><item><PriceUpdateDate>2016-06-06 15:09:22</PriceUpdateDate><ItemCode>7290000554822</ItemCode><ItemType>1</ItemType><ItemName>גבינת ריקוטה באריזה</ItemName><ManufacturerName>גד</ManufacturerName><ManufactureCountry>ישראל</ManufactureCountry><ManufacturerItemDescription>גבינה ריקוטה 250 גר</ManufacturerItemDescription><SoldByWeight/><Quantity>250.00</Quantity><UnitOfMeasure>גרם     </UnitOfMeasure><QtyInPackage>לא ידוע</QtyInPackage><UnitOfMeasurePrice>0.0592</UnitOfMeasurePrice><AllowDiscount>1</AllowDiscount><ItemStatus>1</ItemStatus><ItemPrice>14.80</ItemPrice></item><item><PriceUpdateDate>2016-05-31 06:15:53</PriceUpdateDate><ItemCode>7290000560540</ItemCode><ItemType>1</ItemType><ItemName>ג'ל גילוח אדג' לעור</ItemName><ManufacturerName>אדג'</ManufacturerName><ManufactureCountry>ארצות הברית</ManufactureCountry><ManufacturerItemDescription>בסיס להכנת קצפת 425 מ"ל</ManufacturerItemDescription><SoldByWeight/><Quantity>200.00</Quantity><UnitOfMeasure>מ"ל</UnitOfMeasure><QtyInPackage>לא ידוע</QtyInPackage><UnitOfMeasurePrice>0.0895</UnitOfMeasurePrice><AllowDiscount>1</AllowDiscount><ItemStatus>1</ItemStatus><ItemPrice>17.90</ItemPrice></item><item><PriceUpdateDate>2015-10-19 10:44:27</PriceUpdateDate><ItemCode>7290000571386</ItemCode><ItemType>1</ItemType><ItemName>יוגורמה בית יצחק 850</ItemName><ManufacturerName>בית יצחק</ManufacturerName><ManufactureCountry>ישראל</ManufactureCountry><ManufacturerItemDescription>יוגורט יוגורמה מחלב כבשים</ManufacturerItemDescription><SoldByWeight/><Quantity>850.00</Quantity><UnitOfMeasure>מ"ל</UnitOfMeasure><QtyInPackage>לא ידוע</QtyInPackage><UnitOfMeasurePrice>0.0319</UnitOfMeasurePrice><AllowDiscount>1</AllowDiscount><ItemStatus>1</ItemStatus><ItemPrice>27.10</ItemPrice></item><item><PriceUpdateDate>2016-06-28 07:03:35</PriceUpdateDate><ItemCode>7290000571393</ItemCode><ItemType>1</ItemType><ItemName>יוגורמה כבשים 140 גר</ItemName><ManufacturerName>יוגורמה</ManufacturerName><ManufactureCountry>ישראל</ManufactureCountry><ManufacturerItemDescription>יוגורמה יוגורט מחלב כבשים</ManufacturerItemDescription><SoldByWeight/><Quantity>140.00</Quantity><UnitOfMeasure>גרם     </UnitOfMeasure><QtyInPackage>לא ידוע</QtyInPackage><UnitOfMeasurePrice>0.0471</UnitOfMeasurePrice><AllowDiscount>1</AllowDiscount><ItemStatus>1</ItemStatus><ItemPrice>6.60</ItemPrice></item><item><PriceUpdateDate>2016-03-29 07:50:52</PriceUpdateDate><ItemCode>7290000572086</ItemCode><ItemType>1</ItemType><ItemName>טחינה אורגנית 500 אח</ItemName><ManufacturerName>אחוה</ManufacturerName><ManufactureCountry>ישראל</ManufactureCountry><ManufacturerItemDescription>טחינה אורגנית 500 אח</ManufacturerItemDescription><SoldByWeight/><Quantity>500.00</Quantity><UnitOfMeasure>גרם     </UnitOfMeasure><QtyInPackage>לא ידוע</QtyInPackage><UnitOfMeasurePrice>0.0338</UnitOfMeasurePrice><AllowDiscount>1</AllowDiscount><ItemStatus>1</ItemStatus><ItemPrice>16.90</ItemPrice></item><item><PriceUpdateDate>2016-06-28 07:03:35</PriceUpdateDate><ItemCode>7290000572093</ItemCode><ItemType>1</ItemType><ItemName>טחינה אחוה בפחית 500</ItemName><ManufacturerName>אחוה</ManufacturerName><ManufactureCountry>ישראל</ManufactureCountry><ManufacturerItemDescription>טחינה אחוה בפחית 500</ManufacturerItemDescription><SoldByWeight/><Quantity>500.00</Quantity><UnitOfMeasure>גרם     </UnitOfMeasure><QtyInPackage>לא ידוע</QtyInPackage><UnitOfMeasurePrice>0.0278</UnitOfMeasurePrice><AllowDiscount>1</AllowDiscount><ItemStatus>1</ItemStatus><ItemPrice>13.90</ItemPrice></item><item><PriceUpdateDate>2016-02-23 06:50:10</PriceUpdateDate><ItemCode>7290000572208</ItemCode><ItemType>1</ItemType><ItemName>חלבה וניל 100 גרם</ItemName><ManufacturerName>אחווה</ManufacturerName><ManufactureCountry>ישראל</ManufactureCountry><ManufacturerItemDescription>חלבה אחוה 100 גר</ManufacturerItemDescription><SoldByWeight/><Quantity>100.00</Quantity><UnitOfMeasure>גרם     </UnitOfMeasure><QtyInPackage>לא ידוע</QtyInPackage><UnitOfMeasurePrice>0.0390</UnitOfMeasurePrice><AllowDiscount>1</AllowDiscount><ItemStatus>1</ItemStatus><ItemPrice>3.90</ItemPrice></item><item><PriceUpdateDate>2016-05-01 10:31:40</PriceUpdateDate><ItemCode>7290000572215</ItemCode><ItemType>1</ItemType><ItemName>חלבה מצופה  80 גרם</ItemName><ManufacturerName>אחוה</ManufacturerName><ManufactureCountry>ישראל</ManufactureCountry><ManufacturerItemDescription>חלבה מצופה 80 גר</ManufacturerItemDescription><SoldByWeight/><Quantity>14.00</Quantity><UnitOfMeasure>גרם     </UnitOfMeasure><QtyInPackage>לא ידוע</QtyInPackage><UnitOfMeasurePrice>0.2786</UnitOfMeasurePrice><AllowDiscount>1</AllowDiscount><ItemStatus>1</ItemStatus><ItemPrice>3.90</ItemPrice></item><item><PriceUpdateDate>2016-05-31 06:15:53</PriceUpdateDate><ItemCode>7290000572222</ItemCode><ItemType>1</ItemType><ItemName>חלבה וניל אחוה 500 ג</ItemName><ManufacturerName>אחוה</ManufacturerName><ManufactureCountry>ישראל</ManufactureCountry><ManufacturerItemDescription>חלבה וניל אחוה 500 ג</ManufacturerItemDescription><SoldByWeight/><Quantity>500.00</Quantity><UnitOfMeasure>גרם     </UnitOfMeasure><QtyInPackage>לא ידוע</QtyInPackage><UnitOfMeasurePrice>0.0230</UnitOfMeasurePrice><AllowDiscount>1</AllowDiscount><ItemStatus>1</ItemStatus><ItemPrice>11.50</ItemPrice></item><item><PriceUpdateDate>2015-01-27 10:34:58</PriceUpdateDate><ItemCode>7290000572536</ItemCode><ItemType>1</ItemType><ItemName>חלבה וניל 400 גרם</ItemName><ManufacturerName>אחוה</ManufacturerName><ManufactureCountry>ישראל</ManufactureCountry><ManufacturerItemDescription>חלבה וניל במגש 400 גר</ManufacturerItemDescription><SoldByWeight/><Quantity>400.00</Quantity><UnitOfMeasure>גרם     </UnitOfMeasure><QtyInPackage>לא ידוע</QtyInPackage><UnitOfMeasurePrice>0.0422</UnitOfMeasurePrice><AllowDiscount>1</AllowDiscount><ItemStatus>1</ItemStatus><ItemPrice>16.90</ItemPrice></item><item><PriceUpdateDate>2015-11-10 07:32:00</PriceUpdateDate><ItemCode>7290000572628</ItemCode><ItemType>1</ItemType><ItemName>חטיפי חלבה לייט 275</ItemName><ManufacturerName>אחוה</ManufacturerName><ManufactureCountry>ישראל</ManufactureCountry><ManufacturerItemDescription>חטיף חלוה לייט וניל275 11</ManufacturerItemDescription><SoldByWeight/><Quantity>275.00</Quantity><UnitOfMeasure>גרם     </UnitOfMeasure><QtyInPackage>לא ידוע</QtyInPackage><UnitOfMeasurePrice>0.0851</UnitOfMeasurePrice><AllowDiscount>1</AllowDiscount><ItemStatus>1</ItemStatus><ItemPrice>23.40</ItemPrice></item><item><PriceUpdateDate>2015-11-10 07:32:00</PriceUpdateDate><ItemCode>7290000572642</ItemCode><ItemType>1</ItemType><ItemName>חלבה לייט  500 גרם</ItemName><ManufacturerName>אחוה</ManufacturerName><ManufactureCountry>ישראל</ManufactureCountry><ManufacturerItemDescription>חלבה לייט  500 גרם</ManufacturerItemDescription><SoldByWeight/><Quantity>500.00</Quantity><UnitOfMeasure>גרם     </UnitOfMeasure><QtyInPackage>לא ידוע</QtyInPackage><UnitOfMeasurePrice>0.0508</UnitOfMeasurePrice><AllowDiscount>1</AllowDiscount><ItemStatus>1</ItemStatus><ItemPrice>25.40</ItemPrice></item><item><PriceUpdateDate>2015-11-10 07:32:00</PriceUpdateDate><ItemCode>7290000573175</ItemCode><ItemType>1</ItemType><ItemName>חטיפי שומשום 380 גרם</ItemName><ManufacturerName>אטיאס</ManufacturerName><ManufactureCountry>ישראל</ManufactureCountry><ManufacturerItemDescription>חטיפי שומשום 380 גרם</ManufacturerItemDescription><SoldByWeight/><Quantity>380.00</Quantity><UnitOfMeasure>גרם     </UnitOfMeasure><QtyInPackage>לא ידוע</QtyInPackage><UnitOfMeasurePrice>0.0526</UnitOfMeasurePrice><AllowDiscount>1</AllowDiscount><ItemStatus>1</ItemStatus><ItemPrice>20.00</ItemPrice></item><item><PriceUpdateDate>2016-04-12 06:20:11</PriceUpdateDate><ItemCode>7290000611136</ItemCode><ItemType>3</ItemType><ItemName>כבד עוף קפוא</ItemName><ManufacturerName>עוף טנא</ManufacturerName><ManufactureCountry>ישראל</ManufactureCountry><ManufacturerItemDescription>כבד עוף קפוא</ManufacturerItemDescription><SoldByWeight/><Quantity>1.00</Quantity><UnitOfMeasure>ק"ג</UnitOfMeasure><QtyInPackage>לא ידוע</QtyInPackage><UnitOfMeasurePrice>12.9000</UnitOfMeasurePrice><AllowDiscount>1</AllowDiscount><ItemStatus>1</ItemStatus><ItemPrice>12.90</ItemPrice></item><item><PriceUpdateDate>2016-04-12 06:20:11</PriceUpdateDate><ItemCode>7290000611174</ItemCode><ItemType>3</ItemType><ItemName>כנפיים עוף  קפוא</ItemName><ManufacturerName>לא ידוע</ManufacturerName><ManufactureCountry>ישראל</ManufactureCountry><ManufacturerItemDescription>כנפיים עוף לקג מגש קפוא</ManufacturerItemDescription><SoldByWeight/><Quantity>1.00</Quantity><UnitOfMeasure>ק"ג</UnitOfMeasure><QtyInPackage>לא ידוע</QtyInPackage><UnitOfMeasurePrice>7.9000</UnitOfMeasurePrice><AllowDiscount>1</AllowDiscount><ItemStatus>1</ItemStatus><ItemPrice>7.90</ItemPrice></item><item><PriceUpdateDate>2016-05-01 06:11:00</PriceUpdateDate><ItemCode>7290000632209</ItemCode><ItemType>3</ItemType><ItemName>חזה עוף "עטרה" קפוא</ItemName><ManufacturerName>עטרה</ManufacturerName><ManufactureCountry>ישראל</ManufactureCountry><ManufacturerItemDescription>חזה עוף "עטרה" קפוא</ManufacturerItemDescription><SoldByWeight/><Quantity>1.00</Quantity><UnitOfMeasure>ק"ג</UnitOfMeasure><QtyInPackage>לא ידוע</QtyInPackage><UnitOfMeasurePrice>39.9000</UnitOfMeasurePrice><AllowDiscount>1</AllowDiscount><ItemStatus>1</ItemStatus><ItemPrice>39.90</ItemPrice></item><item><PriceUpdateDate>2016-05-01 06:11:00</PriceUpdateDate><ItemCode>7290000632391</ItemCode><ItemType>3</ItemType><ItemName>כרעיים עוף קפוא "עטר</ItemName><ManufacturerName>עטרה</ManufacturerName><ManufactureCountry>ישראל</ManufactureCountry><ManufacturerItemDescription>כרעיים עוף קפוא "עטר</ManufacturerItemDescription><SoldByWeight/><Quantity>1.00</Quantity><UnitOfMeasure>ק"ג</UnitOfMeasure><QtyInPackage>לא ידוע</QtyInPackage><UnitOfMeasurePrice>37.4000</UnitOfMeasurePrice><AllowDiscount>1</AllowDiscount><ItemStatus>1</ItemStatus><ItemPrice>37.40</ItemPrice></item><item><PriceUpdateDate>2016-05-01 06:11:01</PriceUpdateDate><ItemCode>7290000632599</ItemCode><ItemType>3</ItemType><ItemName>ירכיים עוף קפוא "עטר</ItemName><ManufacturerName>עטרה</ManufacturerName><ManufactureCountry>ישראל</ManufactureCountry><ManufacturerItemDescription>ירכיים עוף קפוא "עטר</ManufacturerItemDescription><SoldByWeight/><Quantity>1.00</Quantity><UnitOfMeasure>ק"ג</UnitOfMeasure><QtyInPackage>לא ידוע</QtyInPackage><UnitOfMeasurePrice>37.4000</UnitOfMeasurePrice><AllowDiscount>1</AllowDiscount><ItemStatus>1</ItemStatus><ItemPrice>37.40</ItemPrice></item><item><PriceUpdateDate>2016-07-06 06:45:52</PriceUpdateDate><ItemCode>7290000644684</ItemCode><ItemType>3</ItemType><ItemName>פילה אמנון קפוא תנוב</ItemName><ManufacturerName>דגי תנובה</ManufacturerName><ManufactureCountry>ישראל</ManufactureCountry><ManufacturerItemDescription>פילה אמנון בואקום 5-7 לקג</ManufacturerItemDescription><SoldByWeight/><Quantity>1.00</Quantity><UnitOfMeasure>ק"ג</UnitOfMeasure><QtyInPackage>לא ידוע</QtyInPackage><UnitOfMeasurePrice>43.9000</UnitOfMeasurePrice><AllowDiscount>1</AllowDiscount><ItemStatus>1</ItemStatus><ItemPrice>43.90</ItemPrice></item><item><PriceUpdateDate>2015-12-27 07:09:25</PriceUpdateDate><ItemCode>7290000644783</ItemCode><ItemType>3</ItemType><ItemName>נתחי פילה סלמון קפוא</ItemName><ManufacturerName>דגי תנובה</ManufacturerName><ManufactureCountry>ישראל</ManufactureCountry><ManufacturerItemDescription>מנות סלמון בואקום לקג</ManufacturerItemDescription><SoldByWeight/><Quantity>1.00</Quantity><UnitOfMeasure>ק"ג</UnitOfMeasure><QtyInPackage>לא ידוע</QtyInPackage><UnitOfMeasurePrice>84.9000</UnitOfMeasurePrice><AllowDiscount>1</AllowDiscount><ItemStatus>1</ItemStatus><ItemPrice>84.90</ItemPrice></item><item><PriceUpdateDate>2015-12-27 07:09:25</PriceUpdateDate><ItemCode>7290000652337</ItemCode><ItemType>3</ItemType><ItemName>סטייק טונה קפוא</ItemName><ManufacturerName>דגי תנובה</ManufacturerName><ManufactureCountry>ישראל</ManufactureCountry><ManufacturerItemDescription>סטייק טונה קפוא</ManufacturerItemDescription><SoldByWeight/><Quantity>1.00</Quantity><UnitOfMeasure>ק"ג</UnitOfMeasure><QtyInPackage>לא ידוע</QtyInPackage><UnitOfMeasurePrice>36.9000</UnitOfMeasurePrice><AllowDiscount>1</AllowDiscount><ItemStatus>1</ItemStatus><ItemPrice>36.90</ItemPrice></item><item><PriceUpdateDate>2016-06-14 14:54:26</PriceUpdateDate><ItemCode>7290000659312</ItemCode><ItemType>3</ItemType><ItemName>פילה סלמון תנובה</ItemName><ManufacturerName>דגי תנובה</ManufacturerName><ManufactureCountry>ישראל</ManufactureCountry><ManufacturerItemDescription>פילה סלמון בואקום</ManufacturerItemDescription><SoldByWeight/><Quantity>1.00</Quantity><UnitOfMeasure>ק"ג</UnitOfMeasure><QtyInPackage>לא ידוע</QtyInPackage><UnitOfMeasurePrice>74.9000</UnitOfMeasurePrice><AllowDiscount>1</AllowDiscount><ItemStatus>1</ItemStatus><ItemPrice>74.90</ItemPrice></item><item><PriceUpdateDate>2016-08-07 20:02:47</PriceUpdateDate><ItemCode>7290000688084</ItemCode><ItemType>1</ItemType><ItemName>מי עדן ספורט . 0.5 ל</ItemName><ManufacturerName>מי עדן</ManufacturerName><ManufactureCountry>ישראל</ManufactureCountry><ManufacturerItemDescription>מי עדן 1/2 ליטר ספורט</ManufacturerItemDescription><SoldByWeight/><Quantity>500.00</Quantity><UnitOfMeasure>מ"ל</UnitOfMeasure><QtyInPackage>לא ידוע</QtyInPackage><UnitOfMeasurePrice>0.0104</UnitOfMeasurePrice><AllowDiscount>1</AllowDiscount><ItemStatus>1</ItemStatus><ItemPrice>5.20</ItemPrice></item><item><PriceUpdateDate>2015-10-19 10:44:27</PriceUpdateDate><ItemCode>7290000688114</ItemCode><ItemType>1</ItemType><ItemName>מי עדן 1.5 ליטר</ItemName><ManufacturerName>מי עדן</ManufacturerName><ManufactureCountry>ישראל</ManufactureCountry><ManufacturerItemDescription>מי עדן 1.5 ליטר</ManufacturerItemDescription><SoldByWeight/><Quantity>1500.00</Quantity><UnitOfMeasure>מ"ל</UnitOfMeasure><QtyInPackage>לא ידוע</QtyInPackage><UnitOfMeasurePrice>0.0028</UnitOfMeasurePrice><AllowDiscount>1</AllowDiscount><ItemStatus>1</ItemStatus><ItemPrice>4.20</ItemPrice></item><item><PriceUpdateDate>2016-08-02 09:29:42</PriceUpdateDate><ItemCode>7290000688381</ItemCode><ItemType>1</ItemType><ItemName>מב מי עדן ספורט שישי</ItemName><ManufacturerName>מי עדן</ManufacturerName><ManufactureCountry>ישראל</ManufactureCountry><ManufacturerItemDescription>מי עדן 1/2 ליטר 1/6 אישי</ManufacturerItemDescription><SoldByWeight/><Quantity>3000.00</Quantity><UnitOfMeasure>מ"ל</UnitOfMeasure><QtyInPackage>לא ידוע</QtyInPackage><UnitOfMeasurePrice>0.0040</UnitOfMeasurePrice><AllowDiscount>1</AllowDiscount><ItemStatus>1</ItemStatus><ItemPrice>11.90</ItemPrice></item><item><PriceUpdateDate>2016-05-31 06:15:53</PriceUpdateDate><ItemCode>7290000688732</ItemCode><ItemType>1</ItemType><ItemName>מי עדן שישייה 1.5 לי</ItemName><ManufacturerName>מי עדן</ManufacturerName><ManufactureCountry>ישראל</ManufactureCountry><ManufacturerItemDescription>מי עדן 1.5 ל משפחתי שישיי</ManufacturerItemDescription><SoldByWeight/><Quantity>9000.00</Quantity><UnitOfMeasure>מ"ל</UnitOfMeasure><QtyInPackage>לא ידוע</QtyInPackage><UnitOfMeasurePrice>0.0013</UnitOfMeasurePrice><AllowDiscount>1</AllowDiscount><ItemStatus>1</ItemStatus><ItemPrice>11.50</ItemPrice></item><item><PriceUpdateDate>2016-05-01 06:11:01</PriceUpdateDate><ItemCode>7290000692302</ItemCode><ItemType>1</ItemType><ItemName>אג'קס נוזל ניקוי כלל</ItemName><ManufacturerName>אג'קס</ManufacturerName><ManufactureCountry>יוון</ManufactureCountry><ManufacturerItemDescription>אג'קס ניקוי כללי כחול 2ל</ManufacturerItemDescription><SoldByWeight/><Quantity>2000.00</Quantity><UnitOfMeasure>מ"ל</UnitOfMeasure><QtyInPackage>לא ידוע</QtyInPackage><UnitOfMeasurePrice>0.0151</UnitOfMeasurePrice><AllowDiscount>1</AllowDiscount><ItemStatus>1</ItemStatus><ItemPrice>30.20</ItemPrice></item><item><PriceUpdateDate>2016-08-02 09:29:42</PriceUpdateDate><ItemCode>7290000692456</ItemCode><ItemType>1</ItemType><ItemName>אג'קס זוג לחלונות 75</ItemName><ManufacturerName>אג'קס</ManufacturerName><ManufactureCountry>ישראל</ManufactureCountry><ManufacturerItemDescription>אג'קס לחלונות   7מל</ManufacturerItemDescription><SoldByWeight/><Quantity>1500.00</Quantity><UnitOfMeasure>מ"ל</UnitOfMeasure><QtyInPackage>לא ידוע</QtyInPackage><UnitOfMeasurePrice>0.0191</UnitOfMeasurePrice><AllowDiscount>1</AllowDiscount><ItemStatus>1</ItemStatus><ItemPrice>28.70</ItemPrice></item><item><PriceUpdateDate>2015-09-17 06:51:38</PriceUpdateDate><ItemCode>7290000803067</ItemCode><ItemType>1</ItemType><ItemName>משחת שיניים אלמקס לי</ItemName><ManufacturerName>אלמקס</ManufacturerName><ManufactureCountry>פולין</ManufactureCountry><ManufacturerItemDescription>ואזלין          גרם</ManufacturerItemDescription><SoldByWeight/><Quantity>75.00</Quantity><UnitOfMeasure>מ"ל</UnitOfMeasure><QtyInPackage>לא ידוע</QtyInPackage><UnitOfMeasurePrice>0.1987</UnitOfMeasurePrice><AllowDiscount>1</AllowDiscount><ItemStatus>1</ItemStatus><ItemPrice>14.90</ItemPrice></item><item><PriceUpdateDate>2016-08-02 09:29:42</PriceUpdateDate><ItemCode>7290000805900</ItemCode><ItemType>1</ItemType><ItemName>מב לה קט עוף 2.85 ק"</ItemName><ManufacturerName>לה קט</ManufacturerName><ManufactureCountry>ישראל</ManufactureCountry><ManufacturerItemDescription>לה קט טעם עוף 2.85 קג</ManufacturerItemDescription><SoldByWeight/><Quantity>2850.00</Quantity><UnitOfMeasure>גרם     </UnitOfMeasure><QtyInPackage>לא ידוע</QtyInPackage><UnitOfMeasurePrice>0.0175</UnitOfMeasurePrice><AllowDiscount>1</AllowDiscount><ItemStatus>1</ItemStatus><ItemPrice>49.90</ItemPrice></item><item><PriceUpdateDate>2016-05-01 10:29:28</PriceUpdateDate><ItemCode>7290001007657</ItemCode><ItemType>1</ItemType><ItemName>לחם אישי ארופאי</ItemName><ManufacturerName>מאפה צרפתי</ManufacturerName><ManufactureCountry>ישראל</ManufactureCountry><ManufacturerItemDescription>לחם אישי ארופאי</ManufacturerItemDescription><SoldByWeight/><Quantity>1000.00</Quantity><UnitOfMeasure>קג</UnitOfMeasure><QtyInPackage>לא ידוע</QtyInPackage><UnitOfMeasurePrice>0.0049</UnitOfMeasurePrice><AllowDiscount>1</AllowDiscount><ItemStatus>1</ItemStatus><ItemPrice>4.90</ItemPrice></item><item><PriceUpdateDate>2016-05-31 06:15:54</PriceUpdateDate><ItemCode>7290001012123</ItemCode><ItemType>1</ItemType><ItemName>מגבוני פרש וואנס קיי</ItemName><ManufacturerName>פרש וואנס</ManufacturerName><ManufactureCountry>ישראל</ManufactureCountry><ManufacturerItemDescription>פרש וואנס מגבונים רביעיה</ManufacturerItemDescription><SoldByWeight/><Quantity>1.00</Quantity><UnitOfMeasure>יח'</UnitOfMeasure><QtyInPackage>לא ידוע</QtyInPackage><UnitOfMeasurePrice>18.7000</UnitOfMeasurePrice><AllowDiscount>1</AllowDiscount><ItemStatus>1</ItemStatus><ItemPrice>18.70</ItemPrice></item><item><PriceUpdateDate>2015-11-10 07:32:02</PriceUpdateDate><ItemCode>7290001041208</ItemCode><ItemType>1</ItemType><ItemName>עדשים ירוקות 1 ק"ג</ItemName><ManufacturerName>מיה</ManufacturerName><ManufactureCountry>ישראל</ManufactureCountry><ManufacturerItemDescription>עדשים ירוקות 1 ק"ג</ManufacturerItemDescription><SoldByWeight/><Quantity>1000.00</Quantity><UnitOfMeasure>גרם     </UnitOfMeasure><QtyInPackage>לא ידוע</QtyInPackage><UnitOfMeasurePrice>0.0125</UnitOfMeasurePrice><AllowDiscount>1</AllowDiscount><ItemStatus>1</ItemStatus><ItemPrice>12.50</ItemPrice></item><item><PriceUpdateDate>2016-06-28 07:03:38</PriceUpdateDate><ItemCode>7290001041260</ItemCode><ItemType>1</ItemType><ItemName>שומשום מיה 400 גרם</ItemName><ManufacturerName>מיה</ManufacturerName><ManufactureCountry>ישראל</ManufactureCountry><ManufacturerItemDescription>שומשום מיה 400 גרם</ManufacturerItemDescription><SoldByWeight/><Quantity>400.00</Quantity><UnitOfMeasure>גרם     </UnitOfMeasure><QtyInPackage>לא ידוע</QtyInPackage><UnitOfMeasurePrice>0.0383</UnitOfMeasurePrice><AllowDiscount>1</AllowDiscount><ItemStatus>1</ItemStatus><ItemPrice>15.30</ItemPrice></item><item><PriceUpdateDate>2016-05-01 10:31:43</PriceUpdateDate><ItemCode>7290001041277</ItemCode><ItemType>1</ItemType><ItemName>פרורי לחם 400 גרם</ItemName><ManufacturerName>מיה</ManufacturerName><ManufactureCountry>ישראל</ManufactureCountry><ManufacturerItemDescription>פרורי לחם 400 גרם</ManufacturerItemDescription><SoldByWeight/><Quantity>400.00</Quantity><UnitOfMeasure>גרם     </UnitOfMeasure><QtyInPackage>לא ידוע</QtyInPackage><UnitOfMeasurePrice>0.0152</UnitOfMeasurePrice><AllowDiscount>1</AllowDiscount><ItemStatus>1</ItemStatus><ItemPrice>6.10</ItemPrice></item><item><PriceUpdateDate>2016-03-29 07:50:53</PriceUpdateDate><ItemCode>7290001045169</ItemCode><ItemType>1</ItemType><ItemName>מיץ סחוט תפוחים 1 לי</ItemName><ManufacturerName>פרימור</ManufacturerName><ManufactureCountry>ישראל</ManufactureCountry><ManufacturerItemDescription>מיץ תפוחים צלול 1 ל</ManufacturerItemDescription><SoldByWeight/><Quantity>1000.00</Quantity><UnitOfMeasure>מ"ל</UnitOfMeasure><QtyInPackage>לא ידוע</QtyInPackage><UnitOfMeasurePrice>0.0152</UnitOfMeasurePrice><AllowDiscount>1</AllowDiscount><ItemStatus>1</ItemStatus><ItemPrice>15.20</ItemPrice></item><item><PriceUpdateDate>2016-06-13 16:00:18</PriceUpdateDate><ItemCode>7290001045220</ItemCode><ItemType>1</ItemType><ItemName>פרימור סחוט תפוזים 2</ItemName><ManufacturerName>פרימור</ManufacturerName><ManufactureCountry>ישראל</ManufactureCountry><ManufacturerItemDescription>מיץ תפוזים סחוט2 ל</ManufacturerItemDescription><SoldByWeight/><Quantity>2000.00</Quantity><UnitOfMeasure>מ"ל</UnitOfMeasure><QtyInPackage>לא ידוע</QtyInPackage><UnitOfMeasurePrice>0.0124</UnitOfMeasurePrice><AllowDiscount>1</AllowDiscount><ItemStatus>1</ItemStatus><ItemPrice>24.90</ItemPrice></item><item><PriceUpdateDate>2016-06-13 16:00:18</PriceUpdateDate><ItemCode>7290001045237</ItemCode><ItemType>1</ItemType><ItemName>פרימור סחוט לימונענע</ItemName><ManufacturerName>פרימור</ManufacturerName><ManufactureCountry>ישראל</ManufactureCountry><ManufacturerItemDescription>מיץ לימון עם נענע 2 ל</ManufacturerItemDescription><SoldByWeight/><Quantity>2000.00</Quantity><UnitOfMeasure>מ"ל</UnitOfMeasure><QtyInPackage>לא ידוע</QtyInPackage><UnitOfMeasurePrice>0.0124</UnitOfMeasurePrice><AllowDiscount>1</AllowDiscount><ItemStatus>1</ItemStatus><ItemPrice>24.90</ItemPrice></item><item><PriceUpdateDate>2016-04-06 06:46:12</PriceUpdateDate><ItemCode>7290001072158</ItemCode><ItemType>1</ItemType><ItemName>אל סבון נוזלי 1 ליטר</ItemName><ManufacturerName>"המותג"</ManufacturerName><ManufactureCountry>לא ידוע</ManufactureCountry><ManufacturerItemDescription>אל סבון נוזלי 1 ליטר</ManufacturerItemDescription><SoldByWeight/><Quantity>1000.00</Quantity><UnitOfMeasure>מ"ל</UnitOfMeasure><QtyInPackage>לא ידוע</QtyInPackage><UnitOfMeasurePrice>0.0099</UnitOfMeasurePrice><AllowDiscount>1</AllowDiscount><ItemStatus>1</ItemStatus><ItemPrice>9.90</ItemPrice></item><item><PriceUpdateDate>2016-04-06 06:46:12</PriceUpdateDate><ItemCode>7290001072189</ItemCode><ItemType>1</ItemType><ItemName>אל סבון נוזלי 1 ליטר</ItemName><ManufacturerName>"המותג"</ManufacturerName><ManufactureCountry>לא ידוע</ManufactureCountry><ManufacturerItemDescription>אל סבון נוזלי 1 ליטר</ManufacturerItemDescription><SoldByWeight/><Quantity>1000.00</Quantity><UnitOfMeasure>מ"ל</UnitOfMeasure><QtyInPackage>לא ידוע</QtyInPackage><UnitOfMeasurePrice>0.0099</UnitOfMeasurePrice><AllowDiscount>1</AllowDiscount><ItemStatus>1</ItemStatus><ItemPrice>9.90</ItemPrice></item><item><PriceUpdateDate>2016-06-28 07:03:38</PriceUpdateDate><ItemCode>7290001128046</ItemCode><ItemType>1</ItemType><ItemName>גבינה פילדלפיה לייט</ItemName><ManufacturerName>פילדלפיה</ManufacturerName><ManufactureCountry>ארצות הברית</ManufactureCountry><ManufacturerItemDescription>טואלט דאק זוג   750* מ"ל</ManufacturerItemDescription><SoldByWeight/><Quantity>227.00</Quantity><UnitOfMeasure>גרם     </UnitOfMeasure><QtyInPackage>לא ידוע</QtyInPackage><UnitOfMeasurePrice>0.0894</UnitOfMeasurePrice><AllowDiscount>1</AllowDiscount><ItemStatus>1</ItemStatus><ItemPrice>20.30</ItemPrice></item><item><PriceUpdateDate>2016-06-28 07:03:38</PriceUpdateDate><ItemCode>7290001128053</ItemCode><ItemType>1</ItemType><ItemName>גבינה פילדלפיה שמנה</ItemName><ManufacturerName>פילדלפיה</ManufacturerName><ManufactureCountry>ארצות הברית</ManufactureCountry><ManufacturerItemDescription>אג'קס כלורון    ון 2 ל'</ManufacturerItemDescription><SoldByWeight/><Quantity>227.00</Quantity><UnitOfMeasure>גרם     </UnitOfMeasure><QtyInPackage>לא ידוע</QtyInPackage><UnitOfMeasurePrice>0.0894</UnitOfMeasurePrice><AllowDiscount>1</AllowDiscount><ItemStatus>1</ItemStatus><ItemPrice>20.30</ItemPrice></item><item><PriceUpdateDate>2016-05-01 10:29:29</PriceUpdateDate><ItemCode>7290001165647</ItemCode><ItemType>1</ItemType><ItemName>לחם דגנים 580 גרם</ItemName><ManufacturerName>לא ידוע</ManufacturerName><ManufactureCountry>ישראל</ManufactureCountry><ManufacturerItemDescription>לחם דגנים 580 גרם</ManufacturerItemDescription><SoldByWeight/><Quantity>580.00</Quantity><UnitOfMeasure>גרם     </UnitOfMeasure><QtyInPackage>לא ידוע</QtyInPackage><UnitOfMeasurePrice>0.0236</UnitOfMeasurePrice><AllowDiscount>1</AllowDiscount><ItemStatus>1</ItemStatus><ItemPrice>13.70</ItemPrice></item><item><PriceUpdateDate>2016-08-03 09:18:39</PriceUpdateDate><ItemCode>7290001230234</ItemCode><ItemType>1</ItemType><ItemName>ס.כאמל סופט בודד</ItemName><ManufacturerName>קאמל</ManufacturerName><ManufactureCountry>ישראל</ManufactureCountry><ManufacturerItemDescription>ס.כאמל סופט בודד</ManufacturerItemDescription><SoldByWeight/><Quantity>0.00</Quantity><UnitOfMeasure>יח'</UnitOfMeasure><QtyInPackage>לא ידוע</QtyInPackage><UnitOfMeasurePrice>0.0000</UnitOfMeasurePrice><AllowDiscount>1</AllowDiscount><ItemStatus>1</ItemStatus><ItemPrice>30.50</ItemPrice></item><item><PriceUpdateDate>2016-08-03 09:18:39</PriceUpdateDate><ItemCode>7290001230739</ItemCode><ItemType>1</ItemType><ItemName>ס.כאמל כחול בודד</ItemName><ManufacturerName>קאמל</ManufacturerName><ManufactureCountry>ישראל</ManufactureCountry><ManufacturerItemDescription>ס.כאמל כחול בודד</ManufacturerItemDescription><SoldByWeight/><Quantity>0.00</Quantity><UnitOfMeasure>יח'</UnitOfMeasure><QtyInPackage>לא ידוע</QtyInPackage><UnitOfMeasurePrice>0.0000</UnitOfMeasurePrice><AllowDiscount>1</AllowDiscount><ItemStatus>1</ItemStatus><ItemPrice>30.50</ItemPrice></item><item><PriceUpdateDate>2016-08-03 09:18:39</PriceUpdateDate><ItemCode>7290001231233</ItemCode><ItemType>1</ItemType><ItemName>ס.וינסטון בוקס בודד</ItemName><ManufacturerName>וינסטון</ManufacturerName><ManufactureCountry>ישראל</ManufactureCountry><ManufacturerItemDescription>ס.וינסטון בוקס בודד</ManufacturerItemDescription><SoldByWeight/><Quantity>1.00</Quantity><UnitOfMeasure>יח'</UnitOfMeasure><QtyInPackage>לא ידוע</QtyInPackage><UnitOfMeasurePrice>30.5000</UnitOfMeasurePrice><AllowDiscount>1</AllowDiscount><ItemStatus>1</ItemStatus><ItemPrice>30.50</ItemPrice></item><item><PriceUpdateDate>2016-08-03 09:18:39</PriceUpdateDate><ItemCode>7290001231932</ItemCode><ItemType>1</ItemType><ItemName>ס.וינסטון לייט בודד</ItemName><ManufacturerName>וינסטון</ManufacturerName><ManufactureCountry>ישראל</ManufactureCountry><ManufacturerItemDescription>ס.וינסטון לייט בודד</ManufacturerItemDescription><SoldByWeight/><Quantity>0.00</Quantity><UnitOfMeasure>יח'</UnitOfMeasure><QtyInPackage>לא ידוע</QtyInPackage><UnitOfMeasurePrice>0.0000</UnitOfMeasurePrice><AllowDiscount>1</AllowDiscount><ItemStatus>1</ItemStatus><ItemPrice>30.50</ItemPrice></item><item><PriceUpdateDate>2016-05-01 06:11:03</PriceUpdateDate><ItemCode>7290001247068</ItemCode><ItemType>1</ItemType><ItemName>נקטר ספרינג תות בננה</ItemName><ManufacturerName>ספרינג</ManufacturerName><ManufactureCountry>ישראל</ManufactureCountry><ManufacturerItemDescription>ספרינג נקטר תות בננה 1 לק</ManufacturerItemDescription><SoldByWeight/><Quantity>1000.00</Quantity><UnitOfMeasure>מ"ל</UnitOfMeasure><QtyInPackage>לא ידוע</QtyInPackage><UnitOfMeasurePrice>0.0067</UnitOfMeasurePrice><AllowDiscount>1</AllowDiscount><ItemStatus>1</ItemStatus><ItemPrice>6.70</ItemPrice></item><item><PriceUpdateDate>2016-05-01 06:11:03</PriceUpdateDate><ItemCode>7290001247082</ItemCode><ItemType>1</ItemType><ItemName>נקטר ספרינג עגבניות</ItemName><ManufacturerName>ספרינג</ManufacturerName><ManufactureCountry>ישראל</ManufactureCountry><ManufacturerItemDescription>ספרינג נקטר עגבניות 1 ל-ק</ManufacturerItemDescription><SoldByWeight/><Quantity>1000.00</Quantity><UnitOfMeasure>מ"ל</UnitOfMeasure><QtyInPackage>לא ידוע</QtyInPackage><UnitOfMeasurePrice>0.0067</UnitOfMeasurePrice><AllowDiscount>1</AllowDiscount><ItemStatus>1</ItemStatus><ItemPrice>6.70</ItemPrice></item><item><PriceUpdateDate>2016-05-01 06:11:04</PriceUpdateDate><ItemCode>7290001247099</ItemCode><ItemType>1</ItemType><ItemName>נקטר ספרינג מנגו קרט</ItemName><ManufacturerName>ספרינג</ManufacturerName><ManufactureCountry>ישראל</ManufactureCountry><ManufacturerItemDescription>ספרינג נקטר מנגו 1 ל -קרט</ManufacturerItemDescription><SoldByWeight/><Quantity>1000.00</Quantity><UnitOfMeasure>מ"ל</UnitOfMeasure><QtyInPackage>לא ידוע</QtyInPackage><UnitOfMeasurePrice>0.0067</UnitOfMeasurePrice><AllowDiscount>1</AllowDiscount><ItemStatus>1</ItemStatus><ItemPrice>6.70</ItemPrice></item><item><PriceUpdateDate>2016-05-01 06:11:04</PriceUpdateDate><ItemCode>7290001247105</ItemCode><ItemType>1</ItemType><ItemName>נקטר ספרינג אפרסק קר</ItemName><ManufacturerName>ספרינג</ManufacturerName><ManufactureCountry>ישראל</ManufactureCountry><ManufacturerItemDescription>ספרינג נקטר אפרסק 1 ל-קרט</ManufacturerItemDescription><SoldByWeight/><Quantity>1000.00</Quantity><UnitOfMeasure>מ"ל</UnitOfMeasure><QtyInPackage>לא ידוע</QtyInPackage><UnitOfMeasurePrice>0.0067</UnitOfMeasurePrice><AllowDiscount>1</AllowDiscount><ItemStatus>1</ItemStatus><ItemPrice>6.70</ItemPrice></item><item><PriceUpdateDate>2016-05-01 06:11:04</PriceUpdateDate><ItemCode>7290001247129</ItemCode><ItemType>1</ItemType><ItemName>נקטר ספרינג תפוזים ק</ItemName><ManufacturerName>ספרינג</ManufacturerName><ManufactureCountry>ישראל</ManufactureCountry><ManufacturerItemDescription>ספרינג נקטר תפוזים 1 ל-קר</ManufacturerItemDescription><SoldByWeight/><Quantity>1000.00</Quantity><UnitOfMeasure>מ"ל</UnitOfMeasure><QtyInPackage>לא ידוע</QtyInPackage><UnitOfMeasurePrice>0.0067</UnitOfMeasurePrice><AllowDiscount>1</AllowDiscount><ItemStatus>1</ItemStatus><ItemPrice>6.70</ItemPrice></item><item><PriceUpdateDate>2016-05-01 06:11:04</PriceUpdateDate><ItemCode>7290001247143</ItemCode><ItemType>1</ItemType><ItemName>נקטר ספרינג תפוחים ק</ItemName><ManufacturerName>ספרינג</ManufacturerName><ManufactureCountry>ישראל</ManufactureCountry><ManufacturerItemDescription>ספרינג נקטר תפוחים 1 ל קר</ManufacturerItemDescription><SoldByWeight/><Quantity>1000.00</Quantity><UnitOfMeasure>מ"ל</UnitOfMeasure><QtyInPackage>לא ידוע</QtyInPackage><UnitOfMeasurePrice>0.0067</UnitOfMeasurePrice><AllowDiscount>1</AllowDiscount><ItemStatus>1</ItemStatus><ItemPrice>6.70</ItemPrice></item><item><PriceUpdateDate>2016-02-26 06:49:19</PriceUpdateDate><ItemCode>7290001247952</ItemCode><ItemType>1</ItemType><ItemName>ענבינה. 1.5 ליטר</ItemName><ManufacturerName>תפוזינה</ManufacturerName><ManufactureCountry>ישראל</ManufactureCountry><ManufacturerItemDescription>תפוזינה ענבים 1.5 ליטר</ManufacturerItemDescription><SoldByWeight/><Quantity>1500.00</Quantity><UnitOfMeasure>מ"ל</UnitOfMeasure><QtyInPackage>לא ידוע</QtyInPackage><UnitOfMeasurePrice>0.0050</UnitOfMeasurePrice><AllowDiscount>1</AllowDiscount><ItemStatus>1</ItemStatus><ItemPrice>7.50</ItemPrice></item><item><PriceUpdateDate>2016-05-31 06:15:56</PriceUpdateDate><ItemCode>7290001305188</ItemCode><ItemType>1</ItemType><ItemName>נוזל כלים פלמוליב צה</ItemName><ManufacturerName>פלמוליב</ManufacturerName><ManufactureCountry>יוון</ManufactureCountry><ManufacturerItemDescription>פלמוליב כלים לימון 750 מל</ManufacturerItemDescription><SoldByWeight/><Quantity>750.00</Quantity><UnitOfMeasure>מ"ל</UnitOfMeasure><QtyInPackage>לא ידוע</QtyInPackage><UnitOfMeasurePrice>0.0132</UnitOfMeasurePrice><AllowDiscount>1</AllowDiscount><ItemStatus>1</ItemStatus><ItemPrice>9.90</ItemPrice></item><item><PriceUpdateDate>2016-05-31 06:15:56</PriceUpdateDate><ItemCode>7290001327029</ItemCode><ItemType>1</ItemType><ItemName>מאגדת מיקס קורנטו/שו</ItemName><ManufacturerName>שטראוס גלידה</ManufacturerName><ManufactureCountry>ישראל</ManufactureCountry><ManufacturerItemDescription>שלגון טעמקור+שוקובו+קורנט</ManufacturerItemDescription><SoldByWeight/><Quantity>452.00</Quantity><UnitOfMeasure>גרם     </UnitOfMeasure><QtyInPackage>לא ידוע</QtyInPackage><UnitOfMeasurePrice>0.0573</UnitOfMeasurePrice><AllowDiscount>1</AllowDiscount><ItemStatus>1</ItemStatus><ItemPrice>25.90</ItemPrice></item><item><PriceUpdateDate>2016-08-02 09:29:44</PriceUpdateDate><ItemCode>7290001327227</ItemCode><ItemType>1</ItemType><ItemName>גלידות קרמיסימו ריבת</ItemName><ManufacturerName>קרמיסימו</ManufacturerName><ManufactureCountry>ישראל</ManufactureCountry><ManufacturerItemDescription>קרמיסימו ריבת חלב</ManufacturerItemDescription><SoldByWeight/><Quantity>1330.00</Quantity><UnitOfMeasure>מ"ל</UnitOfMeasure><QtyInPackage>לא ידוע</QtyInPackage><UnitOfMeasurePrice>0.0150</UnitOfMeasurePrice><AllowDiscount>1</AllowDiscount><ItemStatus>1</ItemStatus><ItemPrice>19.90</ItemPrice></item><item><PriceUpdateDate>2016-08-02 09:29:44</PriceUpdateDate><ItemCode>7290001327357</ItemCode><ItemType>1</ItemType><ItemName>גלידות קרמיסימו וניל</ItemName><ManufacturerName>קרמיסימו</ManufacturerName><ManufactureCountry>ישראל</ManufactureCountry><ManufacturerItemDescription>קרמיסימו וניל 1.33 ל</ManufacturerItemDescription><SoldByWeight/><Quantity>1330.00</Quantity><UnitOfMeasure>מ"ל</UnitOfMeasure><QtyInPackage>לא ידוע</QtyInPackage><UnitOfMeasurePrice>0.0150</UnitOfMeasurePrice><AllowDiscount>1</AllowDiscount><ItemStatus>1</ItemStatus><ItemPrice>19.90</ItemPrice></item><item><PriceUpdateDate>2016-08-02 09:29:44</PriceUpdateDate><ItemCode>7290001327791</ItemCode><ItemType>1</ItemType><ItemName>גלידות קרמיסימו עוגי</ItemName><ManufacturerName>קרמיסימו</ManufacturerName><ManufactureCountry>ישראל</ManufactureCountry><ManufacturerItemDescription>קרמיסימו עוגיות 1.33 ל</ManufacturerItemDescription><SoldByWeight/><Quantity>1330.00</Quantity><UnitOfMeasure>מ"ל</UnitOfMeasure><QtyInPackage>לא ידוע</QtyInPackage><UnitOfMeasurePrice>0.0150</UnitOfMeasurePrice><AllowDiscount>1</AllowDiscount><ItemStatus>1</ItemStatus><ItemPrice>19.90</ItemPrice></item><item><PriceUpdateDate>2016-06-28 07:03:39</PriceUpdateDate><ItemCode>7290001327838</ItemCode><ItemType>1</ItemType><ItemName>מב מאגדת מיני מגנום</ItemName><ManufacturerName>מגנום-גלידה</ManufacturerName><ManufactureCountry>ישראל</ManufactureCountry><ManufacturerItemDescription>מאגדת מיני מגנום וניל</ManufacturerItemDescription><SoldByWeight/><Quantity>270.00</Quantity><UnitOfMeasure>גרם     </UnitOfMeasure><QtyInPackage>לא ידוע</QtyInPackage><UnitOfMeasurePrice>0.0922</UnitOfMeasurePrice><AllowDiscount>1</AllowDiscount><ItemStatus>1</ItemStatus><ItemPrice>24.90</ItemPrice></item><item><PriceUpdateDate>2016-08-02 09:29:44</PriceUpdateDate><ItemCode>7290001407547</ItemCode><ItemType>1</ItemType><ItemName>מב טחינה בארכה משומש</ItemName><ManufacturerName>בארכה</ManufacturerName><ManufactureCountry>ישראל</ManufactureCountry><ManufacturerItemDescription>מב טחינה בארכה משומש</ManufacturerItemDescription><SoldByWeight/><Quantity>500.00</Quantity><UnitOfMeasure>גרם     </UnitOfMeasure><QtyInPackage>לא ידוע</QtyInPackage><UnitOfMeasurePrice>0.0278</UnitOfMeasurePrice><AllowDiscount>1</AllowDiscount><ItemStatus>1</ItemStatus><ItemPrice>13.90</ItemPrice></item><item><PriceUpdateDate>2016-07-18 13:37:58</PriceUpdateDate><ItemCode>7290001407936</ItemCode><ItemType>1</ItemType><ItemName>בארכה טחינה מעודנת</ItemName><ManufacturerName>בארכה</ManufacturerName><ManufactureCountry>לא ידוע</ManufactureCountry><ManufacturerItemDescription>בארכה טחינה מעודנת</ManufacturerItemDescription><SoldByWeight/><Quantity>310.00</Quantity><UnitOfMeasure>גרם     </UnitOfMeasure><QtyInPackage>לא ידוע</QtyInPackage><UnitOfMeasurePrice>0.0352</UnitOfMeasurePrice><AllowDiscount>1</AllowDiscount><ItemStatus>1</ItemStatus><ItemPrice>10.90</ItemPrice></item><item><PriceUpdateDate>2015-10-11 06:43:48</PriceUpdateDate><ItemCode>7290001594155</ItemCode><ItemType>1</ItemType><ItemName>קוקה קולה 0.5 ליטר.</ItemName><ManufacturerName>קוקה קולה</ManufacturerName><ManufactureCountry>ישראל</ManufactureCountry><ManufacturerItemDescription>קוקה קולה500 מל</ManufacturerItemDescription><SoldByWeight/><Quantity>500.00</Quantity><UnitOfMeasure>מ"ל</UnitOfMeasure><QtyInPackage>לא ידוע</QtyInPackage><UnitOfMeasurePrice>0.0146</UnitOfMeasurePrice><AllowDiscount>1</AllowDiscount><ItemStatus>1</ItemStatus><ItemPrice>7.30</ItemPrice></item><item><PriceUpdateDate>2015-10-11 06:43:48</PriceUpdateDate><ItemCode>7290001594179</ItemCode><ItemType>1</ItemType><ItemName>פאנטה אורנג' 5 0 ליט</ItemName><ManufacturerName>פאנטה אורנג</ManufacturerName><ManufactureCountry>ישראל</ManufactureCountry><ManufacturerItemDescription>פאנטה אורנג 500 בקבוק</ManufacturerItemDescription><SoldByWeight/><Quantity>500.00</Quantity><UnitOfMeasure>מ"ל</UnitOfMeasure><QtyInPackage>לא ידוע</QtyInPackage><UnitOfMeasurePrice>0.0146</UnitOfMeasurePrice><AllowDiscount>1</AllowDiscount><ItemStatus>1</ItemStatus><ItemPrice>7.30</ItemPrice></item><item><PriceUpdateDate>2015-10-11 06:43:48</PriceUpdateDate><ItemCode>7290001594186</ItemCode><ItemType>1</ItemType><ItemName>קוקה קולה דיאט 0.5 ל</ItemName><ManufacturerName>דיאט קוקה קולה</ManufacturerName><ManufactureCountry>ישראל</ManufactureCountry><ManufacturerItemDescription>קוקה קולה דיאט500 מל</ManufacturerItemDescription><SoldByWeight/><Quantity>500.00</Quantity><UnitOfMeasure>מ"ל</UnitOfMeasure><QtyInPackage>לא ידוע</QtyInPackage><UnitOfMeasurePrice>0.0146</UnitOfMeasurePrice><AllowDiscount>1</AllowDiscount><ItemStatus>1</ItemStatus><ItemPrice>7.30</ItemPrice></item><item><PriceUpdateDate>2015-10-11 06:43:48</PriceUpdateDate><ItemCode>7290001594377</ItemCode><ItemType>1</ItemType><ItemName>מיץ פריגת תפוזים 0.5</ItemName><ManufacturerName>פריגת</ManufacturerName><ManufactureCountry>ישראל</ManufactureCountry><ManufacturerItemDescription>משקל פריגת תפוזים500 מל</ManufacturerItemDescription><SoldByWeight/><Quantity>500.00</Quantity><UnitOfMeasure>מ"ל</UnitOfMeasure><QtyInPackage>לא ידוע</QtyInPackage><UnitOfMeasurePrice>0.0132</UnitOfMeasurePrice><AllowDiscount>1</AllowDiscount><ItemStatus>1</ItemStatus><ItemPrice>6.60</ItemPrice></item><item><PriceUpdateDate>2015-10-11 06:43:48</PriceUpdateDate><ItemCode>7290001594391</ItemCode><ItemType>1</ItemType><ItemName>מיץ פריגת ענבים 0.5</ItemName><ManufacturerName>פריגת</ManufacturerName><ManufactureCountry>ישראל</ManufactureCountry><ManufacturerItemDescription>משקל פריגת ענבים500 מל</ManufacturerItemDescription><SoldByWeight/><Quantity>500.00</Quantity><UnitOfMeasure>מ"ל</UnitOfMeasure><QtyInPackage>לא ידוע</QtyInPackage><UnitOfMeasurePrice>0.0132</UnitOfMeasurePrice><AllowDiscount>1</AllowDiscount><ItemStatus>1</ItemStatus><ItemPrice>6.60</ItemPrice></item><item><PriceUpdateDate>2016-08-02 09:29:45</PriceUpdateDate><ItemCode>7290001594858</ItemCode><ItemType>1</ItemType><ItemName>מב בירה טובורג רד בק</ItemName><ManufacturerName>טובורג רד</ManufacturerName><ManufactureCountry>ישראל</ManufactureCountry><ManufacturerItemDescription>בירה טובורג רד בקבוק</ManufacturerItemDescription><SoldByWeight/><Quantity>1980.00</Quantity><UnitOfMeasure>מ"ל</UnitOfMeasure><QtyInPackage>לא ידוע</QtyInPackage><UnitOfMeasurePrice>0.0186</UnitOfMeasurePrice><AllowDiscount>1</AllowDiscount><ItemStatus>1</ItemStatus><ItemPrice>36.90</ItemPrice></item><item><PriceUpdateDate>2016-05-01 10:29:32</PriceUpdateDate><ItemCode>7290001654538</ItemCode><ItemType>1</ItemType><ItemName>לחם אישי חיטה מלאה</ItemName><ManufacturerName>מאפה צרפתי</ManufacturerName><ManufactureCountry>ישראל</ManufactureCountry><ManufacturerItemDescription>לחם אישי חיטה מלאה</ManufacturerItemDescription><SoldByWeight/><Quantity>1000.00</Quantity><UnitOfMeasure>קג</UnitOfMeasure><QtyInPackage>לא ידוע</QtyInPackage><UnitOfMeasurePrice>0.0049</UnitOfMeasurePrice><AllowDiscount>1</AllowDiscount><ItemStatus>1</ItemStatus><ItemPrice>4.90</ItemPrice></item><item><PriceUpdateDate>2016-05-01 10:29:32</PriceUpdateDate><ItemCode>7290001656402</ItemCode><ItemType>1</ItemType><ItemName>לחם דגנים 580 גרם</ItemName><ManufacturerName>לא ידוע</ManufacturerName><ManufactureCountry>ישראל</ManufactureCountry><ManufacturerItemDescription>לחם דגנים 580 גרם</ManufacturerItemDescription><SoldByWeight/><Quantity>580.00</Quantity><UnitOfMeasure>גרם     </UnitOfMeasure><QtyInPackage>לא ידוע</QtyInPackage><UnitOfMeasurePrice>0.0236</UnitOfMeasurePrice><AllowDiscount>1</AllowDiscount><ItemStatus>1</ItemStatus><ItemPrice>13.70</ItemPrice></item><item><PriceUpdateDate>2016-06-28 07:03:40</PriceUpdateDate><ItemCode>7290001670057</ItemCode><ItemType>1</ItemType><ItemName>כפיות חד פעמי לבן 10</ItemName><ManufacturerName>הנמל</ManufacturerName><ManufactureCountry>ישראל</ManufactureCountry><ManufacturerItemDescription>כפיות חד פעמי לבן 10</ManufacturerItemDescription><SoldByWeight/><Quantity>100.00</Quantity><UnitOfMeasure>בודד</UnitOfMeasure><QtyInPackage>לא ידוע</QtyInPackage><UnitOfMeasurePrice>0.0990</UnitOfMeasurePrice><AllowDiscount>1</AllowDiscount><ItemStatus>1</ItemStatus><ItemPrice>9.90</ItemPrice></item><item><PriceUpdateDate>2016-06-28 07:03:40</PriceUpdateDate><ItemCode>7290001670064</ItemCode><ItemType>1</ItemType><ItemName>סכין חד פעמי לבן 100</ItemName><ManufacturerName>הנמל</ManufacturerName><ManufactureCountry>ישראל</ManufactureCountry><ManufacturerItemDescription>סכין חד פעמי לבן 100</ManufacturerItemDescription><SoldByWeight/><Quantity>100.00</Quantity><UnitOfMeasure>בודד</UnitOfMeasure><QtyInPackage>לא ידוע</QtyInPackage><UnitOfMeasurePrice>0.0990</UnitOfMeasurePrice><AllowDiscount>1</AllowDiscount><ItemStatus>1</ItemStatus><ItemPrice>9.90</ItemPrice></item><item><PriceUpdateDate>2016-06-28 07:03:40</PriceUpdateDate><ItemCode>7290001670071</ItemCode><ItemType>1</ItemType><ItemName>כף חד פעמי לבן 100 י</ItemName><ManufacturerName>הנמל</ManufacturerName><ManufactureCountry>ישראל</ManufactureCountry><ManufacturerItemDescription>כף חד פעמי לבן 100 י</ManufacturerItemDescription><SoldByWeight/><Quantity>100.00</Quantity><UnitOfMeasure>בודד</UnitOfMeasure><QtyInPackage>לא ידוע</QtyInPackage><UnitOfMeasurePrice>0.0990</UnitOfMeasurePrice><AllowDiscount>1</AllowDiscount><ItemStatus>1</ItemStatus><ItemPrice>9.90</ItemPrice></item><item><PriceUpdateDate>2016-05-31 06:15:57</PriceUpdateDate><ItemCode>7290001670873</ItemCode><ItemType>1</ItemType><ItemName>צלחות חד פעמיותבמשקל</ItemName><ManufacturerName>הנמל</ManufacturerName><ManufactureCountry>ישראל</ManufactureCountry><ManufacturerItemDescription>צלחות ח.פ .קשיח 1 קג</ManufacturerItemDescription><SoldByWeight/><Quantity>66.00</Quantity><UnitOfMeasure>בודד</UnitOfMeasure><QtyInPackage>לא ידוע</QtyInPackage><UnitOfMeasurePrice>0.3470</UnitOfMeasurePrice><AllowDiscount>1</AllowDiscount><ItemStatus>1</ItemStatus><ItemPrice>22.90</ItemPrice></item><item><PriceUpdateDate>2016-08-02 09:29:45</PriceUpdateDate><ItemCode>7290001713518</ItemCode><ItemType>1</ItemType><ItemName>סנט מוריץ נוזל לניקו</ItemName><ManufacturerName>סנט מוריץ</ManufacturerName><ManufactureCountry>ישראל</ManufactureCountry><ManufacturerItemDescription>סנט מוריץ נוזל לניקו</ManufacturerItemDescription><SoldByWeight/><Quantity>750.00</Quantity><UnitOfMeasure>מ"ל</UnitOfMeasure><QtyInPackage>לא ידוע</QtyInPackage><UnitOfMeasurePrice>0.0252</UnitOfMeasurePrice><AllowDiscount>1</AllowDiscount><ItemStatus>1</ItemStatus><ItemPrice>18.90</ItemPrice></item><item><PriceUpdateDate>2016-06-28 07:03:41</PriceUpdateDate><ItemCode>7290001791349</ItemCode><ItemType>1</ItemType><ItemName>סנו אקונומיקה פיסגה</ItemName><ManufacturerName>פיסגה סנו</ManufacturerName><ManufactureCountry>ישראל</ManufactureCountry><ManufacturerItemDescription>סנו אקונומיקה פיסגה</ManufacturerItemDescription><SoldByWeight/><Quantity>4000.00</Quantity><UnitOfMeasure>מ"ל</UnitOfMeasure><QtyInPackage>לא ידוע</QtyInPackage><UnitOfMeasurePrice>0.0030</UnitOfMeasurePrice><AllowDiscount>1</AllowDiscount><ItemStatus>1</ItemStatus><ItemPrice>11.90</ItemPrice></item><item><PriceUpdateDate>2016-06-28 07:03:41</PriceUpdateDate><ItemCode>7290001813881</ItemCode><ItemType>1</ItemType><ItemName>פתיבר קלאסי 500 גרם</ItemName><ManufacturerName>עלית</ManufacturerName><ManufactureCountry>ישראל</ManufactureCountry><ManufacturerItemDescription>פתיבר קלאסי 500 גרם</ManufacturerItemDescription><SoldByWeight/><Quantity>500.00</Quantity><UnitOfMeasure>גרם     </UnitOfMeasure><QtyInPackage>לא ידוע</QtyInPackage><UnitOfMeasurePrice>0.0238</UnitOfMeasurePrice><AllowDiscount>1</AllowDiscount><ItemStatus>1</ItemStatus><ItemPrice>11.90</ItemPrice></item><item><PriceUpdateDate>2016-02-16 09:21:54</PriceUpdateDate><ItemCode>7290001814222</ItemCode><ItemType>1</ItemType><ItemName>שוקולד פרה עדשים 100</ItemName><ManufacturerName>פרה</ManufacturerName><ManufactureCountry>ישראל</ManufactureCountry><ManufacturerItemDescription>שוקולד פרה עדשים 100 גר</ManufacturerItemDescription><SoldByWeight/><Quantity>100.00</Quantity><UnitOfMeasure>גרם     </UnitOfMeasure><QtyInPackage>לא ידוע</QtyInPackage><UnitOfMeasurePrice>0.0690</UnitOfMeasurePrice><AllowDiscount>0</AllowDiscount><ItemStatus>1</ItemStatus><ItemPrice>6.90</ItemPrice></item><item><PriceUpdateDate>2016-08-02 09:29:45</PriceUpdateDate><ItemCode>7290001865453</ItemCode><ItemType>1</ItemType><ItemName>מב אל סבון נוזלי פמל</ItemName><ManufacturerName>פמילי</ManufacturerName><ManufactureCountry>ישראל</ManufactureCountry><ManufacturerItemDescription>פמילי אלסבון נוזלי לבנדר+</ManufacturerItemDescription><SoldByWeight/><Quantity>1000.00</Quantity><UnitOfMeasure>מ"ל</UnitOfMeasure><QtyInPackage>לא ידוע</QtyInPackage><UnitOfMeasurePrice>0.0129</UnitOfMeasurePrice><AllowDiscount>1</AllowDiscount><ItemStatus>1</ItemStatus><ItemPrice>12.90</ItemPrice></item><item><PriceUpdateDate>2016-06-28 07:03:41</PriceUpdateDate><ItemCode>7290001985311</ItemCode><ItemType>1</ItemType><ItemName>מב מאגדת מיני מגנום</ItemName><ManufacturerName>מגנום-גלידה</ManufacturerName><ManufactureCountry>ישראל</ManufactureCountry><ManufacturerItemDescription>מאגדת מיני מאגנום שקדים</ManufacturerItemDescription><SoldByWeight/><Quantity>270.00</Quantity><UnitOfMeasure>גרם     </UnitOfMeasure><QtyInPackage>לא ידוע</QtyInPackage><UnitOfMeasurePrice>0.0922</UnitOfMeasurePrice><AllowDiscount>1</AllowDiscount><ItemStatus>1</ItemStatus><ItemPrice>24.90</ItemPrice></item><item><PriceUpdateDate>2016-05-01 06:44:33</PriceUpdateDate><ItemCode>7290001985953</ItemCode><ItemType>1</ItemType><ItemName>מב מאגדת קלי קלות מע</ItemName><ManufacturerName>שטראוס גלידה</ManufacturerName><ManufactureCountry>ישראל</ManufactureCountry><ManufacturerItemDescription>מב מאגדת קלי קלות מע</ManufacturerItemDescription><SoldByWeight/><Quantity>800.00</Quantity><UnitOfMeasure>גרם     </UnitOfMeasure><QtyInPackage>לא ידוע</QtyInPackage><UnitOfMeasurePrice>0.0249</UnitOfMeasurePrice><AllowDiscount>1</AllowDiscount><ItemStatus>1</ItemStatus><ItemPrice>19.90</ItemPrice></item><item><PriceUpdateDate>2015-11-10 07:32:04</PriceUpdateDate><ItemCode>7290001990148</ItemCode><ItemType>1</ItemType><ItemName>סוכר גולדן קלאסי 1ק"</ItemName><ManufacturerName>סוגת</ManufacturerName><ManufactureCountry>ישראל</ManufactureCountry><ManufacturerItemDescription>סוכר גולדן קלאסי 1 קג</ManufacturerItemDescription><SoldByWeight/><Quantity>1000.00</Quantity><UnitOfMeasure>גרם     </UnitOfMeasure><QtyInPackage>לא ידוע</QtyInPackage><UnitOfMeasurePrice>0.0141</UnitOfMeasurePrice><AllowDiscount>1</AllowDiscount><ItemStatus>1</ItemStatus><ItemPrice>14.10</ItemPrice></item><item><PriceUpdateDate>2015-11-10 07:32:04</PriceUpdateDate><ItemCode>7290001990261</ItemCode><ItemType>1</ItemType><ItemName>חומוס 1 ק''ג</ItemName><ManufacturerName>סוגת</ManufacturerName><ManufactureCountry>ישראל</ManufactureCountry><ManufacturerItemDescription>חומוס 1 ק''ג</ManufacturerItemDescription><SoldByWeight/><Quantity>1000.00</Quantity><UnitOfMeasure>גרם     </UnitOfMeasure><QtyInPackage>לא ידוע</QtyInPackage><UnitOfMeasurePrice>0.0158</UnitOfMeasurePrice><AllowDiscount>1</AllowDiscount><ItemStatus>1</ItemStatus><ItemPrice>15.80</ItemPrice></item><item><PriceUpdateDate>2015-11-10 07:32:05</PriceUpdateDate><ItemCode>7290002007241</ItemCode><ItemType>1</ItemType><ItemName>סודה לשתיה הנמל 50 ג</ItemName><ManufacturerName>הנמל</ManufacturerName><ManufactureCountry>ישראל</ManufactureCountry><ManufacturerItemDescription>אבקת סודה לשתיה50 גר</ManufacturerItemDescription><SoldByWeight/><Quantity>14.00</Quantity><UnitOfMeasure>גרם     </UnitOfMeasure><QtyInPackage>לא ידוע</QtyInPackage><UnitOfMeasurePrice>0.1357</UnitOfMeasurePrice><AllowDiscount>1</AllowDiscount><ItemStatus>1</ItemStatus><ItemPrice>1.90</ItemPrice></item><item><PriceUpdateDate>2016-08-07 20:02:47</PriceUpdateDate><ItemCode>7290002007487</ItemCode><ItemType>1</ItemType><ItemName>צמר פלדה 100 גרם</ItemName><ManufacturerName>הנמל</ManufacturerName><ManufactureCountry>ישראל</ManufactureCountry><ManufacturerItemDescription>צמר פלדה 100 גרם</ManufacturerItemDescription><SoldByWeight/><Quantity>100.00</Quantity><UnitOfMeasure>גרם     </UnitOfMeasure><QtyInPackage>לא ידוע</QtyInPackage><UnitOfMeasurePrice>0.0490</UnitOfMeasurePrice><AllowDiscount>1</AllowDiscount><ItemStatus>1</ItemStatus><ItemPrice>4.90</ItemPrice></item><item><PriceUpdateDate>2015-01-27 10:35:04</PriceUpdateDate><ItemCode>7290002007623</ItemCode><ItemType>1</ItemType><ItemName>כוסות חד פעמיות  ליי</ItemName><ManufacturerName>הנמל</ManufacturerName><ManufactureCountry>ישראל</ManufactureCountry><ManufacturerItemDescription>כוסות יין 50 יח</ManufacturerItemDescription><SoldByWeight/><Quantity>0.00</Quantity><UnitOfMeasure>יח'</UnitOfMeasure><QtyInPackage>לא ידוע</QtyInPackage><UnitOfMeasurePrice>0.0000</UnitOfMeasurePrice><AllowDiscount>1</AllowDiscount><ItemStatus>1</ItemStatus><ItemPrice>3.70</ItemPrice></item><item><PriceUpdateDate>2016-02-01 19:32:57</PriceUpdateDate><ItemCode>7290002007890</ItemCode><ItemType>1</ItemType><ItemName>כוסות חד פעמיות שקוף</ItemName><ManufacturerName>הנמל</ManufacturerName><ManufactureCountry>ישראל</ManufactureCountry><ManufacturerItemDescription>כוסות חד פעמיות שקוף</ManufacturerItemDescription><SoldByWeight/><Quantity>100.00</Quantity><UnitOfMeasure>בודד</UnitOfMeasure><QtyInPackage>לא ידוע</QtyInPackage><UnitOfMeasurePrice>0.0640</UnitOfMeasurePrice><AllowDiscount>0</AllowDiscount><ItemStatus>1</ItemStatus><ItemPrice>6.40</ItemPrice></item><item><PriceUpdateDate>2016-06-28 07:03:41</PriceUpdateDate><ItemCode>7290002007982</ItemCode><ItemType>1</ItemType><ItemName>מזלגות חד פעמיות לבן</ItemName><ManufacturerName>הנמל</ManufacturerName><ManufactureCountry>ישראל</ManufactureCountry><ManufacturerItemDescription>מזלגות חד פעמיות לבן</ManufacturerItemDescription><SoldByWeight/><Quantity>100.00</Quantity><UnitOfMeasure>בודד</UnitOfMeasure><QtyInPackage>לא ידוע</QtyInPackage><UnitOfMeasurePrice>0.0990</UnitOfMeasurePrice><AllowDiscount>1</AllowDiscount><ItemStatus>1</ItemStatus><ItemPrice>9.90</ItemPrice></item><item><PriceUpdateDate>2016-08-07 20:02:47</PriceUpdateDate><ItemCode>7290002007999</ItemCode><ItemType>1</ItemType><ItemName>צלחות חד פעמיות גדול</ItemName><ManufacturerName>הנמל</ManufacturerName><ManufactureCountry>ישראל</ManufactureCountry><ManufacturerItemDescription>צלחות חד פעמיות גדול</ManufacturerItemDescription><SoldByWeight/><Quantity>50.00</Quantity><UnitOfMeasure>בודד</UnitOfMeasure><QtyInPackage>לא ידוע</QtyInPackage><UnitOfMeasurePrice>0.1980</UnitOfMeasurePrice><AllowDiscount>1</AllowDiscount><ItemStatus>1</ItemStatus><ItemPrice>9.90</ItemPrice></item><item><PriceUpdateDate>2015-11-10 07:32:06</PriceUpdateDate><ItemCode>7290002008088</ItemCode><ItemType>1</ItemType><ItemName>צבע מאכל צהוב 55 גרם</ItemName><ManufacturerName>הנמל</ManufacturerName><ManufactureCountry>ישראל</ManufactureCountry><ManufacturerItemDescription>צבע מאכל צהוב 55 גרם</ManufacturerItemDescription><SoldByWeight/><Quantity>55.00</Quantity><UnitOfMeasure>מ"ל</UnitOfMeasure><QtyInPackage>לא ידוע</QtyInPackage><UnitOfMeasurePrice>0.0709</UnitOfMeasurePrice><AllowDiscount>1</AllowDiscount><ItemStatus>1</ItemStatus><ItemPrice>3.90</ItemPrice></item><item><PriceUpdateDate>2015-11-10 07:32:06</PriceUpdateDate><ItemCode>7290002008118</ItemCode><ItemType>1</ItemType><ItemName>צמרוני עץ ארוז 100 י</ItemName><ManufacturerName>הנמל</ManufacturerName><ManufactureCountry>ישראל</ManufactureCountry><ManufacturerItemDescription>צמרוני עץ ארוז 100 י</ManufacturerItemDescription><SoldByWeight/><Quantity>100.00</Quantity><UnitOfMeasure>יח'</UnitOfMeasure><QtyInPackage>לא ידוע</QtyInPackage><UnitOfMeasurePrice>0.0190</UnitOfMeasurePrice><AllowDiscount>1</AllowDiscount><ItemStatus>1</ItemStatus><ItemPrice>1.90</ItemPrice></item><item><PriceUpdateDate>2015-11-10 07:32:06</PriceUpdateDate><ItemCode>7290002008187</ItemCode><ItemType>1</ItemType><ItemName>קש מתקפל צבעוני 40 י</ItemName><ManufacturerName>הנמל</ManufacturerName><ManufactureCountry>ישראל</ManufactureCountry><ManufacturerItemDescription>קש שתיה מתקפלים 40 יח</ManufacturerItemDescription><SoldByWeight/><Quantity>0.00</Quantity><UnitOfMeasure>יח'</UnitOfMeasure><QtyInPackage>לא ידוע</QtyInPackage><UnitOfMeasurePrice>0.0000</UnitOfMeasurePrice><AllowDiscount>1</AllowDiscount><ItemStatus>1</ItemStatus><ItemPrice>1.90</ItemPrice></item><item><PriceUpdateDate>2015-01-27 10:35:04</PriceUpdateDate><ItemCode>7290002008309</ItemCode><ItemType>1</ItemType><ItemName>נייר עטרות מ''ס 4 10</ItemName><ManufacturerName>הנמל</ManufacturerName><ManufactureCountry>ישראל</ManufactureCountry><ManufacturerItemDescription>נייר עטרות מ''ס 4 10</ManufacturerItemDescription><SoldByWeight/><Quantity>0.00</Quantity><UnitOfMeasure>יח'</UnitOfMeasure><QtyInPackage>לא ידוע</QtyInPackage><UnitOfMeasurePrice>0.0000</UnitOfMeasurePrice><AllowDiscount>1</AllowDiscount><ItemStatus>1</ItemStatus><ItemPrice>5.70</ItemPrice></item><item><PriceUpdateDate>2016-08-02 09:29:45</PriceUpdateDate><ItemCode>7290002008354</ItemCode><ItemType>1</ItemType><ItemName>מב מפות שולחן בגליל</ItemName><ManufacturerName>הנמל</ManufacturerName><ManufactureCountry>ישראל</ManufactureCountry><ManufacturerItemDescription>מב מפות שולחן בגליל</ManufacturerItemDescription><SoldByWeight/><Quantity>8.00</Quantity><UnitOfMeasure>יח'</UnitOfMeasure><QtyInPackage>לא ידוע</QtyInPackage><UnitOfMeasurePrice>0.8625</UnitOfMeasurePrice><AllowDiscount>1</AllowDiscount><ItemStatus>1</ItemStatus><ItemPrice>6.90</ItemPrice></item><item><PriceUpdateDate>2015-01-27 10:35:04</PriceUpdateDate><ItemCode>7290002008460</ItemCode><ItemType>1</ItemType><ItemName>עטרות חום</ItemName><ManufacturerName>הנמל</ManufacturerName><ManufactureCountry>ישראל</ManufactureCountry><ManufacturerItemDescription>עטרות חום</ManufacturerItemDescription><SoldByWeight/><Quantity>0.00</Quantity><UnitOfMeasure>יח'</UnitOfMeasure><QtyInPackage>לא ידוע</QtyInPackage><UnitOfMeasurePrice>0.0000</UnitOfMeasurePrice><AllowDiscount>1</AllowDiscount><ItemStatus>1</ItemStatus><ItemPrice>4.70</ItemPrice></item><item><PriceUpdateDate>2016-03-15 11:31:37</PriceUpdateDate><ItemCode>7290002008507</ItemCode><ItemType>1</ItemType><ItemName>נייר אפיה 50יח</ItemName><ManufacturerName>הנמל</ManufacturerName><ManufactureCountry>ישראל</ManufactureCountry><ManufacturerItemDescription>נייר אפיה</ManufacturerItemDescription><SoldByWeight/><Quantity>0.00</Quantity><UnitOfMeasure>יח'</UnitOfMeasure><QtyInPackage>לא ידוע</QtyInPackage><UnitOfMeasurePrice>0.0000</UnitOfMeasurePrice><AllowDiscount>0</AllowDiscount><ItemStatus>1</ItemStatus><ItemPrice>9.90</ItemPrice></item><item><PriceUpdateDate>2015-10-19 10:44:28</PriceUpdateDate><ItemCode>7290002008750</ItemCode><ItemType>1</ItemType><ItemName>אבקת אפיה 100 גרם</ItemName><ManufacturerName>מיה</ManufacturerName><ManufactureCountry>ישראל</ManufactureCountry><ManufacturerItemDescription>אבקת אפיה</ManufacturerItemDescription><SoldByWeight/><Quantity>100.00</Quantity><UnitOfMeasure>גרם     </UnitOfMeasure><QtyInPackage>לא ידוע</QtyInPackage><UnitOfMeasurePrice>0.0330</UnitOfMeasurePrice><AllowDiscount>1</AllowDiscount><ItemStatus>1</ItemStatus><ItemPrice>3.30</ItemPrice></item><item><PriceUpdateDate>2015-11-10 07:32:06</PriceUpdateDate><ItemCode>7290002008774</ItemCode><ItemType>1</ItemType><ItemName>שומשום 200 גרם</ItemName><ManufacturerName>הנמל</ManufacturerName><ManufactureCountry>ישראל</ManufactureCountry><ManufacturerItemDescription>שומשום 200 גרם</ManufacturerItemDescription><SoldByWeight/><Quantity>200.00</Quantity><UnitOfMeasure>גרם     </UnitOfMeasure><QtyInPackage>לא ידוע</QtyInPackage><UnitOfMeasurePrice>0.0355</UnitOfMeasurePrice><AllowDiscount>1</AllowDiscount><ItemStatus>1</ItemStatus><ItemPrice>7.10</ItemPrice></item><item><PriceUpdateDate>2016-07-13 18:55:54</PriceUpdateDate><ItemCode>7290002008897</ItemCode><ItemType>1</ItemType><ItemName>נייר טואלט חתוך לשבת</ItemName><ManufacturerName>הנמל</ManufacturerName><ManufactureCountry>ישראל</ManufactureCountry><ManufacturerItemDescription>נייר טואלט חתוך לשבת</ManufacturerItemDescription><SoldByWeight/><Quantity>0.00</Quantity><UnitOfMeasure>יח'</UnitOfMeasure><QtyInPackage>לא ידוע</QtyInPackage><UnitOfMeasurePrice>0.0000</UnitOfMeasurePrice><AllowDiscount>1</AllowDiscount><ItemStatus>1</ItemStatus><ItemPrice>2.80</ItemPrice></item><item><PriceUpdateDate>2016-02-08 14:14:16</PriceUpdateDate><ItemCode>7290002019114</ItemCode><ItemType>1</ItemType><ItemName>רסק עגבניות 28% A2 6</ItemName><ManufacturerName>פרי ניר</ManufacturerName><ManufactureCountry>ישראל</ManufactureCountry><ManufacturerItemDescription>רסק עגבניות 28% A2 6</ManufacturerItemDescription><SoldByWeight/><Quantity>600.00</Quantity><UnitOfMeasure>גרם     </UnitOfMeasure><QtyInPackage>לא ידוע</QtyInPackage><UnitOfMeasurePrice>0.0123</UnitOfMeasurePrice><AllowDiscount>1</AllowDiscount><ItemStatus>1</ItemStatus><ItemPrice>7.40</ItemPrice></item><item><PriceUpdateDate>2016-03-15 11:31:37</PriceUpdateDate><ItemCode>7290002019787</ItemCode><ItemType>1</ItemType><ItemName>רסק עגבניות פרי ניר</ItemName><ManufacturerName>לא ממותג</ManufacturerName><ManufactureCountry>ישראל</ManufactureCountry><ManufacturerItemDescription>רסק עגבניות 260 22% גרם</ManufacturerItemDescription><SoldByWeight/><Quantity>260.00</Quantity><UnitOfMeasure>גרם     </UnitOfMeasure><QtyInPackage>לא ידוע</QtyInPackage><UnitOfMeasurePrice>0.0150</UnitOfMeasurePrice><AllowDiscount>1</AllowDiscount><ItemStatus>1</ItemStatus><ItemPrice>3.90</ItemPrice></item><item><PriceUpdateDate>2015-01-27 10:34:19</PriceUpdateDate><ItemCode>7290002035206</ItemCode><ItemType>1</ItemType><ItemName>חזרת בצנצנת 360 גרם</ItemName><ManufacturerName>לנדאו</ManufacturerName><ManufactureCountry>ישראל</ManufactureCountry><ManufacturerItemDescription>חזרת בצנצנת 360 גרם</ManufacturerItemDescription><SoldByWeight/><Quantity>360.00</Quantity><UnitOfMeasure>גרם     </UnitOfMeasure><QtyInPackage>לא ידוע</QtyInPackage><UnitOfMeasurePrice>0.0425</UnitOfMeasurePrice><AllowDiscount>1</AllowDiscount><ItemStatus>1</ItemStatus><ItemPrice>15.30</ItemPrice></item><item><PriceUpdateDate>2015-11-10 07:32:06</PriceUpdateDate><ItemCode>7290002035725</ItemCode><ItemType>1</ItemType><ItemName>קציצות דג וויט פיש</ItemName><ManufacturerName>לנדאו</ManufacturerName><ManufactureCountry>ישראל</ManufactureCountry><ManufacturerItemDescription>קציצות דג וויט פיש</ManufacturerItemDescription><SoldByWeight/><Quantity>627.00</Quantity><UnitOfMeasure>גרם     </UnitOfMeasure><QtyInPackage>לא ידוע</QtyInPackage><UnitOfMeasurePrice>0.0815</UnitOfMeasurePrice><AllowDiscount>1</AllowDiscount><ItemStatus>1</ItemStatus><ItemPrice>51.10</ItemPrice></item><item><PriceUpdateDate>2016-05-01 10:31:51</PriceUpdateDate><ItemCode>7290002037194</ItemCode><ItemType>1</ItemType><ItemName>לחם אחיד מקמח מלא 75</ItemName><ManufacturerName>מאפית ברמן</ManufacturerName><ManufactureCountry>ישראל</ManufactureCountry><ManufacturerItemDescription>לחם אחיד מקמח מלא 75</ManufacturerItemDescription><SoldByWeight/><Quantity>750.00</Quantity><UnitOfMeasure>גרם     </UnitOfMeasure><QtyInPackage>לא ידוע</QtyInPackage><UnitOfMeasurePrice>0.0209</UnitOfMeasurePrice><AllowDiscount>1</AllowDiscount><ItemStatus>1</ItemStatus><ItemPrice>15.70</ItemPrice></item><item><PriceUpdateDate>2016-08-07 20:02:47</PriceUpdateDate><ItemCode>7290002037309</ItemCode><ItemType>1</ItemType><ItemName>לחמניות בורגר שישיה</ItemName><ManufacturerName>וודש</ManufacturerName><ManufactureCountry>ישראל</ManufactureCountry><ManufacturerItemDescription>לחמניות בורגר שישיה</ManufacturerItemDescription><SoldByWeight/><Quantity>450.00</Quantity><UnitOfMeasure>גרם     </UnitOfMeasure><QtyInPackage>לא ידוע</QtyInPackage><UnitOfMeasurePrice>0.0331</UnitOfMeasurePrice><AllowDiscount>1</AllowDiscount><ItemStatus>1</ItemStatus><ItemPrice>14.90</ItemPrice></item><item><PriceUpdateDate>2016-05-01 10:31:51</PriceUpdateDate><ItemCode>7290002037569</ItemCode><ItemType>1</ItemType><ItemName>לחמניות "ודש" באניס</ItemName><ManufacturerName>מאפית ברמן</ManufacturerName><ManufactureCountry>ישראל</ManufactureCountry><ManufacturerItemDescription>לחמניות "ודש" באניס</ManufacturerItemDescription><SoldByWeight/><Quantity>450.00</Quantity><UnitOfMeasure>גרם     </UnitOfMeasure><QtyInPackage>לא ידוע</QtyInPackage><UnitOfMeasurePrice>0.0382</UnitOfMeasurePrice><AllowDiscount>1</AllowDiscount><ItemStatus>1</ItemStatus><ItemPrice>17.20</ItemPrice></item><item><PriceUpdateDate>2016-08-02 09:29:45</PriceUpdateDate><ItemCode>7290002037637</ItemCode><ItemType>1</ItemType><ItemName>מב חליות מתוקות 4יח</ItemName><ManufacturerName>וודש</ManufacturerName><ManufactureCountry>ישראל</ManufactureCountry><ManufacturerItemDescription>מב חליות מתוקות 4יח</ManufacturerItemDescription><SoldByWeight/><Quantity>360.00</Quantity><UnitOfMeasure>גרם     </UnitOfMeasure><QtyInPackage>לא ידוע</QtyInPackage><UnitOfMeasurePrice>0.0331</UnitOfMeasurePrice><AllowDiscount>1</AllowDiscount><ItemStatus>1</ItemStatus><ItemPrice>11.90</ItemPrice></item><item><PriceUpdateDate>2016-05-31 06:15:58</PriceUpdateDate><ItemCode>7290002040071</ItemCode><ItemType>1</ItemType><ItemName>קוסקוס שקית עבה 350</ItemName><ManufacturerName>קוסקוס מזון</ManufacturerName><ManufactureCountry>ישראל</ManufactureCountry><ManufacturerItemDescription>קוסקוס שקית עבה 350</ManufacturerItemDescription><SoldByWeight/><Quantity>350.00</Quantity><UnitOfMeasure>גרם     </UnitOfMeasure><QtyInPackage>לא ידוע</QtyInPackage><UnitOfMeasurePrice>0.0140</UnitOfMeasurePrice><AllowDiscount>1</AllowDiscount><ItemStatus>1</ItemStatus><ItemPrice>4.90</ItemPrice></item><item><PriceUpdateDate>2016-05-01 10:31:52</PriceUpdateDate><ItemCode>7290002040088</ItemCode><ItemType>1</ItemType><ItemName>קוסקוס חיטה מלאה 350</ItemName><ManufacturerName>הנמל</ManufacturerName><ManufactureCountry>ישראל</ManufactureCountry><ManufacturerItemDescription>קוסקוס חיטה מלאה 350</ManufacturerItemDescription><SoldByWeight/><Quantity>350.00</Quantity><UnitOfMeasure>גרם     </UnitOfMeasure><QtyInPackage>לא ידוע</QtyInPackage><UnitOfMeasurePrice>0.0237</UnitOfMeasurePrice><AllowDiscount>1</AllowDiscount><ItemStatus>1</ItemStatus><ItemPrice>8.30</ItemPrice></item><item><PriceUpdateDate>2016-03-11 08:34:42</PriceUpdateDate><ItemCode>7290002050070</ItemCode><ItemType>1</ItemType><ItemName>קוקטייל טבע בשקית 17</ItemName><ManufacturerName>לא ממותג</ManufacturerName><ManufactureCountry>לא ידוע</ManufactureCountry><ManufacturerItemDescription>קוקטייל טבע בשקית 17</ManufacturerItemDescription><SoldByWeight/><Quantity>170.00</Quantity><UnitOfMeasure>גרם     </UnitOfMeasure><QtyInPackage>לא ידוע</QtyInPackage><UnitOfMeasurePrice>0.0935</UnitOfMeasurePrice><AllowDiscount>1</AllowDiscount><ItemStatus>1</ItemStatus><ItemPrice>15.90</ItemPrice></item><item><PriceUpdateDate>2015-11-10 07:32:07</PriceUpdateDate><ItemCode>7290002050087</ItemCode><ItemType>1</ItemType><ItemName>שקד טבעי 170 גרם</ItemName><ManufacturerName>זארובי</ManufacturerName><ManufactureCountry>לא ידוע</ManufactureCountry><ManufacturerItemDescription>שקד טבעי 170 גרם</ManufacturerItemDescription><SoldByWeight/><Quantity>170.00</Quantity><UnitOfMeasure>גרם     </UnitOfMeasure><QtyInPackage>לא ידוע</QtyInPackage><UnitOfMeasurePrice>0.1253</UnitOfMeasurePrice><AllowDiscount>1</AllowDiscount><ItemStatus>1</ItemStatus><ItemPrice>21.30</ItemPrice></item><item><PriceUpdateDate>2016-05-01 10:31:53</PriceUpdateDate><ItemCode>7290002053361</ItemCode><ItemType>1</ItemType><ItemName>נודלס תאילנדי 400 גר</ItemName><ManufacturerName>לא ממותג</ManufacturerName><ManufactureCountry>ישראל</ManufactureCountry><ManufacturerItemDescription>נודלס אריזת ענק 400 גרם</ManufacturerItemDescription><SoldByWeight/><Quantity>400.00</Quantity><UnitOfMeasure>גרם     </UnitOfMeasure><QtyInPackage>לא ידוע</QtyInPackage><UnitOfMeasurePrice>0.0415</UnitOfMeasurePrice><AllowDiscount>1</AllowDiscount><ItemStatus>1</ItemStatus><ItemPrice>16.60</ItemPrice></item><item><PriceUpdateDate>2016-08-02 09:29:45</PriceUpdateDate><ItemCode>7290002065555</ItemCode><ItemType>1</ItemType><ItemName>מב 6 לחמניות בשקית</ItemName><ManufacturerName>אנג'ל</ManufacturerName><ManufactureCountry>ישראל</ManufactureCountry><ManufacturerItemDescription>לחמניות ארוכות 450 1/6 גר</ManufacturerItemDescription><SoldByWeight/><Quantity>450.00</Quantity><UnitOfMeasure>גרם     </UnitOfMeasure><QtyInPackage>לא ידוע</QtyInPackage><UnitOfMeasurePrice>0.0242</UnitOfMeasurePrice><AllowDiscount>1</AllowDiscount><ItemStatus>1</ItemStatus><ItemPrice>10.90</ItemPrice></item><item><PriceUpdateDate>2016-05-01 10:31:53</PriceUpdateDate><ItemCode>7290002065616</ItemCode><ItemType>1</ItemType><ItemName>לחם שיפון גרעינים 75</ItemName><ManufacturerName>אנג'ל</ManufacturerName><ManufactureCountry>ישראל</ManufactureCountry><ManufacturerItemDescription>לחם שיפון גרעינים 750 גרם</ManufacturerItemDescription><SoldByWeight/><Quantity>750.00</Quantity><UnitOfMeasure>גרם     </UnitOfMeasure><QtyInPackage>לא ידוע</QtyInPackage><UnitOfMeasurePrice>0.0172</UnitOfMeasurePrice><AllowDiscount>1</AllowDiscount><ItemStatus>1</ItemStatus><ItemPrice>12.90</ItemPrice></item><item><PriceUpdateDate>2016-05-01 10:31:53</PriceUpdateDate><ItemCode>7290002065623</ItemCode><ItemType>1</ItemType><ItemName>לחם שיפון כפרי 750 ג</ItemName><ManufacturerName>אנג'ל</ManufacturerName><ManufactureCountry>ישראל</ManufactureCountry><ManufacturerItemDescription>לחם שיפון כפרי 750 גרם</ManufacturerItemDescription><SoldByWeight/><Quantity>750.00</Quantity><UnitOfMeasure>גרם     </UnitOfMeasure><QtyInPackage>לא ידוע</QtyInPackage><UnitOfMeasurePrice>0.0172</UnitOfMeasurePrice><AllowDiscount>1</AllowDiscount><ItemStatus>1</ItemStatus><ItemPrice>12.90</ItemPrice></item><item><PriceUpdateDate>2015-10-19 10:44:28</PriceUpdateDate><ItemCode>7290002107491</ItemCode><ItemType>1</ItemType><ItemName>גבינת עיזים טבעי 5%</ItemName><ManufacturerName>משק צוריאל</ManufacturerName><ManufactureCountry>ישראל</ManufactureCountry><ManufacturerItemDescription>גבינת עיזים 5% למריחה טעם</ManufacturerItemDescription><SoldByWeight/><Quantity>250.00</Quantity><UnitOfMeasure>מ"ל</UnitOfMeasure><QtyInPackage>לא ידוע</QtyInPackage><UnitOfMeasurePrice>0.0660</UnitOfMeasurePrice><AllowDiscount>1</AllowDiscount><ItemStatus>1</ItemStatus><ItemPrice>16.50</ItemPrice></item><item><PriceUpdateDate>2016-05-31 06:15:58</PriceUpdateDate><ItemCode>7290002130567</ItemCode><ItemType>1</ItemType><ItemName>דבש 350 גרם</ItemName><ManufacturerName>יד מרדכי</ManufacturerName><ManufactureCountry>ישראל</ManufactureCountry><ManufacturerItemDescription>דבש דבורים טהור350 גר</ManufacturerItemDescription><SoldByWeight/><Quantity>350.00</Quantity><UnitOfMeasure>גרם     </UnitOfMeasure><QtyInPackage>לא ידוע</QtyInPackage><UnitOfMeasurePrice>0.0540</UnitOfMeasurePrice><AllowDiscount>1</AllowDiscount><ItemStatus>1</ItemStatus><ItemPrice>18.90</ItemPrice></item><item><PriceUpdateDate>2016-02-16 09:21:54</PriceUpdateDate><ItemCode>7290002130574</ItemCode><ItemType>1</ItemType><ItemName>דבש 500 גרם</ItemName><ManufacturerName>יד מרדכי</ManufacturerName><ManufactureCountry>ישראל</ManufactureCountry><ManufacturerItemDescription>דבש דבורים טהור500 גר</ManufacturerItemDescription><SoldByWeight/><Quantity>500.00</Quantity><UnitOfMeasure>גרם     </UnitOfMeasure><QtyInPackage>לא ידוע</QtyInPackage><UnitOfMeasurePrice>0.0598</UnitOfMeasurePrice><AllowDiscount>1</AllowDiscount><ItemStatus>1</ItemStatus><ItemPrice>29.90</ItemPrice></item><item><PriceUpdateDate>2016-05-01 06:44:44</PriceUpdateDate><ItemCode>7290002132011</ItemCode><ItemType>1</ItemType><ItemName>עוגיות מזרחיות עבאדי</ItemName><ManufacturerName>עבדי</ManufacturerName><ManufactureCountry>ישראל</ManufactureCountry><ManufacturerItemDescription>עוגיות מזרחיות עבאדי500 ג</ManufacturerItemDescription><SoldByWeight/><Quantity>500.00</Quantity><UnitOfMeasure>גרם     </UnitOfMeasure><QtyInPackage>לא ידוע</QtyInPackage><UnitOfMeasurePrice>0.0358</UnitOfMeasurePrice><AllowDiscount>1</AllowDiscount><ItemStatus>1</ItemStatus><ItemPrice>17.90</ItemPrice></item><item><PriceUpdateDate>2015-08-04 09:26:12</PriceUpdateDate><ItemCode>7290002133986</ItemCode><ItemType>3</ItemType><ItemName>חמאת עיזים במשקל</ItemName><ManufacturerName>מחלבת השומרון</ManufacturerName><ManufactureCountry>לא ידוע</ManufactureCountry><ManufacturerItemDescription>חמאת עיזים במשקל</ManufacturerItemDescription><SoldByWeight/><Quantity>1.00</Quantity><UnitOfMeasure>ק"ג</UnitOfMeasure><QtyInPackage>לא ידוע</QtyInPackage><UnitOfMeasurePrice>69.0000</UnitOfMeasurePrice><AllowDiscount>1</AllowDiscount><ItemStatus>1</ItemStatus><ItemPrice>69.00</ItemPrice></item><item><PriceUpdateDate>2016-08-02 09:29:46</PriceUpdateDate><ItemCode>7290002239185</ItemCode><ItemType>1</ItemType><ItemName>מב אפונה 800 גרם פרי</ItemName><ManufacturerName>פרי הגליל</ManufacturerName><ManufactureCountry>ישראל</ManufactureCountry><ManufacturerItemDescription>מב אפונה 800 גרם פרי</ManufacturerItemDescription><SoldByWeight/><Quantity>800.00</Quantity><UnitOfMeasure>גרם     </UnitOfMeasure><QtyInPackage>לא ידוע</QtyInPackage><UnitOfMeasurePrice>0.0136</UnitOfMeasurePrice><AllowDiscount>1</AllowDiscount><ItemStatus>1</ItemStatus><ItemPrice>10.90</ItemPrice></item><item><PriceUpdateDate>2016-05-01 06:11:08</PriceUpdateDate><ItemCode>7290002253105</ItemCode><ItemType>1</ItemType><ItemName>קוביות שום טרי במגשי</ItemName><ManufacturerName>דורות</ManufacturerName><ManufactureCountry>ישראל</ManufactureCountry><ManufacturerItemDescription>שום כתוש מגשית 80 גר</ManufacturerItemDescription><SoldByWeight/><Quantity>80.00</Quantity><UnitOfMeasure>גרם     </UnitOfMeasure><QtyInPackage>לא ידוע</QtyInPackage><UnitOfMeasurePrice>0.1613</UnitOfMeasurePrice><AllowDiscount>1</AllowDiscount><ItemStatus>1</ItemStatus><ItemPrice>12.90</ItemPrice></item><item><PriceUpdateDate>2016-05-01 06:11:08</PriceUpdateDate><ItemCode>7290002253174</ItemCode><ItemType>1</ItemType><ItemName>שמיר טרי קצוץ 70 גרם</ItemName><ManufacturerName>דורות</ManufacturerName><ManufactureCountry>ישראל</ManufactureCountry><ManufacturerItemDescription>שמיר טרי קצוץ 70 גרם</ManufacturerItemDescription><SoldByWeight/><Quantity>70.00</Quantity><UnitOfMeasure>גרם     </UnitOfMeasure><QtyInPackage>לא ידוע</QtyInPackage><UnitOfMeasurePrice>0.1600</UnitOfMeasurePrice><AllowDiscount>1</AllowDiscount><ItemStatus>1</ItemStatus><ItemPrice>11.20</ItemPrice></item><item><PriceUpdateDate>2016-05-01 06:11:08</PriceUpdateDate><ItemCode>7290002253181</ItemCode><ItemType>1</ItemType><ItemName>כוסברה טרייה קצוצה 7</ItemName><ManufacturerName>דורות</ManufacturerName><ManufactureCountry>ישראל</ManufactureCountry><ManufacturerItemDescription>כוסברה טריה קצוצה</ManufacturerItemDescription><SoldByWeight/><Quantity>14.00</Quantity><UnitOfMeasure>גרם     </UnitOfMeasure><QtyInPackage>לא ידוע</QtyInPackage><UnitOfMeasurePrice>0.8214</UnitOfMeasurePrice><AllowDiscount>1</AllowDiscount><ItemStatus>1</ItemStatus><ItemPrice>11.50</ItemPrice></item><item><PriceUpdateDate>2016-05-01 06:11:09</PriceUpdateDate><ItemCode>7290002259640</ItemCode><ItemType>1</ItemType><ItemName>רדיד אלומניום עבה קצ</ItemName><ManufacturerName>דיימונד</ManufacturerName><ManufactureCountry>ישראל</ManufactureCountry><ManufacturerItemDescription>רדיד אלומיניום דימונד צר7</ManufacturerItemDescription><SoldByWeight/><Quantity>1.00</Quantity><UnitOfMeasure>יח'</UnitOfMeasure><QtyInPackage>לא ידוע</QtyInPackage><UnitOfMeasurePrice>12.2000</UnitOfMeasurePrice><AllowDiscount>0</AllowDiscount><ItemStatus>1</ItemStatus><ItemPrice>12.20</ItemPrice></item><item><PriceUpdateDate>2016-02-01 19:32:58</PriceUpdateDate><ItemCode>7290002259664</ItemCode><ItemType>1</ItemType><ItemName>דיימונד קצר 60 מטר</ItemName><ManufacturerName>דיימונד</ManufacturerName><ManufactureCountry>ישראל</ManufactureCountry><ManufacturerItemDescription>דיימונד קצר 60 מטר</ManufacturerItemDescription><SoldByWeight/><Quantity>1.00</Quantity><UnitOfMeasure>יח'</UnitOfMeasure><QtyInPackage>לא ידוע</QtyInPackage><UnitOfMeasurePrice>61.1000</UnitOfMeasurePrice><AllowDiscount>1</AllowDiscount><ItemStatus>1</ItemStatus><ItemPrice>61.10</ItemPrice></item><item><PriceUpdateDate>2015-05-31 13:47:37</PriceUpdateDate><ItemCode>7290002319016</ItemCode><ItemType>1</ItemType><ItemName>אבקת אפיה עשריות מיה</ItemName><ManufacturerName>מיה</ManufacturerName><ManufactureCountry>ישראל</ManufactureCountry><ManufacturerItemDescription>אבקת אפיה עשריות מיה</ManufacturerItemDescription><SoldByWeight/><Quantity>100.00</Quantity><UnitOfMeasure>גרם     </UnitOfMeasure><QtyInPackage>לא ידוע</QtyInPackage><UnitOfMeasurePrice>0.0340</UnitOfMeasurePrice><AllowDiscount>1</AllowDiscount><ItemStatus>1</ItemStatus><ItemPrice>3.40</ItemPrice></item><item><PriceUpdateDate>2015-05-31 13:47:37</PriceUpdateDate><ItemCode>7290002319023</ItemCode><ItemType>1</ItemType><ItemName>סוכר וניל עשריות מיה</ItemName><ManufacturerName>מיה</ManufacturerName><ManufactureCountry>ישראל</ManufactureCountry><ManufacturerItemDescription>סוכר וניל עשריות מיה</ManufacturerItemDescription><SoldByWeight/><Quantity>100.00</Quantity><UnitOfMeasure>גרם     </UnitOfMeasure><QtyInPackage>לא ידוע</QtyInPackage><UnitOfMeasurePrice>0.0330</UnitOfMeasurePrice><AllowDiscount>1</AllowDiscount><ItemStatus>1</ItemStatus><ItemPrice>3.30</ItemPrice></item><item><PriceUpdateDate>2016-01-05 06:58:28</PriceUpdateDate><ItemCode>7290002319061</ItemCode><ItemType>1</ItemType><ItemName>קוקוס טחון 100 גרם</ItemName><ManufacturerName>מיה</ManufacturerName><ManufactureCountry>ישראל</ManufactureCountry><ManufacturerItemDescription>קוקוס טחון 100 גר     .בד</ManufacturerItemDescription><SoldByWeight/><Quantity>100.00</Quantity><UnitOfMeasure>גרם     </UnitOfMeasure><QtyInPackage>לא ידוע</QtyInPackage><UnitOfMeasurePrice>0.0400</UnitOfMeasurePrice><AllowDiscount>1</AllowDiscount><ItemStatus>1</ItemStatus><ItemPrice>4.00</ItemPrice></item><item><PriceUpdateDate>2016-01-05 06:58:28</PriceUpdateDate><ItemCode>7290002319078</ItemCode><ItemType>1</ItemType><ItemName>שומשום 100 גרם</ItemName><ManufacturerName>מיה</ManufacturerName><ManufactureCountry>ישראל</ManufactureCountry><ManufacturerItemDescription>שומשום 100 גר</ManufacturerItemDescription><SoldByWeight/><Quantity>100.00</Quantity><UnitOfMeasure>גרם     </UnitOfMeasure><QtyInPackage>לא ידוע</QtyInPackage><UnitOfMeasurePrice>0.0430</UnitOfMeasurePrice><AllowDiscount>1</AllowDiscount><ItemStatus>1</ItemStatus><ItemPrice>4.30</ItemPrice></item><item><PriceUpdateDate>2016-05-31 06:16:00</PriceUpdateDate><ItemCode>7290002319092</ItemCode><ItemType>1</ItemType><ItemName>קמח תפוחי-אדמה 500 ג</ItemName><ManufacturerName>מיה</ManufacturerName><ManufactureCountry>ישראל</ManufactureCountry><ManufacturerItemDescription>קמח ת.אדמה 500 גרם</ManufacturerItemDescription><SoldByWeight/><Quantity>500.00</Quantity><UnitOfMeasure>גרם     </UnitOfMeasure><QtyInPackage>לא ידוע</QtyInPackage><UnitOfMeasurePrice>0.0154</UnitOfMeasurePrice><AllowDiscount>1</AllowDiscount><ItemStatus>1</ItemStatus><ItemPrice>7.70</ItemPrice></item><item><PriceUpdateDate>2015-08-18 06:48:06</PriceUpdateDate><ItemCode>7290002319115</ItemCode><ItemType>1</ItemType><ItemName>חומוס גדול 500 גרם</ItemName><ManufacturerName>מיה</ManufacturerName><ManufactureCountry>ישראל</ManufactureCountry><ManufacturerItemDescription>חומוס גדול500 גר</ManufacturerItemDescription><SoldByWeight/><Quantity>500.00</Quantity><UnitOfMeasure>גרם     </UnitOfMeasure><QtyInPackage>לא ידוע</QtyInPackage><UnitOfMeasurePrice>0.0154</UnitOfMeasurePrice><AllowDiscount>1</AllowDiscount><ItemStatus>1</ItemStatus><ItemPrice>7.70</ItemPrice></item><item><PriceUpdateDate>2015-11-10 07:32:09</PriceUpdateDate><ItemCode>7290002319139</ItemCode><ItemType>1</ItemType><ItemName>שעועית 500 גרם</ItemName><ManufacturerName>מיה</ManufacturerName><ManufactureCountry>ישראל</ManufactureCountry><ManufacturerItemDescription>שעועית500 גר</ManufacturerItemDescription><SoldByWeight/><Quantity>500.00</Quantity><UnitOfMeasure>גרם     </UnitOfMeasure><QtyInPackage>לא ידוע</QtyInPackage><UnitOfMeasurePrice>0.0204</UnitOfMeasurePrice><AllowDiscount>1</AllowDiscount><ItemStatus>1</ItemStatus><ItemPrice>10.20</ItemPrice></item><item><PriceUpdateDate>2015-08-18 06:48:06</PriceUpdateDate><ItemCode>7290002319160</ItemCode><ItemType>1</ItemType><ItemName>אפונה יבשה 500 גרם</ItemName><ManufacturerName>מיה</ManufacturerName><ManufactureCountry>ישראל</ManufactureCountry><ManufacturerItemDescription>אפונה יבשה500 גר</ManufacturerItemDescription><SoldByWeight/><Quantity>500.00</Quantity><UnitOfMeasure>גרם     </UnitOfMeasure><QtyInPackage>לא ידוע</QtyInPackage><UnitOfMeasurePrice>0.0130</UnitOfMeasurePrice><AllowDiscount>1</AllowDiscount><ItemStatus>1</ItemStatus><ItemPrice>6.50</ItemPrice></item><item><PriceUpdateDate>2015-08-18 06:48:06</PriceUpdateDate><ItemCode>7290002319177</ItemCode><ItemType>1</ItemType><ItemName>פופקורן 500 גרם</ItemName><ManufacturerName>מיה</ManufacturerName><ManufactureCountry>ישראל</ManufactureCountry><ManufacturerItemDescription>פופקורן500 גר</ManufacturerItemDescription><SoldByWeight/><Quantity>500.00</Quantity><UnitOfMeasure>גרם     </UnitOfMeasure><QtyInPackage>לא ידוע</QtyInPackage><UnitOfMeasurePrice>0.0134</UnitOfMeasurePrice><AllowDiscount>1</AllowDiscount><ItemStatus>1</ItemStatus><ItemPrice>6.70</ItemPrice></item><item><PriceUpdateDate>2015-11-10 07:32:09</PriceUpdateDate><ItemCode>7290002319191</ItemCode><ItemType>1</ItemType><ItemName>עדשים ירוקים 500 גרם</ItemName><ManufacturerName>מיה</ManufacturerName><ManufactureCountry>ישראל</ManufactureCountry><ManufacturerItemDescription>עדשים ירוקים500 גר</ManufacturerItemDescription><SoldByWeight/><Quantity>500.00</Quantity><UnitOfMeasure>גרם     </UnitOfMeasure><QtyInPackage>לא ידוע</QtyInPackage><UnitOfMeasurePrice>0.0188</UnitOfMeasurePrice><AllowDiscount>1</AllowDiscount><ItemStatus>1</ItemStatus><ItemPrice>9.40</ItemPrice></item><item><PriceUpdateDate>2016-05-31 06:16:00</PriceUpdateDate><ItemCode>7290002319207</ItemCode><ItemType>1</ItemType><ItemName>כוסמת 500 גרם</ItemName><ManufacturerName>מיה</ManufacturerName><ManufactureCountry>ישראל</ManufactureCountry><ManufacturerItemDescription>כוסמת 500 גרם</ManufacturerItemDescription><SoldByWeight/><Quantity>500.00</Quantity><UnitOfMeasure>גרם     </UnitOfMeasure><QtyInPackage>לא ידוע</QtyInPackage><UnitOfMeasurePrice>0.0180</UnitOfMeasurePrice><AllowDiscount>1</AllowDiscount><ItemStatus>1</ItemStatus><ItemPrice>9.00</ItemPrice></item><item><PriceUpdateDate>2016-05-01 10:31:57</PriceUpdateDate><ItemCode>7290002319214</ItemCode><ItemType>1</ItemType><ItemName>קוואקר מיה 200 גרם</ItemName><ManufacturerName>מיה</ManufacturerName><ManufactureCountry>ישראל</ManufactureCountry><ManufacturerItemDescription>קוואקר מיה 200 גרם</ManufacturerItemDescription><SoldByWeight/><Quantity>200.00</Quantity><UnitOfMeasure>גרם     </UnitOfMeasure><QtyInPackage>לא ידוע</QtyInPackage><UnitOfMeasurePrice>0.0235</UnitOfMeasurePrice><AllowDiscount>1</AllowDiscount><ItemStatus>1</ItemStatus><ItemPrice>4.70</ItemPrice></item><item><PriceUpdateDate>2016-08-02 09:29:46</PriceUpdateDate><ItemCode>7290002319221</ItemCode><ItemType>1</ItemType><ItemName>מב חיטה 500 גרם</ItemName><ManufacturerName>מיה</ManufacturerName><ManufactureCountry>ישראל</ManufactureCountry><ManufacturerItemDescription>חיטה 500 גר</ManufacturerItemDescription><SoldByWeight/><Quantity>500.00</Quantity><UnitOfMeasure>גרם     </UnitOfMeasure><QtyInPackage>לא ידוע</QtyInPackage><UnitOfMeasurePrice>0.0078</UnitOfMeasurePrice><AllowDiscount>1</AllowDiscount><ItemStatus>1</ItemStatus><ItemPrice>3.90</ItemPrice></item><item><PriceUpdateDate>2016-08-02 09:29:46</PriceUpdateDate><ItemCode>7290002319313</ItemCode><ItemType>1</ItemType><ItemName>אורז מלא 1 קג</ItemName><ManufacturerName>מיה</ManufacturerName><ManufactureCountry>ישראל</ManufactureCountry><ManufacturerItemDescription>אורז מלא1 קג</ManufacturerItemDescription><SoldByWeight/><Quantity>1000.00</Quantity><UnitOfMeasure>גרם     </UnitOfMeasure><QtyInPackage>לא ידוע</QtyInPackage><UnitOfMeasurePrice>0.0103</UnitOfMeasurePrice><AllowDiscount>1</AllowDiscount><ItemStatus>1</ItemStatus><ItemPrice>10.30</ItemPrice></item><item><PriceUpdateDate>2016-05-31 16:47:16</PriceUpdateDate><ItemCode>7290002319337</ItemCode><ItemType>1</ItemType><ItemName>תמרים שקית מיה 200 ג</ItemName><ManufacturerName>לא ידוע</ManufacturerName><ManufactureCountry>ישראל</ManufactureCountry><ManufacturerItemDescription>תמרים שקית מיה 200 ג</ManufacturerItemDescription><SoldByWeight/><Quantity>200.00</Quantity><UnitOfMeasure>גרם     </UnitOfMeasure><QtyInPackage>לא ידוע</QtyInPackage><UnitOfMeasurePrice>0.0645</UnitOfMeasurePrice><AllowDiscount>1</AllowDiscount><ItemStatus>1</ItemStatus><ItemPrice>12.90</ItemPrice></item><item><PriceUpdateDate>2016-01-05 06:58:28</PriceUpdateDate><ItemCode>7290002319375</ItemCode><ItemType>1</ItemType><ItemName>קונפלור בד"ץ 250 גרם</ItemName><ManufacturerName>מיה</ManufacturerName><ManufactureCountry>ישראל</ManufactureCountry><ManufacturerItemDescription>קונפלור בד"ץ 250 גרם</ManufacturerItemDescription><SoldByWeight/><Quantity>250.00</Quantity><UnitOfMeasure>גרם     </UnitOfMeasure><QtyInPackage>לא ידוע</QtyInPackage><UnitOfMeasurePrice>0.0204</UnitOfMeasurePrice><AllowDiscount>1</AllowDiscount><ItemStatus>1</ItemStatus><ItemPrice>5.10</ItemPrice></item><item><PriceUpdateDate>2015-10-19 10:44:28</PriceUpdateDate><ItemCode>7290002319405</ItemCode><ItemType>1</ItemType><ItemName>קינמון מיה 80 גרם בק</ItemName><ManufacturerName>מיה</ManufacturerName><ManufactureCountry>ישראל</ManufactureCountry><ManufacturerItemDescription>קינמון מיה 80 גרם בק</ManufacturerItemDescription><SoldByWeight/><Quantity>80.00</Quantity><UnitOfMeasure>גרם     </UnitOfMeasure><QtyInPackage>לא ידוע</QtyInPackage><UnitOfMeasurePrice>0.0963</UnitOfMeasurePrice><AllowDiscount>1</AllowDiscount><ItemStatus>1</ItemStatus><ItemPrice>7.70</ItemPrice></item><item><PriceUpdateDate>2015-10-19 10:44:28</PriceUpdateDate><ItemCode>7290002319412</ItemCode><ItemType>1</ItemType><ItemName>פפריקה חריפה מיה 80</ItemName><ManufacturerName>מיה</ManufacturerName><ManufactureCountry>ישראל</ManufactureCountry><ManufacturerItemDescription>פפריקה חריפה מיה 80</ManufacturerItemDescription><SoldByWeight/><Quantity>80.00</Quantity><UnitOfMeasure>גרם     </UnitOfMeasure><QtyInPackage>לא ידוע</QtyInPackage><UnitOfMeasurePrice>0.0963</UnitOfMeasurePrice><AllowDiscount>1</AllowDiscount><ItemStatus>1</ItemStatus><ItemPrice>7.70</ItemPrice></item><item><PriceUpdateDate>2015-10-19 10:44:28</PriceUpdateDate><ItemCode>7290002319429</ItemCode><ItemType>1</ItemType><ItemName>פפריקה מתוקה מיה 80</ItemName><ManufacturerName>מיה</ManufacturerName><ManufactureCountry>ישראל</ManufactureCountry><ManufacturerItemDescription>פפריקה מתוקה מיה 80</ManufacturerItemDescription><SoldByWeight/><Quantity>80.00</Quantity><UnitOfMeasure>גרם     </UnitOfMeasure><QtyInPackage>לא ידוע</QtyInPackage><UnitOfMeasurePrice>0.0963</UnitOfMeasurePrice><AllowDiscount>1</AllowDiscount><ItemStatus>1</ItemStatus><ItemPrice>7.70</ItemPrice></item><item><PriceUpdateDate>2015-11-10 07:32:09</PriceUpdateDate><ItemCode>7290002319436</ItemCode><ItemType>1</ItemType><ItemName>פלפל שחור מיה 100 גר</ItemName><ManufacturerName>מיה</ManufacturerName><ManufactureCountry>ישראל</ManufactureCountry><ManufacturerItemDescription>פלפל שחור מיה 100 גר</ManufacturerItemDescription><SoldByWeight/><Quantity>100.00</Quantity><UnitOfMeasure>גרם     </UnitOfMeasure><QtyInPackage>לא ידוע</QtyInPackage><UnitOfMeasurePrice>0.1120</UnitOfMeasurePrice><AllowDiscount>1</AllowDiscount><ItemStatus>1</ItemStatus><ItemPrice>11.20</ItemPrice></item><item><PriceUpdateDate>2015-10-19 10:44:29</PriceUpdateDate><ItemCode>7290002319443</ItemCode><ItemType>1</ItemType><ItemName>כמון מיה 80 גרם בקופ</ItemName><ManufacturerName>מיה</ManufacturerName><ManufactureCountry>ישראל</ManufactureCountry><ManufacturerItemDescription>כמון מיה 80 גרם בקופ</ManufacturerItemDescription><SoldByWeight/><Quantity>80.00</Quantity><UnitOfMeasure>גרם     </UnitOfMeasure><QtyInPackage>לא ידוע</QtyInPackage><UnitOfMeasurePrice>0.0963</UnitOfMeasurePrice><AllowDiscount>1</AllowDiscount><ItemStatus>1</ItemStatus><ItemPrice>7.70</ItemPrice></item><item><PriceUpdateDate>2015-10-19 10:44:29</PriceUpdateDate><ItemCode>7290002319450</ItemCode><ItemType>1</ItemType><ItemName>כרכום מיה 80 גרם בקו</ItemName><ManufacturerName>מיה</ManufacturerName><ManufactureCountry>ישראל</ManufactureCountry><ManufacturerItemDescription>כרכום מיה 80 גרם בקו</ManufacturerItemDescription><SoldByWeight/><Quantity>80.00</Quantity><UnitOfMeasure>גרם     </UnitOfMeasure><QtyInPackage>לא ידוע</QtyInPackage><UnitOfMeasurePrice>0.0963</UnitOfMeasurePrice><AllowDiscount>1</AllowDiscount><ItemStatus>1</ItemStatus><ItemPrice>7.70</ItemPrice></item><item><PriceUpdateDate>2015-10-19 10:44:29</PriceUpdateDate><ItemCode>7290002319580</ItemCode><ItemType>1</ItemType><ItemName>מלח לימון 150 גרם</ItemName><ManufacturerName>מיה</ManufacturerName><ManufactureCountry>ישראל</ManufactureCountry><ManufacturerItemDescription>מלח לימון 150 גרם</ManufacturerItemDescription><SoldByWeight/><Quantity>150.00</Quantity><UnitOfMeasure>גרם     </UnitOfMeasure><QtyInPackage>לא ידוע</QtyInPackage><UnitOfMeasurePrice>0.0513</UnitOfMeasurePrice><AllowDiscount>1</AllowDiscount><ItemStatus>1</ItemStatus><ItemPrice>7.70</ItemPrice></item><item><PriceUpdateDate>2015-10-19 10:44:29</PriceUpdateDate><ItemCode>7290002319689</ItemCode><ItemType>1</ItemType><ItemName>סודה לשתיה 150 גרם</ItemName><ManufacturerName>מיה</ManufacturerName><ManufactureCountry>ישראל</ManufactureCountry><ManufacturerItemDescription>סודה לשתיה 150 גרם</ManufacturerItemDescription><SoldByWeight/><Quantity>150.00</Quantity><UnitOfMeasure>גרם     </UnitOfMeasure><QtyInPackage>לא ידוע</QtyInPackage><UnitOfMeasurePrice>0.0513</UnitOfMeasurePrice><AllowDiscount>1</AllowDiscount><ItemStatus>1</ItemStatus><ItemPrice>7.70</ItemPrice></item><item><PriceUpdateDate>2016-01-05 06:58:28</PriceUpdateDate><ItemCode>7290002319771</ItemCode><ItemType>1</ItemType><ItemName>תמצית אפיה וניל</ItemName><ManufacturerName>מיה</ManufacturerName><ManufactureCountry>ישראל</ManufactureCountry><ManufacturerItemDescription>תמצית אפיה וניל</ManufacturerItemDescription><SoldByWeight/><Quantity>0.00</Quantity><UnitOfMeasure>מ"ל</UnitOfMeasure><QtyInPackage>לא ידוע</QtyInPackage><UnitOfMeasurePrice>0.0000</UnitOfMeasurePrice><AllowDiscount>1</AllowDiscount><ItemStatus>1</ItemStatus><ItemPrice>5.00</ItemPrice></item><item><PriceUpdateDate>2015-11-10 07:32:10</PriceUpdateDate><ItemCode>7290002319825</ItemCode><ItemType>1</ItemType><ItemName>אבקת סוכר בד"צ 100 ג</ItemName><ManufacturerName>מיה</ManufacturerName><ManufactureCountry>ישראל</ManufactureCountry><ManufacturerItemDescription>אבקת סוכר בד"צ 100 ג</ManufacturerItemDescription><SoldByWeight/><Quantity>100.00</Quantity><UnitOfMeasure>גרם     </UnitOfMeasure><QtyInPackage>לא ידוע</QtyInPackage><UnitOfMeasurePrice>0.0260</UnitOfMeasurePrice><AllowDiscount>1</AllowDiscount><ItemStatus>1</ItemStatus><ItemPrice>2.60</ItemPrice></item><item><PriceUpdateDate>2016-05-31 06:16:00</PriceUpdateDate><ItemCode>7290002323198</ItemCode><ItemType>1</ItemType><ItemName>ספרינג 1.5 ליטר טעם</ItemName><ManufacturerName>ספרינג</ManufacturerName><ManufactureCountry>ישראל</ManufactureCountry><ManufacturerItemDescription>ספרינג מיץ תפוחים1.5 ל</ManufacturerItemDescription><SoldByWeight/><Quantity>1500.00</Quantity><UnitOfMeasure>מ"ל</UnitOfMeasure><QtyInPackage>לא ידוע</QtyInPackage><UnitOfMeasurePrice>0.0039</UnitOfMeasurePrice><AllowDiscount>1</AllowDiscount><ItemStatus>1</ItemStatus><ItemPrice>5.90</ItemPrice></item><item><PriceUpdateDate>2015-11-10 07:32:10</PriceUpdateDate><ItemCode>7290002331025</ItemCode><ItemType>1</ItemType><ItemName>מים נביעות 0.5TO GO</ItemName><ManufacturerName>נביעות</ManufacturerName><ManufactureCountry>ישראל</ManufactureCountry><ManufacturerItemDescription>נביעות1/2 ל.ספורט</ManufacturerItemDescription><SoldByWeight/><Quantity>500.00</Quantity><UnitOfMeasure>מ"ל</UnitOfMeasure><QtyInPackage>לא ידוע</QtyInPackage><UnitOfMeasurePrice>0.0106</UnitOfMeasurePrice><AllowDiscount>1</AllowDiscount><ItemStatus>1</ItemStatus><ItemPrice>5.30</ItemPrice></item><item><PriceUpdateDate>2016-02-26 06:49:19</PriceUpdateDate><ItemCode>7290002331117</ItemCode><ItemType>1</ItemType><ItemName>מים נביעות ענבים עדי</ItemName><ManufacturerName>נביעות</ManufacturerName><ManufactureCountry>ישראל</ManufactureCountry><ManufacturerItemDescription>נביעות +ענבים 1.5 ליטר</ManufacturerItemDescription><SoldByWeight/><Quantity>1500.00</Quantity><UnitOfMeasure>מ"ל</UnitOfMeasure><QtyInPackage>לא ידוע</QtyInPackage><UnitOfMeasurePrice>0.0058</UnitOfMeasurePrice><AllowDiscount>1</AllowDiscount><ItemStatus>1</ItemStatus><ItemPrice>8.70</ItemPrice></item><item><PriceUpdateDate>2015-11-10 07:32:10</PriceUpdateDate><ItemCode>7290002331124</ItemCode><ItemType>1</ItemType><ItemName>מים נביעות תפוח 500</ItemName><ManufacturerName>נביעות</ManufacturerName><ManufactureCountry>ישראל</ManufactureCountry><ManufacturerItemDescription>נביעות +תפוח 0.5 ליטר</ManufacturerItemDescription><SoldByWeight/><Quantity>500.00</Quantity><UnitOfMeasure>מ"ל</UnitOfMeasure><QtyInPackage>לא ידוע</QtyInPackage><UnitOfMeasurePrice>0.0136</UnitOfMeasurePrice><AllowDiscount>1</AllowDiscount><ItemStatus>1</ItemStatus><ItemPrice>6.80</ItemPrice></item><item><PriceUpdateDate>2016-02-26 06:49:19</PriceUpdateDate><ItemCode>7290002331148</ItemCode><ItemType>1</ItemType><ItemName>מים נביעות תפוח עדין</ItemName><ManufacturerName>נביעות</ManufacturerName><ManufactureCountry>ישראל</ManufactureCountry><ManufacturerItemDescription>נביעות +תפוח 1.5 ליטר</ManufacturerItemDescription><SoldByWeight/><Quantity>1500.00</Quantity><UnitOfMeasure>מ"ל</UnitOfMeasure><QtyInPackage>לא ידוע</QtyInPackage><UnitOfMeasurePrice>0.0058</UnitOfMeasurePrice><AllowDiscount>1</AllowDiscount><ItemStatus>1</ItemStatus><ItemPrice>8.70</ItemPrice></item><item><PriceUpdateDate>2015-11-10 07:32:10</PriceUpdateDate><ItemCode>7290002331155</ItemCode><ItemType>1</ItemType><ItemName>מים נביעות אפרסק 500</ItemName><ManufacturerName>נביעות</ManufacturerName><ManufactureCountry>ישראל</ManufactureCountry><ManufacturerItemDescription>נביעות +אפרסק 0.5 ליטר</ManufacturerItemDescription><SoldByWeight/><Quantity>500.00</Quantity><UnitOfMeasure>מ"ל</UnitOfMeasure><QtyInPackage>לא ידוע</QtyInPackage><UnitOfMeasurePrice>0.0136</UnitOfMeasurePrice><AllowDiscount>1</AllowDiscount><ItemStatus>1</ItemStatus><ItemPrice>6.80</ItemPrice></item><item><PriceUpdateDate>2015-10-19 10:44:29</PriceUpdateDate><ItemCode>7290002331162</ItemCode><ItemType>1</ItemType><ItemName>מים נביעות 1.5 ליטר</ItemName><ManufacturerName>נביעות</ManufacturerName><ManufactureCountry>ישראל</ManufactureCountry><ManufacturerItemDescription>נביעות1.5 ל .מים מינרלים</ManufacturerItemDescription><SoldByWeight/><Quantity>1500.00</Quantity><UnitOfMeasure>מ"ל</UnitOfMeasure><QtyInPackage>לא ידוע</QtyInPackage><UnitOfMeasurePrice>0.0028</UnitOfMeasurePrice><AllowDiscount>1</AllowDiscount><ItemStatus>1</ItemStatus><ItemPrice>4.20</ItemPrice></item><item><PriceUpdateDate>2016-08-02 09:29:47</PriceUpdateDate><ItemCode>7290002331322</ItemCode><ItemType>1</ItemType><ItemName>מב מים נביעות שישייה</ItemName><ManufacturerName>נביעות</ManufacturerName><ManufactureCountry>ישראל</ManufactureCountry><ManufacturerItemDescription>נביעות 1.5 1/6 מים מינרלי</ManufacturerItemDescription><SoldByWeight/><Quantity>9000.00</Quantity><UnitOfMeasure>מ"ל</UnitOfMeasure><QtyInPackage>לא ידוע</QtyInPackage><UnitOfMeasurePrice>0.0013</UnitOfMeasurePrice><AllowDiscount>1</AllowDiscount><ItemStatus>1</ItemStatus><ItemPrice>11.60</ItemPrice></item><item><PriceUpdateDate>2015-10-11 06:43:49</PriceUpdateDate><ItemCode>7290002331490</ItemCode><ItemType>1</ItemType><ItemName>נביעות 1 ליטר</ItemName><ManufacturerName>נביעות</ManufacturerName><ManufactureCountry>ישראל</ManufactureCountry><ManufacturerItemDescription>נביעות 1 ליטר</ManufacturerItemDescription><SoldByWeight/><Quantity>1000.00</Quantity><UnitOfMeasure>מ"ל</UnitOfMeasure><QtyInPackage>לא ידוע</QtyInPackage><UnitOfMeasurePrice>0.0036</UnitOfMeasurePrice><AllowDiscount>1</AllowDiscount><ItemStatus>1</ItemStatus><ItemPrice>3.60</ItemPrice></item><item><PriceUpdateDate>2015-08-18 06:48:06</PriceUpdateDate><ItemCode>7290002331636</ItemCode><ItemType>1</ItemType><ItemName>נביעות מוגז 1.5 ליטר</ItemName><ManufacturerName>נביעות</ManufacturerName><ManufactureCountry>ישראל</ManufactureCountry><ManufacturerItemDescription>נביעות מוגז 1.5 ליטר בודד</ManufacturerItemDescription><SoldByWeight/><Quantity>1500.00</Quantity><UnitOfMeasure>מ"ל</UnitOfMeasure><QtyInPackage>לא ידוע</QtyInPackage><UnitOfMeasurePrice>0.0022</UnitOfMeasurePrice><AllowDiscount>1</AllowDiscount><ItemStatus>1</ItemStatus><ItemPrice>3.30</ItemPrice></item><item><PriceUpdateDate>2015-11-10 07:32:10</PriceUpdateDate><ItemCode>7290002331711</ItemCode><ItemType>1</ItemType><ItemName>מים נביעות 0.5 לטר ע</ItemName><ManufacturerName>נביעות</ManufacturerName><ManufactureCountry>ישראל</ManufactureCountry><ManufacturerItemDescription>נביעות +ענבים 0.5 ליטר</ManufacturerItemDescription><SoldByWeight/><Quantity>500.00</Quantity><UnitOfMeasure>מ"ל</UnitOfMeasure><QtyInPackage>לא ידוע</QtyInPackage><UnitOfMeasurePrice>0.0136</UnitOfMeasurePrice><AllowDiscount>1</AllowDiscount><ItemStatus>1</ItemStatus><ItemPrice>6.80</ItemPrice></item><item><PriceUpdateDate>2016-05-01 10:31:59</PriceUpdateDate><ItemCode>7290002348573</ItemCode><ItemType>1</ItemType><ItemName>מקלוני אורז ויליגר 3</ItemName><ManufacturerName>ויליגר</ManufacturerName><ManufactureCountry>ישראל</ManufactureCountry><ManufacturerItemDescription>מקלוני אורז ויליגר 3</ManufacturerItemDescription><SoldByWeight/><Quantity>300.00</Quantity><UnitOfMeasure>גרם     </UnitOfMeasure><QtyInPackage>לא ידוע</QtyInPackage><UnitOfMeasurePrice>0.0193</UnitOfMeasurePrice><AllowDiscount>1</AllowDiscount><ItemStatus>1</ItemStatus><ItemPrice>5.80</ItemPrice></item><item><PriceUpdateDate>2016-05-01 06:44:50</PriceUpdateDate><ItemCode>7290002353324</ItemCode><ItemType>1</ItemType><ItemName>עוגיות אוראו קרם וני</ItemName><ManufacturerName>אוראו</ManufacturerName><ManufactureCountry>ספרד</ManufactureCountry><ManufacturerItemDescription>דפי לזניה       ם</ManufacturerItemDescription><SoldByWeight/><Quantity>176.00</Quantity><UnitOfMeasure>גרם     </UnitOfMeasure><QtyInPackage>לא ידוע</QtyInPackage><UnitOfMeasurePrice>0.0506</UnitOfMeasurePrice><AllowDiscount>1</AllowDiscount><ItemStatus>1</ItemStatus><ItemPrice>8.90</ItemPrice></item><item><PriceUpdateDate>2016-05-01 06:11:09</PriceUpdateDate><ItemCode>7290002360155</ItemCode><ItemType>1</ItemType><ItemName>חליטת תה צמחים  שומר</ItemName><ManufacturerName>פומפדור</ManufacturerName><ManufactureCountry>גרמניה</ManufactureCountry><ManufacturerItemDescription>תה פומפדור חליטה שומר 20</ManufacturerItemDescription><SoldByWeight/><Quantity>14.00</Quantity><UnitOfMeasure>גרם     </UnitOfMeasure><QtyInPackage>לא ידוע</QtyInPackage><UnitOfMeasurePrice>1.3000</UnitOfMeasurePrice><AllowDiscount>1</AllowDiscount><ItemStatus>1</ItemStatus><ItemPrice>18.20</ItemPrice></item><item><PriceUpdateDate>2016-05-01 06:11:09</PriceUpdateDate><ItemCode>7290002360230</ItemCode><ItemType>1</ItemType><ItemName>חרדל גרגרים 250 גרם</ItemName><ManufacturerName>ברוניר</ManufacturerName><ManufactureCountry>צרפת</ManufactureCountry><ManufacturerItemDescription>חרדל דיזון גרגירים 210 גר</ManufacturerItemDescription><SoldByWeight/><Quantity>250.00</Quantity><UnitOfMeasure>גרם     </UnitOfMeasure><QtyInPackage>לא ידוע</QtyInPackage><UnitOfMeasurePrice>0.0512</UnitOfMeasurePrice><AllowDiscount>1</AllowDiscount><ItemStatus>1</ItemStatus><ItemPrice>12.80</ItemPrice></item><item><PriceUpdateDate>2016-05-01 06:11:09</PriceUpdateDate><ItemCode>7290002360278</ItemCode><ItemType>1</ItemType><ItemName>חליטת תה צמחים מנטה</ItemName><ManufacturerName>פומפדור</ManufacturerName><ManufactureCountry>גרמניה</ManufactureCountry><ManufacturerItemDescription>פטוציני פרפקטו  50 גרם</ManufacturerItemDescription><SoldByWeight/><Quantity>14.00</Quantity><UnitOfMeasure>גרם     </UnitOfMeasure><QtyInPackage>לא ידוע</QtyInPackage><UnitOfMeasurePrice>1.3000</UnitOfMeasurePrice><AllowDiscount>1</AllowDiscount><ItemStatus>1</ItemStatus><ItemPrice>18.20</ItemPrice></item><item><PriceUpdateDate>2016-05-01 06:11:09</PriceUpdateDate><ItemCode>7290002360285</ItemCode><ItemType>1</ItemType><ItemName>חליטת תה צמחים קמומי</ItemName><ManufacturerName>פומפדור</ManufacturerName><ManufactureCountry>גרמניה</ManufactureCountry><ManufacturerItemDescription>מי פה אלמקס      400 מ"ל</ManufacturerItemDescription><SoldByWeight/><Quantity>14.00</Quantity><UnitOfMeasure>גרם     </UnitOfMeasure><QtyInPackage>לא ידוע</QtyInPackage><UnitOfMeasurePrice>1.3000</UnitOfMeasurePrice><AllowDiscount>1</AllowDiscount><ItemStatus>1</ItemStatus><ItemPrice>18.20</ItemPrice></item><item><PriceUpdateDate>2016-08-02 09:29:47</PriceUpdateDate><ItemCode>7290002371540</ItemCode><ItemType>1</ItemType><ItemName>מב נקניק קורנדביף 12</ItemName><ManufacturerName>טירת צבי</ManufacturerName><ManufactureCountry>ישראל</ManufactureCountry><ManufacturerItemDescription>קורנדביף 120 גר</ManufacturerItemDescription><SoldByWeight/><Quantity>120.00</Quantity><UnitOfMeasure>גרם     </UnitOfMeasure><QtyInPackage>לא ידוע</QtyInPackage><UnitOfMeasurePrice>0.1075</UnitOfMeasurePrice><AllowDiscount>1</AllowDiscount><ItemStatus>1</ItemStatus><ItemPrice>12.90</ItemPrice></item><item><PriceUpdateDate>2015-12-08 16:19:32</PriceUpdateDate><ItemCode>7290002374114</ItemCode><ItemType>1</ItemType><ItemName>שמן סויה מילומור 1 ל</ItemName><ManufacturerName>מילומור</ManufacturerName><ManufactureCountry>ישראל</ManufactureCountry><ManufacturerItemDescription>שמן סויה מילומור 1 ל</ManufacturerItemDescription><SoldByWeight/><Quantity>1000.00</Quantity><UnitOfMeasure>מ"ל</UnitOfMeasure><QtyInPackage>לא ידוע</QtyInPackage><UnitOfMeasurePrice>0.0089</UnitOfMeasurePrice><AllowDiscount>1</AllowDiscount><ItemStatus>1</ItemStatus><ItemPrice>8.90</ItemPrice></item><item><PriceUpdateDate>2016-08-02 09:29:47</PriceUpdateDate><ItemCode>7290002374640</ItemCode><ItemType>1</ItemType><ItemName>מב שמן קנולה פלוס או</ItemName><ManufacturerName>עץ הזית</ManufacturerName><ManufactureCountry>ישראל</ManufactureCountry><ManufacturerItemDescription>מב שמן קנולה פלוס או</ManufacturerItemDescription><SoldByWeight/><Quantity>1000.00</Quantity><UnitOfMeasure>מ"ל</UnitOfMeasure><QtyInPackage>לא ידוע</QtyInPackage><UnitOfMeasurePrice>0.0149</UnitOfMeasurePrice><AllowDiscount>1</AllowDiscount><ItemStatus>1</ItemStatus><ItemPrice>14.90</ItemPrice></item><item><PriceUpdateDate>2016-08-08 16:08:10</PriceUpdateDate><ItemCode>7290002447491</ItemCode><ItemType>3</ItemType><ItemName>שפיץ צ'אך טרי כשר אד</ItemName><ManufacturerName>אדום אדום</ManufacturerName><ManufactureCountry>ישראל</ManufactureCountry><ManufacturerItemDescription>צאך עגל טרי לקג</ManufacturerItemDescription><SoldByWeight/><Quantity>1.00</Quantity><UnitOfMeasure>ק"ג</UnitOfMeasure><QtyInPackage>לא ידוע</QtyInPackage><UnitOfMeasurePrice>94.9000</UnitOfMeasurePrice><AllowDiscount>1</AllowDiscount><ItemStatus>1</ItemStatus><ItemPrice>94.90</ItemPrice></item><item><PriceUpdateDate>2016-05-01 06:44:56</PriceUpdateDate><ItemCode>7290002487425</ItemCode><ItemType>1</ItemType><ItemName>עוגיות אוראו קרם שוק</ItemName><ManufacturerName>אוראו</ManufacturerName><ManufactureCountry>ספרד</ManufactureCountry><ManufacturerItemDescription>מברשת מרידול    דול</ManufacturerItemDescription><SoldByWeight/><Quantity>176.00</Quantity><UnitOfMeasure>גרם     </UnitOfMeasure><QtyInPackage>לא ידוע</QtyInPackage><UnitOfMeasurePrice>0.0506</UnitOfMeasurePrice><AllowDiscount>1</AllowDiscount><ItemStatus>1</ItemStatus><ItemPrice>8.90</ItemPrice></item><item><PriceUpdateDate>2016-08-07 20:02:47</PriceUpdateDate><ItemCode>7290002514053</ItemCode><ItemType>1</ItemType><ItemName>ביסקויט סנדביץ' שוקו</ItemName><ManufacturerName>דאנש</ManufacturerName><ManufactureCountry>ישראל</ManufactureCountry><ManufacturerItemDescription>ביסקויט סנדביץ' שוקו</ManufacturerItemDescription><SoldByWeight/><Quantity>300.00</Quantity><UnitOfMeasure>גרם     </UnitOfMeasure><QtyInPackage>לא ידוע</QtyInPackage><UnitOfMeasurePrice>0.0297</UnitOfMeasurePrice><AllowDiscount>1</AllowDiscount><ItemStatus>1</ItemStatus><ItemPrice>8.90</ItemPrice></item><item><PriceUpdateDate>2016-03-15 06:36:09</PriceUpdateDate><ItemCode>7290002517269</ItemCode><ItemType>1</ItemType><ItemName>פלפל שחור שלם 35 גרם</ItemName><ManufacturerName>טעם וריח</ManufacturerName><ManufactureCountry>ישראל</ManufactureCountry><ManufacturerItemDescription>פלפל שחור שלם 35 גר מיכל</ManufacturerItemDescription><SoldByWeight/><Quantity>14.00</Quantity><UnitOfMeasure>גרם     </UnitOfMeasure><QtyInPackage>לא ידוע</QtyInPackage><UnitOfMeasurePrice>0.9071</UnitOfMeasurePrice><AllowDiscount>1</AllowDiscount><ItemStatus>1</ItemStatus><ItemPrice>12.70</ItemPrice></item><item><PriceUpdateDate>2016-08-08 16:08:10</PriceUpdateDate><ItemCode>7290002517491</ItemCode><ItemType>3</ItemType><ItemName>שפיץ צ'אך  חלק  טרי</ItemName><ManufacturerName>אדום אדום</ManufacturerName><ManufactureCountry>ישראל</ManufactureCountry><ManufacturerItemDescription>צאך עגל טרי לקג</ManufacturerItemDescription><SoldByWeight/><Quantity>1.00</Quantity><UnitOfMeasure>ק"ג</UnitOfMeasure><QtyInPackage>לא ידוע</QtyInPackage><UnitOfMeasurePrice>94.9000</UnitOfMeasurePrice><AllowDiscount>1</AllowDiscount><ItemStatus>1</ItemStatus><ItemPrice>94.90</ItemPrice></item><item><PriceUpdateDate>2015-10-11 06:43:50</PriceUpdateDate><ItemCode>7290002517603</ItemCode><ItemType>1</ItemType><ItemName>בזיליקום 10 גרם</ItemName><ManufacturerName>טעם וריח</ManufacturerName><ManufactureCountry>ישראל</ManufactureCountry><ManufacturerItemDescription>בזיליקום 10   גר</ManufacturerItemDescription><SoldByWeight/><Quantity>14.00</Quantity><UnitOfMeasure>גרם     </UnitOfMeasure><QtyInPackage>לא ידוע</QtyInPackage><UnitOfMeasurePrice>0.5286</UnitOfMeasurePrice><AllowDiscount>1</AllowDiscount><ItemStatus>1</ItemStatus><ItemPrice>7.40</ItemPrice></item><item><PriceUpdateDate>2015-10-11 06:43:50</PriceUpdateDate><ItemCode>7290002517634</ItemCode><ItemType>1</ItemType><ItemName>כוסברה 30 גרם</ItemName><ManufacturerName>לא ידוע</ManufacturerName><ManufactureCountry>ישראל</ManufactureCountry><ManufacturerItemDescription>כוסברה 30 גרם</ManufacturerItemDescription><SoldByWeight/><Quantity>14.00</Quantity><UnitOfMeasure>גרם     </UnitOfMeasure><QtyInPackage>לא ידוע</QtyInPackage><UnitOfMeasurePrice>0.5286</UnitOfMeasurePrice><AllowDiscount>1</AllowDiscount><ItemStatus>1</ItemStatus><ItemPrice>7.40</ItemPrice></item><item><PriceUpdateDate>2015-10-11 06:43:50</PriceUpdateDate><ItemCode>7290002517658</ItemCode><ItemType>1</ItemType><ItemName>כורכום 40 גרם</ItemName><ManufacturerName>לא ידוע</ManufacturerName><ManufactureCountry>ישראל</ManufactureCountry><ManufacturerItemDescription>כורכום 40  גר</ManufacturerItemDescription><SoldByWeight/><Quantity>14.00</Quantity><UnitOfMeasure>גרם     </UnitOfMeasure><QtyInPackage>לא ידוע</QtyInPackage><UnitOfMeasurePrice>0.5286</UnitOfMeasurePrice><AllowDiscount>1</AllowDiscount><ItemStatus>1</ItemStatus><ItemPrice>7.40</ItemPrice></item><item><PriceUpdateDate>2015-10-11 06:43:50</PriceUpdateDate><ItemCode>7290002517665</ItemCode><ItemType>1</ItemType><ItemName>קימל טחון 40 גרם</ItemName><ManufacturerName>טעם וריח</ManufacturerName><ManufactureCountry>ישראל</ManufactureCountry><ManufacturerItemDescription>קימל טחון 40 גרם</ManufacturerItemDescription><SoldByWeight/><Quantity>14.00</Quantity><UnitOfMeasure>גרם     </UnitOfMeasure><QtyInPackage>לא ידוע</QtyInPackage><UnitOfMeasurePrice>0.5286</UnitOfMeasurePrice><AllowDiscount>1</AllowDiscount><ItemStatus>1</ItemStatus><ItemPrice>7.40</ItemPrice></item><item><PriceUpdateDate>2015-10-11 06:43:50</PriceUpdateDate><ItemCode>7290002517689</ItemCode><ItemType>1</ItemType><ItemName>קרי אבקה 40 גרם</ItemName><ManufacturerName>לא ידוע</ManufacturerName><ManufactureCountry>ישראל</ManufactureCountry><ManufacturerItemDescription>קרי 40 גר</ManufacturerItemDescription><SoldByWeight/><Quantity>14.00</Quantity><UnitOfMeasure>גרם     </UnitOfMeasure><QtyInPackage>לא ידוע</QtyInPackage><UnitOfMeasurePrice>0.5286</UnitOfMeasurePrice><AllowDiscount>1</AllowDiscount><ItemStatus>1</ItemStatus><ItemPrice>7.40</ItemPrice></item><item><PriceUpdateDate>2015-10-11 06:43:50</PriceUpdateDate><ItemCode>7290002517696</ItemCode><ItemType>1</ItemType><ItemName>שום אבקה 40 גרם</ItemName><ManufacturerName>לא ידוע</ManufacturerName><ManufactureCountry>ישראל</ManufactureCountry><ManufacturerItemDescription>אבקת שום 40 גר</ManufacturerItemDescription><SoldByWeight/><Quantity>14.00</Quantity><UnitOfMeasure>גרם     </UnitOfMeasure><QtyInPackage>לא ידוע</QtyInPackage><UnitOfMeasurePrice>0.5286</UnitOfMeasurePrice><AllowDiscount>1</AllowDiscount><ItemStatus>1</ItemStatus><ItemPrice>7.40</ItemPrice></item><item><PriceUpdateDate>2015-10-11 06:43:50</PriceUpdateDate><ItemCode>7290002517733</ItemCode><ItemType>1</ItemType><ItemName>קצח 50 גרם</ItemName><ManufacturerName>תבליני טעם וריח</ManufacturerName><ManufactureCountry>ישראל</ManufactureCountry><ManufacturerItemDescription>קצח 50 גרם</ManufacturerItemDescription><SoldByWeight/><Quantity>14.00</Quantity><UnitOfMeasure>גרם     </UnitOfMeasure><QtyInPackage>לא ידוע</QtyInPackage><UnitOfMeasurePrice>0.5286</UnitOfMeasurePrice><AllowDiscount>1</AllowDiscount><ItemStatus>1</ItemStatus><ItemPrice>7.40</ItemPrice></item><item><PriceUpdateDate>2015-10-11 06:43:50</PriceUpdateDate><ItemCode>7290002517757</ItemCode><ItemType>1</ItemType><ItemName>שמיר 15 גרם</ItemName><ManufacturerName>לא ידוע</ManufacturerName><ManufactureCountry>ישראל</ManufactureCountry><ManufacturerItemDescription>שמיר 15 גרם</ManufacturerItemDescription><SoldByWeight/><Quantity>14.00</Quantity><UnitOfMeasure>גרם     </UnitOfMeasure><QtyInPackage>לא ידוע</QtyInPackage><UnitOfMeasurePrice>0.5286</UnitOfMeasurePrice><AllowDiscount>1</AllowDiscount><ItemStatus>1</ItemStatus><ItemPrice>7.40</ItemPrice></item><item><PriceUpdateDate>2015-10-11 06:43:50</PriceUpdateDate><ItemCode>7290002517764</ItemCode><ItemType>1</ItemType><ItemName>פטרוזיליה 10 גרם</ItemName><ManufacturerName>לא ידוע</ManufacturerName><ManufactureCountry>ישראל</ManufactureCountry><ManufacturerItemDescription>פטרוזיליה 10 גרם</ManufacturerItemDescription><SoldByWeight/><Quantity>14.00</Quantity><UnitOfMeasure>גרם     </UnitOfMeasure><QtyInPackage>לא ידוע</QtyInPackage><UnitOfMeasurePrice>0.5286</UnitOfMeasurePrice><AllowDiscount>1</AllowDiscount><ItemStatus>1</ItemStatus><ItemPrice>7.40</ItemPrice></item><item><PriceUpdateDate>2015-10-11 06:43:50</PriceUpdateDate><ItemCode>7290002517795</ItemCode><ItemType>1</ItemType><ItemName>פלפל אנגלי (ריחוני)</ItemName><ManufacturerName>לא ידוע</ManufacturerName><ManufactureCountry>ישראל</ManufactureCountry><ManufacturerItemDescription>פלפל אנגלי (ריחוני)</ManufacturerItemDescription><SoldByWeight/><Quantity>14.00</Quantity><UnitOfMeasure>גרם     </UnitOfMeasure><QtyInPackage>לא ידוע</QtyInPackage><UnitOfMeasurePrice>0.5286</UnitOfMeasurePrice><AllowDiscount>1</AllowDiscount><ItemStatus>1</ItemStatus><ItemPrice>7.40</ItemPrice></item><item><PriceUpdateDate>2015-01-27 10:35:13</PriceUpdateDate><ItemCode>7290002517863</ItemCode><ItemType>1</ItemType><ItemName>ציפורן טחון 40 גרם</ItemName><ManufacturerName>תבליני טעם וריח</ManufacturerName><ManufactureCountry>ישראל</ManufactureCountry><ManufacturerItemDescription>ציפורן טחון 40 גר</ManufacturerItemDescription><SoldByWeight/><Quantity>14.00</Quantity><UnitOfMeasure>גרם     </UnitOfMeasure><QtyInPackage>לא ידוע</QtyInPackage><UnitOfMeasurePrice>0.8000</UnitOfMeasurePrice><AllowDiscount>1</AllowDiscount><ItemStatus>1</ItemStatus><ItemPrice>11.20</ItemPrice></item><item><PriceUpdateDate>2016-05-31 06:16:03</PriceUpdateDate><ItemCode>7290002541370</ItemCode><ItemType>1</ItemType><ItemName>חלב סויה אלפרו סידן</ItemName><ManufacturerName>אלפרו</ManufacturerName><ManufactureCountry>בלגיה</ManufactureCountry><ManufacturerItemDescription>משקה סויה טבעי  1 ליטר</ManufacturerItemDescription><SoldByWeight/><Quantity>1000.00</Quantity><UnitOfMeasure>מ"ל</UnitOfMeasure><QtyInPackage>לא ידוע</QtyInPackage><UnitOfMeasurePrice>0.0139</UnitOfMeasurePrice><AllowDiscount>1</AllowDiscount><ItemStatus>1</ItemStatus><ItemPrice>13.90</ItemPrice></item><item><PriceUpdateDate>2016-08-10 06:57:37</PriceUpdateDate><ItemCode>7290002543237</ItemCode><ItemType>1</ItemType><ItemName>קלוגס קורנפלקס 750 ג</ItemName><ManufacturerName>קלוגס קורנפלקס</ManufacturerName><ManufactureCountry>גרמניה</ManufactureCountry><ManufacturerItemDescription>קורנפלקס קלוגס 750 גר</ManufacturerItemDescription><SoldByWeight/><Quantity>750.00</Quantity><UnitOfMeasure>גרם     </UnitOfMeasure><QtyInPackage>לא ידוע</QtyInPackage><UnitOfMeasurePrice>0.0252</UnitOfMeasurePrice><AllowDiscount>1</AllowDiscount><ItemStatus>1</ItemStatus><ItemPrice>18.90</ItemPrice></item><item><PriceUpdateDate>2016-05-31 06:16:04</PriceUpdateDate><ItemCode>7290002551003</ItemCode><ItemType>1</ItemType><ItemName>טונה סטארקיסט בשמן 1</ItemName><ManufacturerName>סטארקיסט</ManufacturerName><ManufactureCountry>ישראל</ManufactureCountry><ManufacturerItemDescription>טונה סטארקיסט בשמן160 גר</ManufacturerItemDescription><SoldByWeight/><Quantity>112.00</Quantity><UnitOfMeasure>גרם     </UnitOfMeasure><QtyInPackage>לא ידוע</QtyInPackage><UnitOfMeasurePrice>0.0607</UnitOfMeasurePrice><AllowDiscount>1</AllowDiscount><ItemStatus>1</ItemStatus><ItemPrice>6.80</ItemPrice></item><item><PriceUpdateDate>2016-05-31 06:16:04</PriceUpdateDate><ItemCode>7290002551010</ItemCode><ItemType>1</ItemType><ItemName>טונה סטארקיסט במים 1</ItemName><ManufacturerName>סטארקיסט</ManufacturerName><ManufactureCountry>ישראל</ManufactureCountry><ManufacturerItemDescription>טונה סטארקיסט במים160 גר</ManufacturerItemDescription><SoldByWeight/><Quantity>112.00</Quantity><UnitOfMeasure>גרם     </UnitOfMeasure><QtyInPackage>לא ידוע</QtyInPackage><UnitOfMeasurePrice>0.0607</UnitOfMeasurePrice><AllowDiscount>1</AllowDiscount><ItemStatus>1</ItemStatus><ItemPrice>6.80</ItemPrice></item><item><PriceUpdateDate>2016-05-01 10:32:04</PriceUpdateDate><ItemCode>7290002581352</ItemCode><ItemType>1</ItemType><ItemName>קרקר דגן 250 גרם</ItemName><ManufacturerName>קרקר ב&amp;ב</ManufacturerName><ManufactureCountry>ישראל</ManufactureCountry><ManufacturerItemDescription>קרקר דגן 250 גרם</ManufacturerItemDescription><SoldByWeight/><Quantity>250.00</Quantity><UnitOfMeasure>גרם     </UnitOfMeasure><QtyInPackage>לא ידוע</QtyInPackage><UnitOfMeasurePrice>0.0408</UnitOfMeasurePrice><AllowDiscount>1</AllowDiscount><ItemStatus>1</ItemStatus><ItemPrice>10.20</ItemPrice></item><item><PriceUpdateDate>2016-06-13 16:00:18</PriceUpdateDate><ItemCode>7290002657866</ItemCode><ItemType>3</ItemType><ItemName>פילה אמנון מאיר עזרא</ItemName><ManufacturerName>דלידג</ManufacturerName><ManufactureCountry>ישראל</ManufactureCountry><ManufacturerItemDescription>פילה אמנון מאיר עזרא</ManufacturerItemDescription><SoldByWeight/><Quantity>1.00</Quantity><UnitOfMeasure>ק"ג</UnitOfMeasure><QtyInPackage>לא ידוע</QtyInPackage><UnitOfMeasurePrice>43.9000</UnitOfMeasurePrice><AllowDiscount>1</AllowDiscount><ItemStatus>1</ItemStatus><ItemPrice>43.90</ItemPrice></item><item><PriceUpdateDate>2016-05-01 10:32:06</PriceUpdateDate><ItemCode>7290002661115</ItemCode><ItemType>1</ItemType><ItemName>לחם הולנדי 1.2 ק''ג</ItemName><ManufacturerName>מאפיית ברמן</ManufacturerName><ManufactureCountry>ישראל</ManufactureCountry><ManufacturerItemDescription>לחם הולנדי 1.2 ק''ג</ManufacturerItemDescription><SoldByWeight/><Quantity>1200.00</Quantity><UnitOfMeasure>גרם     </UnitOfMeasure><QtyInPackage>לא ידוע</QtyInPackage><UnitOfMeasurePrice>0.0149</UnitOfMeasurePrice><AllowDiscount>1</AllowDiscount><ItemStatus>1</ItemStatus><ItemPrice>17.90</ItemPrice></item><item><PriceUpdateDate>2016-05-01 10:32:06</PriceUpdateDate><ItemCode>7290002661153</ItemCode><ItemType>1</ItemType><ItemName>לחם  דני קל 1 ק"ג</ItemName><ManufacturerName>מאפית לחם חן</ManufacturerName><ManufactureCountry>ישראל</ManufactureCountry><ManufacturerItemDescription>לחם  דני קל 1 ק"ג</ManufacturerItemDescription><SoldByWeight/><Quantity>1000.00</Quantity><UnitOfMeasure>גרם     </UnitOfMeasure><QtyInPackage>לא ידוע</QtyInPackage><UnitOfMeasurePrice>0.0193</UnitOfMeasurePrice><AllowDiscount>1</AllowDiscount><ItemStatus>1</ItemStatus><ItemPrice>19.30</ItemPrice></item><item><PriceUpdateDate>2016-05-01 10:32:06</PriceUpdateDate><ItemCode>7290002661214</ItemCode><ItemType>1</ItemType><ItemName>לחם גלילי קל 750 גרם</ItemName><ManufacturerName>לא ממותג</ManufacturerName><ManufactureCountry>ישראל</ManufactureCountry><ManufacturerItemDescription>לחם גלילי קל 750 גרם</ManufacturerItemDescription><SoldByWeight/><Quantity>750.00</Quantity><UnitOfMeasure>גרם     </UnitOfMeasure><QtyInPackage>לא ידוע</QtyInPackage><UnitOfMeasurePrice>0.0231</UnitOfMeasurePrice><AllowDiscount>1</AllowDiscount><ItemStatus>1</ItemStatus><ItemPrice>17.30</ItemPrice></item><item><PriceUpdateDate>2016-02-26 06:49:19</PriceUpdateDate><ItemCode>7290002663522</ItemCode><ItemType>1</ItemType><ItemName>תפוזינה 1.5 ליטר</ItemName><ManufacturerName>תפוזינה</ManufacturerName><ManufactureCountry>ישראל</ManufactureCountry><ManufacturerItemDescription>תפוזינה תפוזים1.5 ל</ManufacturerItemDescription><SoldByWeight/><Quantity>1500.00</Quantity><UnitOfMeasure>מ"ל</UnitOfMeasure><QtyInPackage>לא ידוע</QtyInPackage><UnitOfMeasurePrice>0.0050</UnitOfMeasurePrice><AllowDiscount>1</AllowDiscount><ItemStatus>1</ItemStatus><ItemPrice>7.50</ItemPrice></item><item><PriceUpdateDate>2016-05-31 06:16:04</PriceUpdateDate><ItemCode>7290002663805</ItemCode><ItemType>1</ItemType><ItemName>שוופס טוניק 1.5 ליטר</ItemName><ManufacturerName>שוופס</ManufacturerName><ManufactureCountry>ישראל</ManufactureCountry><ManufacturerItemDescription>שוופס טוניק 1.5 ל</ManufacturerItemDescription><SoldByWeight/><Quantity>1500.00</Quantity><UnitOfMeasure>מ"ל</UnitOfMeasure><QtyInPackage>לא ידוע</QtyInPackage><UnitOfMeasurePrice>0.0073</UnitOfMeasurePrice><AllowDiscount>1</AllowDiscount><ItemStatus>1</ItemStatus><ItemPrice>10.90</ItemPrice></item><item><PriceUpdateDate>2016-05-31 06:16:04</PriceUpdateDate><ItemCode>7290002663812</ItemCode><ItemType>1</ItemType><ItemName>שוופס ג'ינג'ר 1.5 לי</ItemName><ManufacturerName>שוופס</ManufacturerName><ManufactureCountry>ישראל</ManufactureCountry><ManufacturerItemDescription>שוופס גינגר 1.5 ל</ManufacturerItemDescription><SoldByWeight/><Quantity>1500.00</Quantity><UnitOfMeasure>מ"ל</UnitOfMeasure><QtyInPackage>לא ידוע</QtyInPackage><UnitOfMeasurePrice>0.0073</UnitOfMeasurePrice><AllowDiscount>1</AllowDiscount><ItemStatus>1</ItemStatus><ItemPrice>10.90</ItemPrice></item><item><PriceUpdateDate>2016-05-31 06:16:04</PriceUpdateDate><ItemCode>7290002663829</ItemCode><ItemType>1</ItemType><ItemName>שוופס ביטר 1.5 ליטר</ItemName><ManufacturerName>שוופס</ManufacturerName><ManufactureCountry>ישראל</ManufactureCountry><ManufacturerItemDescription>שוופס ביטר 1.5 ל</ManufacturerItemDescription><SoldByWeight/><Quantity>1500.00</Quantity><UnitOfMeasure>מ"ל</UnitOfMeasure><QtyInPackage>לא ידוע</QtyInPackage><UnitOfMeasurePrice>0.0073</UnitOfMeasurePrice><AllowDiscount>1</AllowDiscount><ItemStatus>1</ItemStatus><ItemPrice>10.90</ItemPrice></item><item><PriceUpdateDate>2016-06-28 07:03:47</PriceUpdateDate><ItemCode>7290002673255</ItemCode><ItemType>1</ItemType><ItemName>סיליט מסיר אבנית וחל</ItemName><ManufacturerName>סיליט</ManufacturerName><ManufactureCountry>פולין</ManufactureCountry><ManufacturerItemDescription>סיליט מסיר אבנית וחל</ManufacturerItemDescription><SoldByWeight/><Quantity>500.00</Quantity><UnitOfMeasure>מ"ל</UnitOfMeasure><QtyInPackage>לא ידוע</QtyInPackage><UnitOfMeasurePrice>0.0378</UnitOfMeasurePrice><AllowDiscount>1</AllowDiscount><ItemStatus>1</ItemStatus><ItemPrice>18.90</ItemPrice></item><item><PriceUpdateDate>2016-06-22 06:58:39</PriceUpdateDate><ItemCode>7290002692393</ItemCode><ItemType>1</ItemType><ItemName>שמן קנולה עץ הזית מו</ItemName><ManufacturerName>עץ הזית</ManufacturerName><ManufactureCountry>ישראל</ManufactureCountry><ManufacturerItemDescription>שמן קנולה מועשר 1 ליטר</ManufacturerItemDescription><SoldByWeight/><Quantity>1000.00</Quantity><UnitOfMeasure>מ"ל</UnitOfMeasure><QtyInPackage>לא ידוע</QtyInPackage><UnitOfMeasurePrice>0.0149</UnitOfMeasurePrice><AllowDiscount>1</AllowDiscount><ItemStatus>1</ItemStatus><ItemPrice>14.90</ItemPrice></item><item><PriceUpdateDate>2016-06-27 17:21:53</PriceUpdateDate><ItemCode>7290002692409</ItemCode><ItemType>1</ItemType><ItemName>שמן חמניות עץ הזית מ</ItemName><ManufacturerName>עץ הזית</ManufacturerName><ManufactureCountry>ישראל</ManufactureCountry><ManufacturerItemDescription>שמן חמניות מועשר 1 ליטר</ManufacturerItemDescription><SoldByWeight/><Quantity>1000.00</Quantity><UnitOfMeasure>מ"ל</UnitOfMeasure><QtyInPackage>לא ידוע</QtyInPackage><UnitOfMeasurePrice>0.0149</UnitOfMeasurePrice><AllowDiscount>1</AllowDiscount><ItemStatus>1</ItemStatus><ItemPrice>14.90</ItemPrice></item><item><PriceUpdateDate>2016-06-28 18:20:50</PriceUpdateDate><ItemCode>7290002692478</ItemCode><ItemType>1</ItemType><ItemName>שמן זית כתית מעולה מ</ItemName><ManufacturerName>עץ הזית</ManufacturerName><ManufactureCountry>ישראל</ManufactureCountry><ManufacturerItemDescription>שמן זית כתית מעולה מ</ManufacturerItemDescription><SoldByWeight/><Quantity>750.00</Quantity><UnitOfMeasure>מ"ל</UnitOfMeasure><QtyInPackage>לא ידוע</QtyInPackage><UnitOfMeasurePrice>0.0532</UnitOfMeasurePrice><AllowDiscount>1</AllowDiscount><ItemStatus>1</ItemStatus><ItemPrice>39.90</ItemPrice></item><item><PriceUpdateDate>2016-02-16 17:36:40</PriceUpdateDate><ItemCode>7290002692553</ItemCode><ItemType>1</ItemType><ItemName>שמן זיתולה עץ הזית 7</ItemName><ManufacturerName>עץ הזית</ManufacturerName><ManufactureCountry>ישראל</ManufactureCountry><ManufacturerItemDescription>שמן זיתולה עץ הזית 750 מל</ManufacturerItemDescription><SoldByWeight/><Quantity>750.00</Quantity><UnitOfMeasure>מ"ל</UnitOfMeasure><QtyInPackage>לא ידוע</QtyInPackage><UnitOfMeasurePrice>0.0332</UnitOfMeasurePrice><AllowDiscount>1</AllowDiscount><ItemStatus>1</ItemStatus><ItemPrice>24.90</ItemPrice></item><item><PriceUpdateDate>2016-05-31 06:16:05</PriceUpdateDate><ItemCode>7290002706731</ItemCode><ItemType>3</ItemType><ItemName>רצועות פילה הנסיכה נ</ItemName><ManufacturerName>7 DAYS</ManufacturerName><ManufactureCountry>ישראל</ManufactureCountry><ManufacturerItemDescription>רצועות פילה הנסיכה נ</ManufacturerItemDescription><SoldByWeight/><Quantity>1.00</Quantity><UnitOfMeasure>ק"ג</UnitOfMeasure><QtyInPackage>לא ידוע</QtyInPackage><UnitOfMeasurePrice>54.9000</UnitOfMeasurePrice><AllowDiscount>1</AllowDiscount><ItemStatus>1</ItemStatus><ItemPrice>54.90</ItemPrice></item><item><PriceUpdateDate>2016-05-31 06:16:05</PriceUpdateDate><ItemCode>7290002715504</ItemCode><ItemType>1</ItemType><ItemName>מג'יק ארוחת אטריות ט</ItemName><ManufacturerName>מגיק</ManufacturerName><ManufactureCountry>ישראל</ManufactureCountry><ManufacturerItemDescription>תבשיל מגיק בכוס עוף 70 ג</ManufacturerItemDescription><SoldByWeight/><Quantity>14.00</Quantity><UnitOfMeasure>גרם     </UnitOfMeasure><QtyInPackage>לא ידוע</QtyInPackage><UnitOfMeasurePrice>0.4857</UnitOfMeasurePrice><AllowDiscount>1</AllowDiscount><ItemStatus>1</ItemStatus><ItemPrice>6.80</ItemPrice></item><item><PriceUpdateDate>2016-05-31 06:16:05</PriceUpdateDate><ItemCode>7290002715511</ItemCode><ItemType>1</ItemType><ItemName>מג'יק ארוחת אטריות ט</ItemName><ManufacturerName>מג'יק</ManufacturerName><ManufactureCountry>ישראל</ManufactureCountry><ManufacturerItemDescription>תבשיל מגיק בכוס בקר 70 גר</ManufacturerItemDescription><SoldByWeight/><Quantity>14.00</Quantity><UnitOfMeasure>גרם     </UnitOfMeasure><QtyInPackage>לא ידוע</QtyInPackage><UnitOfMeasurePrice>0.4857</UnitOfMeasurePrice><AllowDiscount>1</AllowDiscount><ItemStatus>1</ItemStatus><ItemPrice>6.80</ItemPrice></item><item><PriceUpdateDate>2016-05-31 06:16:05</PriceUpdateDate><ItemCode>7290002730675</ItemCode><ItemType>1</ItemType><ItemName>משחת שינים קולגייט א</ItemName><ManufacturerName>קולגייט</ManufacturerName><ManufactureCountry>פולין</ManufactureCountry><ManufacturerItemDescription>רולדת שוקולד    פה 350גר</ManufacturerItemDescription><SoldByWeight/><Quantity>100.00</Quantity><UnitOfMeasure>גרם     </UnitOfMeasure><QtyInPackage>לא ידוע</QtyInPackage><UnitOfMeasurePrice>0.0990</UnitOfMeasurePrice><AllowDiscount>0</AllowDiscount><ItemStatus>1</ItemStatus><ItemPrice>9.90</ItemPrice></item><item><PriceUpdateDate>2016-06-20 15:07:09</PriceUpdateDate><ItemCode>7290002730811</ItemCode><ItemType>1</ItemType><ItemName>קולגייט משפחתי ג'ל 1</ItemName><ManufacturerName>קולגייט</ManufacturerName><ManufactureCountry>פולין</ManufactureCountry><ManufacturerItemDescription>פרינוק מחית     פו"ע190ג</ManufacturerItemDescription><SoldByWeight/><Quantity>130.00</Quantity><UnitOfMeasure>גרם     </UnitOfMeasure><QtyInPackage>לא ידוע</QtyInPackage><UnitOfMeasurePrice>0.1223</UnitOfMeasurePrice><AllowDiscount>1</AllowDiscount><ItemStatus>1</ItemStatus><ItemPrice>15.90</ItemPrice></item><item><PriceUpdateDate>2016-06-28 07:03:48</PriceUpdateDate><ItemCode>7290002741077</ItemCode><ItemType>1</ItemType><ItemName>כריות צוקולדה 750 גר</ItemName><ManufacturerName>כריות</ManufacturerName><ManufactureCountry>ישראל</ManufactureCountry><ManufacturerItemDescription>כריות צוקולדה 750 גר</ManufacturerItemDescription><SoldByWeight/><Quantity>750.00</Quantity><UnitOfMeasure>גרם     </UnitOfMeasure><QtyInPackage>לא ידוע</QtyInPackage><UnitOfMeasurePrice>0.0380</UnitOfMeasurePrice><AllowDiscount>1</AllowDiscount><ItemStatus>1</ItemStatus><ItemPrice>28.50</ItemPrice></item><item><PriceUpdateDate>2016-08-07 20:02:47</PriceUpdateDate><ItemCode>7290002741091</ItemCode><ItemType>1</ItemType><ItemName>חטיף דגנים שוגי פצפו</ItemName><ManufacturerName>שוגי</ManufacturerName><ManufactureCountry>ישראל</ManufactureCountry><ManufacturerItemDescription>חטיף דגנים פצפוצי שוקו 18</ManufacturerItemDescription><SoldByWeight/><Quantity>184.00</Quantity><UnitOfMeasure>גרם     </UnitOfMeasure><QtyInPackage>לא ידוע</QtyInPackage><UnitOfMeasurePrice>0.1245</UnitOfMeasurePrice><AllowDiscount>1</AllowDiscount><ItemStatus>1</ItemStatus><ItemPrice>22.90</ItemPrice></item><item><PriceUpdateDate>2016-05-01 10:32:10</PriceUpdateDate><ItemCode>7290002752332</ItemCode><ItemType>1</ItemType><ItemName>סוכריות מנטוס פירות</ItemName><ManufacturerName>מנטוס</ManufacturerName><ManufactureCountry>הולנד</ManufactureCountry><ManufacturerItemDescription>סוכריות מנטוס   רות37.5ג</ManufacturerItemDescription><SoldByWeight/><Quantity>0.00</Quantity><UnitOfMeasure>יח'</UnitOfMeasure><QtyInPackage>לא ידוע</QtyInPackage><UnitOfMeasurePrice>0.0000</UnitOfMeasurePrice><AllowDiscount>1</AllowDiscount><ItemStatus>1</ItemStatus><ItemPrice>3.90</ItemPrice></item><item><PriceUpdateDate>2016-05-01 10:32:10</PriceUpdateDate><ItemCode>7290002752349</ItemCode><ItemType>1</ItemType><ItemName>סוכריות מנטוס מנטה ב</ItemName><ManufacturerName>מנטוס</ManufacturerName><ManufactureCountry>הולנד</ManufactureCountry><ManufacturerItemDescription>סוכריות מנטוס   37.5 גרם</ManufacturerItemDescription><SoldByWeight/><Quantity>0.00</Quantity><UnitOfMeasure>יח'</UnitOfMeasure><QtyInPackage>לא ידוע</QtyInPackage><UnitOfMeasurePrice>0.0000</UnitOfMeasurePrice><AllowDiscount>1</AllowDiscount><ItemStatus>1</ItemStatus><ItemPrice>3.90</ItemPrice></item><item><PriceUpdateDate>2016-05-01 10:32:10</PriceUpdateDate><ItemCode>7290002753995</ItemCode><ItemType>1</ItemType><ItemName>קישוטי עוגה 150 גרם</ItemName><ManufacturerName>ליימן חטיבת המותגים</ManufacturerName><ManufactureCountry>ישראל</ManufactureCountry><ManufacturerItemDescription>קישוטי עוגה 150 גרם</ManufacturerItemDescription><SoldByWeight/><Quantity>150.00</Quantity><UnitOfMeasure>גרם     </UnitOfMeasure><QtyInPackage>לא ידוע</QtyInPackage><UnitOfMeasurePrice>0.1020</UnitOfMeasurePrice><AllowDiscount>1</AllowDiscount><ItemStatus>1</ItemStatus><ItemPrice>15.30</ItemPrice></item><item><PriceUpdateDate>2016-08-02 09:29:49</PriceUpdateDate><ItemCode>7290002757139</ItemCode><ItemType>1</ItemType><ItemName>מב מלוואח שלושת האופ</ItemName><ManufacturerName>שלושת האופים</ManufacturerName><ManufactureCountry>ישראל</ManufactureCountry><ManufacturerItemDescription>מלאווח 700 גרם שלושת האופ</ManufacturerItemDescription><SoldByWeight/><Quantity>700.00</Quantity><UnitOfMeasure>גרם     </UnitOfMeasure><QtyInPackage>לא ידוע</QtyInPackage><UnitOfMeasurePrice>0.0184</UnitOfMeasurePrice><AllowDiscount>1</AllowDiscount><ItemStatus>1</ItemStatus><ItemPrice>12.90</ItemPrice></item><item><PriceUpdateDate>2016-05-01 10:32:10</PriceUpdateDate><ItemCode>7290002757511</ItemCode><ItemType>1</ItemType><ItemName>קציצות דג מבושלות 75</ItemName><ManufacturerName>דלידג</ManufacturerName><ManufactureCountry>ישראל</ManufactureCountry><ManufacturerItemDescription>קציצות דג לבישול 750 גרם</ManufacturerItemDescription><SoldByWeight/><Quantity>750.00</Quantity><UnitOfMeasure>גרם     </UnitOfMeasure><QtyInPackage>לא ידוע</QtyInPackage><UnitOfMeasurePrice>0.0440</UnitOfMeasurePrice><AllowDiscount>1</AllowDiscount><ItemStatus>1</ItemStatus><ItemPrice>33.00</ItemPrice></item><item><PriceUpdateDate>2016-05-01 10:32:10</PriceUpdateDate><ItemCode>7290002769514</ItemCode><ItemType>1</ItemType><ItemName>עוגיות הזהב פריכות 3</ItemName><ManufacturerName>עוגיות הזהב</ManufacturerName><ManufactureCountry>ישראל</ManufactureCountry><ManufacturerItemDescription>עוגיות הזהב פריכות 3</ManufacturerItemDescription><SoldByWeight/><Quantity>350.00</Quantity><UnitOfMeasure>גרם     </UnitOfMeasure><QtyInPackage>לא ידוע</QtyInPackage><UnitOfMeasurePrice>0.0426</UnitOfMeasurePrice><AllowDiscount>1</AllowDiscount><ItemStatus>1</ItemStatus><ItemPrice>14.90</ItemPrice></item><item><PriceUpdateDate>2015-11-10 07:32:14</PriceUpdateDate><ItemCode>7290002771111</ItemCode><ItemType>1</ItemType><ItemName>קפה אל נחלה עם הל 25</ItemName><ManufacturerName>קפה נחלה רפיק</ManufacturerName><ManufactureCountry>ישראל</ManufactureCountry><ManufacturerItemDescription>קפה נחלה הל 250 גר</ManufacturerItemDescription><SoldByWeight/><Quantity>250.00</Quantity><UnitOfMeasure>גרם     </UnitOfMeasure><QtyInPackage>לא ידוע</QtyInPackage><UnitOfMeasurePrice>0.0772</UnitOfMeasurePrice><AllowDiscount>1</AllowDiscount><ItemStatus>1</ItemStatus><ItemPrice>19.30</ItemPrice></item><item><PriceUpdateDate>2015-11-10 07:32:14</PriceUpdateDate><ItemCode>7290002787167</ItemCode><ItemType>1</ItemType><ItemName>טונה ויליגר במים 140</ItemName><ManufacturerName>ויליגר</ManufacturerName><ManufactureCountry>ישראל</ManufactureCountry><ManufacturerItemDescription>טונה ויליגר במים 140</ManufacturerItemDescription><SoldByWeight/><Quantity>140.00</Quantity><UnitOfMeasure>גרם     </UnitOfMeasure><QtyInPackage>לא ידוע</QtyInPackage><UnitOfMeasurePrice>0.0507</UnitOfMeasurePrice><AllowDiscount>1</AllowDiscount><ItemStatus>1</ItemStatus><ItemPrice>7.10</ItemPrice></item><item><PriceUpdateDate>2016-03-01 07:00:43</PriceUpdateDate><ItemCode>7290002787709</ItemCode><ItemType>1</ItemType><ItemName>גבינת אדם עלמה 150 ג</ItemName><ManufacturerName>נטו סחר</ManufacturerName><ManufactureCountry>פולין</ManufactureCountry><ManufacturerItemDescription>כוס ומכסה        יחידות</ManufacturerItemDescription><SoldByWeight/><Quantity>150.00</Quantity><UnitOfMeasure>גרם     </UnitOfMeasure><QtyInPackage>לא ידוע</QtyInPackage><UnitOfMeasurePrice>0.0400</UnitOfMeasurePrice><AllowDiscount>1</AllowDiscount><ItemStatus>1</ItemStatus><ItemPrice>6.00</ItemPrice></item><item><PriceUpdateDate>2016-04-22 06:55:44</PriceUpdateDate><ItemCode>7290002787716</ItemCode><ItemType>1</ItemType><ItemName>חמאה מפוסטרת עלמה 10</ItemName><ManufacturerName>"עלמה"</ManufacturerName><ManufactureCountry>לא ידוע</ManufactureCountry><ManufacturerItemDescription>חמאה מפוסטרת עלמה 10</ManufacturerItemDescription><SoldByWeight/><Quantity>100.00</Quantity><UnitOfMeasure>גרם     </UnitOfMeasure><QtyInPackage>לא ידוע</QtyInPackage><UnitOfMeasurePrice>0.0360</UnitOfMeasurePrice><AllowDiscount>1</AllowDiscount><ItemStatus>1</ItemStatus><ItemPrice>3.60</ItemPrice></item><item><PriceUpdateDate>2016-03-01 07:00:43</PriceUpdateDate><ItemCode>7290002787822</ItemCode><ItemType>1</ItemType><ItemName>גבינת גאודה עלמה 400</ItemName><ManufacturerName>"עלמה"</ManufacturerName><ManufactureCountry>לא ידוע</ManufactureCountry><ManufacturerItemDescription>גבינת גאודה עלמה 400</ManufacturerItemDescription><SoldByWeight/><Quantity>400.00</Quantity><UnitOfMeasure>גרם     </UnitOfMeasure><QtyInPackage>לא ידוע</QtyInPackage><UnitOfMeasurePrice>0.0400</UnitOfMeasurePrice><AllowDiscount>1</AllowDiscount><ItemStatus>1</ItemStatus><ItemPrice>16.00</ItemPrice></item><item><PriceUpdateDate>2015-12-02 06:48:45</PriceUpdateDate><ItemCode>7290002793311</ItemCode><ItemType>1</ItemType><ItemName>מילוי גז 60</ItemName><ManufacturerName>סודה סטרים</ManufacturerName><ManufactureCountry>ישראל</ManufactureCountry><ManufacturerItemDescription>מילוי גז 60</ManufacturerItemDescription><SoldByWeight/><Quantity>1.00</Quantity><UnitOfMeasure>יח'</UnitOfMeasure><QtyInPackage>לא ידוע</QtyInPackage><UnitOfMeasurePrice>49.9000</UnitOfMeasurePrice><AllowDiscount>1</AllowDiscount><ItemStatus>1</ItemStatus><ItemPrice>49.90</ItemPrice></item><item><PriceUpdateDate>2016-05-01 10:32:12</PriceUpdateDate><ItemCode>7290002808046</ItemCode><ItemType>1</ItemType><ItemName>ממרח מרשמלו פלאף</ItemName><ManufacturerName>טיירי</ManufacturerName><ManufactureCountry>ארצות הברית</ManufactureCountry><ManufacturerItemDescription>ממרח מרשמלו וניל 213 גרם</ManufacturerItemDescription><SoldByWeight/><Quantity>946.00</Quantity><UnitOfMeasure>גרם     </UnitOfMeasure><QtyInPackage>לא ידוע</QtyInPackage><UnitOfMeasurePrice>0.0154</UnitOfMeasurePrice><AllowDiscount>1</AllowDiscount><ItemStatus>1</ItemStatus><ItemPrice>14.60</ItemPrice></item><item><PriceUpdateDate>2016-05-01 10:32:12</PriceUpdateDate><ItemCode>7290002808701</ItemCode><ItemType>1</ItemType><ItemName>רוטב ווסטר 296 מ"ל</ItemName><ManufacturerName>טיירי</ManufacturerName><ManufactureCountry>ישראל</ManufactureCountry><ManufacturerItemDescription>רוטב ווסטר 296 מ"ל</ManufacturerItemDescription><SoldByWeight/><Quantity>296.00</Quantity><UnitOfMeasure>מ"ל</UnitOfMeasure><QtyInPackage>לא ידוע</QtyInPackage><UnitOfMeasurePrice>0.0615</UnitOfMeasurePrice><AllowDiscount>1</AllowDiscount><ItemStatus>1</ItemStatus><ItemPrice>18.20</ItemPrice></item><item><PriceUpdateDate>2016-02-11 06:58:46</PriceUpdateDate><ItemCode>7290002824183</ItemCode><ItemType>1</ItemType><ItemName>גבינת סקי 5% 500 גרם</ItemName><ManufacturerName>שטראוס</ManufacturerName><ManufactureCountry>ישראל</ManufactureCountry><ManufacturerItemDescription>גבינה סקי 500 5% גרם</ManufacturerItemDescription><SoldByWeight/><Quantity>500.00</Quantity><UnitOfMeasure>גרם     </UnitOfMeasure><QtyInPackage>לא ידוע</QtyInPackage><UnitOfMeasurePrice>0.0184</UnitOfMeasurePrice><AllowDiscount>0</AllowDiscount><ItemStatus>1</ItemStatus><ItemPrice>9.20</ItemPrice></item><item><PriceUpdateDate>2015-10-11 06:43:51</PriceUpdateDate><ItemCode>7290002824466</ItemCode><ItemType>1</ItemType><ItemName>דנונה טבעי 0% 200 גר</ItemName><ManufacturerName>דנונה</ManufacturerName><ManufactureCountry>ישראל</ManufactureCountry><ManufacturerItemDescription>דנונה 200 -0% גרם</ManufacturerItemDescription><SoldByWeight/><Quantity>200.00</Quantity><UnitOfMeasure>גרם     </UnitOfMeasure><QtyInPackage>לא ידוע</QtyInPackage><UnitOfMeasurePrice>0.0200</UnitOfMeasurePrice><AllowDiscount>1</AllowDiscount><ItemStatus>1</ItemStatus><ItemPrice>4.00</ItemPrice></item><item><PriceUpdateDate>2016-02-11 06:58:46</PriceUpdateDate><ItemCode>7290002824640</ItemCode><ItemType>1</ItemType><ItemName>גבינת סקי 5% 250 גרם</ItemName><ManufacturerName>שטראוס</ManufacturerName><ManufactureCountry>ישראל</ManufactureCountry><ManufacturerItemDescription>גבינה סקי 250 5% גר   .פי</ManufacturerItemDescription><SoldByWeight/><Quantity>250.00</Quantity><UnitOfMeasure>גרם     </UnitOfMeasure><QtyInPackage>לא ידוע</QtyInPackage><UnitOfMeasurePrice>0.0184</UnitOfMeasurePrice><AllowDiscount>1</AllowDiscount><ItemStatus>1</ItemStatus><ItemPrice>4.60</ItemPrice></item><item><PriceUpdateDate>2016-08-02 09:29:49</PriceUpdateDate><ItemCode>7290002825722</ItemCode><ItemType>1</ItemType><ItemName>סלט כרוב אדום אחלה 5</ItemName><ManufacturerName>אחלה</ManufacturerName><ManufactureCountry>ישראל</ManufactureCountry><ManufacturerItemDescription>סלט 500כרוב אדום אחלה</ManufacturerItemDescription><SoldByWeight/><Quantity>500.00</Quantity><UnitOfMeasure>גרם     </UnitOfMeasure><QtyInPackage>לא ידוע</QtyInPackage><UnitOfMeasurePrice>0.0298</UnitOfMeasurePrice><AllowDiscount>1</AllowDiscount><ItemStatus>1</ItemStatus><ItemPrice>14.90</ItemPrice></item><item><PriceUpdateDate>2016-08-03 09:18:39</PriceUpdateDate><ItemCode>7290002833525</ItemCode><ItemType>1</ItemType><ItemName>ס.מרלבורו רד קצר בוק</ItemName><ManufacturerName>מרלבורו</ManufacturerName><ManufactureCountry>ישראל</ManufactureCountry><ManufacturerItemDescription>ס.מרלבורו רד קצר בוק</ManufacturerItemDescription><SoldByWeight/><Quantity>0.00</Quantity><UnitOfMeasure>יח'</UnitOfMeasure><QtyInPackage>לא ידוע</QtyInPackage><UnitOfMeasurePrice>0.0000</UnitOfMeasurePrice><AllowDiscount>1</AllowDiscount><ItemStatus>1</ItemStatus><ItemPrice>33.90</ItemPrice></item><item><PriceUpdateDate>2016-08-03 09:18:39</PriceUpdateDate><ItemCode>7290002852724</ItemCode><ItemType>1</ItemType><ItemName>ס.אל אם בלו קצר בודד</ItemName><ManufacturerName>אל אם</ManufacturerName><ManufactureCountry>ישראל</ManufactureCountry><ManufacturerItemDescription>ס.אל אם בלו קצר בודד</ManufacturerItemDescription><SoldByWeight/><Quantity>0.00</Quantity><UnitOfMeasure>יח'</UnitOfMeasure><QtyInPackage>לא ידוע</QtyInPackage><UnitOfMeasurePrice>0.0000</UnitOfMeasurePrice><AllowDiscount>1</AllowDiscount><ItemStatus>1</ItemStatus><ItemPrice>30.50</ItemPrice></item><item><PriceUpdateDate>2015-10-19 10:44:30</PriceUpdateDate><ItemCode>7290002868446</ItemCode><ItemType>1</ItemType><ItemName>גבינה מותכת למריחה 1</ItemName><ManufacturerName>טרה</ManufacturerName><ManufactureCountry>ישראל</ManufactureCountry><ManufacturerItemDescription>גבינה מותכת למריחה 1</ManufacturerItemDescription><SoldByWeight/><Quantity>100.00</Quantity><UnitOfMeasure>גרם     </UnitOfMeasure><QtyInPackage>לא ידוע</QtyInPackage><UnitOfMeasurePrice>0.0710</UnitOfMeasurePrice><AllowDiscount>1</AllowDiscount><ItemStatus>1</ItemStatus><ItemPrice>7.10</ItemPrice></item><item><PriceUpdateDate>2015-11-12 06:47:49</PriceUpdateDate><ItemCode>7290002868996</ItemCode><ItemType>1</ItemType><ItemName>קוטג' 5% טרה 250 גרם</ItemName><ManufacturerName>טרה</ManufacturerName><ManufactureCountry>ישראל</ManufactureCountry><ManufacturerItemDescription>קוטג מועשר 250 5% גרם</ManufacturerItemDescription><SoldByWeight/><Quantity>250.00</Quantity><UnitOfMeasure>גרם     </UnitOfMeasure><QtyInPackage>לא ידוע</QtyInPackage><UnitOfMeasurePrice>0.0228</UnitOfMeasurePrice><AllowDiscount>1</AllowDiscount><ItemStatus>1</ItemStatus><ItemPrice>5.70</ItemPrice></item><item><PriceUpdateDate>2016-05-01 10:32:12</PriceUpdateDate><ItemCode>7290002871248</ItemCode><ItemType>1</ItemType><ItemName>בירה טובורג בקבוק חו</ItemName><ManufacturerName>טובורג רד</ManufacturerName><ManufactureCountry>ישראל</ManufactureCountry><ManufacturerItemDescription>בירה טובורג0.5 ל.בקבוק חו</ManufacturerItemDescription><SoldByWeight/><Quantity>500.00</Quantity><UnitOfMeasure>מ"ל</UnitOfMeasure><QtyInPackage>לא ידוע</QtyInPackage><UnitOfMeasurePrice>0.0170</UnitOfMeasurePrice><AllowDiscount>1</AllowDiscount><ItemStatus>1</ItemStatus><ItemPrice>8.50</ItemPrice></item><item><PriceUpdateDate>2016-05-31 06:16:07</PriceUpdateDate><ItemCode>7290002871460</ItemCode><ItemType>1</ItemType><ItemName>מיץ פריגת תפוזים 1.5</ItemName><ManufacturerName>פריגת</ManufacturerName><ManufactureCountry>ישראל</ManufactureCountry><ManufacturerItemDescription>משקל פריגת תפוזים</ManufacturerItemDescription><SoldByWeight/><Quantity>1500.00</Quantity><UnitOfMeasure>מ"ל</UnitOfMeasure><QtyInPackage>לא ידוע</QtyInPackage><UnitOfMeasurePrice>0.0045</UnitOfMeasurePrice><AllowDiscount>0</AllowDiscount><ItemStatus>1</ItemStatus><ItemPrice>6.80</ItemPrice></item><item><PriceUpdateDate>2016-05-31 06:16:07</PriceUpdateDate><ItemCode>7290002871477</ItemCode><ItemType>1</ItemType><ItemName>מיץ פריגת אשכוליות 1</ItemName><ManufacturerName>פריגת</ManufacturerName><ManufactureCountry>ישראל</ManufactureCountry><ManufacturerItemDescription>משקל פריגת אשכוליות</ManufacturerItemDescription><SoldByWeight/><Quantity>1500.00</Quantity><UnitOfMeasure>מ"ל</UnitOfMeasure><QtyInPackage>לא ידוע</QtyInPackage><UnitOfMeasurePrice>0.0045</UnitOfMeasurePrice><AllowDiscount>0</AllowDiscount><ItemStatus>1</ItemStatus><ItemPrice>6.80</ItemPrice></item><item><PriceUpdateDate>2016-06-28 07:03:49</PriceUpdateDate><ItemCode>7290002881018</ItemCode><ItemType>1</ItemType><ItemName>מעדן תות שדה 100% פר</ItemName><ManufacturerName>תומר</ManufacturerName><ManufactureCountry>ישראל</ManufactureCountry><ManufacturerItemDescription>מעדן תות שדה 100% פר</ManufacturerItemDescription><SoldByWeight/><Quantity>282.00</Quantity><UnitOfMeasure>גרם     </UnitOfMeasure><QtyInPackage>לא ידוע</QtyInPackage><UnitOfMeasurePrice>0.0539</UnitOfMeasurePrice><AllowDiscount>1</AllowDiscount><ItemStatus>1</ItemStatus><ItemPrice>15.20</ItemPrice></item><item><PriceUpdateDate>2016-06-28 07:03:50</PriceUpdateDate><ItemCode>7290002881056</ItemCode><ItemType>1</ItemType><ItemName>מעדן משמש 100% פרי ב</ItemName><ManufacturerName>תומר</ManufacturerName><ManufactureCountry>ישראל</ManufactureCountry><ManufacturerItemDescription>מעדן משמש 100% פרי ב</ManufacturerItemDescription><SoldByWeight/><Quantity>282.00</Quantity><UnitOfMeasure>גרם     </UnitOfMeasure><QtyInPackage>לא ידוע</QtyInPackage><UnitOfMeasurePrice>0.0539</UnitOfMeasurePrice><AllowDiscount>1</AllowDiscount><ItemStatus>1</ItemStatus><ItemPrice>15.20</ItemPrice></item><item><PriceUpdateDate>2016-06-28 07:03:50</PriceUpdateDate><ItemCode>7290002881094</ItemCode><ItemType>1</ItemType><ItemName>מעדן פרי מיקס  100%</ItemName><ManufacturerName>תומר</ManufacturerName><ManufactureCountry>ישראל</ManufactureCountry><ManufacturerItemDescription>מעדן פרי מיקס  100%</ManufacturerItemDescription><SoldByWeight/><Quantity>282.00</Quantity><UnitOfMeasure>גרם     </UnitOfMeasure><QtyInPackage>לא ידוע</QtyInPackage><UnitOfMeasurePrice>0.0539</UnitOfMeasurePrice><AllowDiscount>1</AllowDiscount><ItemStatus>1</ItemStatus><ItemPrice>15.20</ItemPrice></item><item><PriceUpdateDate>2016-06-28 07:03:50</PriceUpdateDate><ItemCode>7290002881124</ItemCode><ItemType>1</ItemType><ItemName>מעדן פרי שזיף  100%</ItemName><ManufacturerName>תומר</ManufacturerName><ManufactureCountry>ישראל</ManufactureCountry><ManufacturerItemDescription>מעדן פרי שזיף  100%</ManufacturerItemDescription><SoldByWeight/><Quantity>282.00</Quantity><UnitOfMeasure>גרם     </UnitOfMeasure><QtyInPackage>לא ידוע</QtyInPackage><UnitOfMeasurePrice>0.0539</UnitOfMeasurePrice><AllowDiscount>1</AllowDiscount><ItemStatus>1</ItemStatus><ItemPrice>15.20</ItemPrice></item><item><PriceUpdateDate>2016-08-02 09:29:50</PriceUpdateDate><ItemCode>7290002881513</ItemCode><ItemType>1</ItemType><ItemName>מב חמאת בוטנים עם שב</ItemName><ManufacturerName>תומר</ManufacturerName><ManufactureCountry>ישראל</ManufactureCountry><ManufacturerItemDescription>מב חמאת בוטנים עם שב</ManufacturerItemDescription><SoldByWeight/><Quantity>510.00</Quantity><UnitOfMeasure>גרם     </UnitOfMeasure><QtyInPackage>לא ידוע</QtyInPackage><UnitOfMeasurePrice>0.0233</UnitOfMeasurePrice><AllowDiscount>1</AllowDiscount><ItemStatus>1</ItemStatus><ItemPrice>11.90</ItemPrice></item><item><PriceUpdateDate>2016-06-28 07:03:50</PriceUpdateDate><ItemCode>7290002881551</ItemCode><ItemType>1</ItemType><ItemName>עלי גפן ממולאים 400</ItemName><ManufacturerName>תומר</ManufacturerName><ManufactureCountry>ישראל</ManufactureCountry><ManufacturerItemDescription>עלי גפן ממולאים 400</ManufacturerItemDescription><SoldByWeight/><Quantity>360.00</Quantity><UnitOfMeasure>גרם     </UnitOfMeasure><QtyInPackage>לא ידוע</QtyInPackage><UnitOfMeasurePrice>0.0294</UnitOfMeasurePrice><AllowDiscount>1</AllowDiscount><ItemStatus>1</ItemStatus><ItemPrice>10.60</ItemPrice></item><item><PriceUpdateDate>2016-05-31 06:16:07</PriceUpdateDate><ItemCode>7290002881612</ItemCode><ItemType>1</ItemType><ItemName>לפתן דובדבנים  ללא ח</ItemName><ManufacturerName>תומר</ManufacturerName><ManufactureCountry>ישראל</ManufactureCountry><ManufacturerItemDescription>לפתן דובדבנים  ללא ח</ManufacturerItemDescription><SoldByWeight/><Quantity>350.00</Quantity><UnitOfMeasure>גרם     </UnitOfMeasure><QtyInPackage>לא ידוע</QtyInPackage><UnitOfMeasurePrice>0.0311</UnitOfMeasurePrice><AllowDiscount>1</AllowDiscount><ItemStatus>1</ItemStatus><ItemPrice>10.90</ItemPrice></item><item><PriceUpdateDate>2016-05-01 10:32:13</PriceUpdateDate><ItemCode>7290002881735</ItemCode><ItemType>1</ItemType><ItemName>לבבות דקל שלם תומר 4</ItemName><ManufacturerName>תומר</ManufacturerName><ManufactureCountry>ישראל</ManufactureCountry><ManufacturerItemDescription>לבבות דקל שלם תומר 4</ManufacturerItemDescription><SoldByWeight/><Quantity>220.00</Quantity><UnitOfMeasure>גרם     </UnitOfMeasure><QtyInPackage>לא ידוע</QtyInPackage><UnitOfMeasurePrice>0.0691</UnitOfMeasurePrice><AllowDiscount>0</AllowDiscount><ItemStatus>1</ItemStatus><ItemPrice>15.20</ItemPrice></item><item><PriceUpdateDate>2016-03-15 11:31:38</PriceUpdateDate><ItemCode>7290002881766</ItemCode><ItemType>1</ItemType><ItemName>פטריות חתוכות שלישיי</ItemName><ManufacturerName>תומר</ManufacturerName><ManufactureCountry>ישראל</ManufactureCountry><ManufacturerItemDescription>פטריות חתוכות שלישיי</ManufacturerItemDescription><SoldByWeight/><Quantity>870.00</Quantity><UnitOfMeasure>גרם     </UnitOfMeasure><QtyInPackage>לא ידוע</QtyInPackage><UnitOfMeasurePrice>0.0125</UnitOfMeasurePrice><AllowDiscount>1</AllowDiscount><ItemStatus>1</ItemStatus><ItemPrice>10.90</ItemPrice></item><item><PriceUpdateDate>2016-08-07 20:04:28</PriceUpdateDate><ItemCode>7290002881865</ItemCode><ItemType>1</ItemType><ItemName>פטריות חתוך 8 אונס 4</ItemName><ManufacturerName>תומר</ManufacturerName><ManufactureCountry>ישראל</ManufactureCountry><ManufacturerItemDescription>פטריות חתוך 8 אונס 4</ManufacturerItemDescription><SoldByWeight/><Quantity>230.00</Quantity><UnitOfMeasure>גרם     </UnitOfMeasure><QtyInPackage>לא ידוע</QtyInPackage><UnitOfMeasurePrice>0.0257</UnitOfMeasurePrice><AllowDiscount>1</AllowDiscount><ItemStatus>1</ItemStatus><ItemPrice>5.90</ItemPrice></item><item><PriceUpdateDate>2016-05-01 10:32:13</PriceUpdateDate><ItemCode>7290002881957</ItemCode><ItemType>1</ItemType><ItemName>סרדין מרוקאי חריף 12</ItemName><ManufacturerName>לא ידוע</ManufacturerName><ManufactureCountry>ישראל</ManufactureCountry><ManufacturerItemDescription>סרדין מרוקאי חריף 12</ManufacturerItemDescription><SoldByWeight/><Quantity>14.00</Quantity><UnitOfMeasure>גרם     </UnitOfMeasure><QtyInPackage>לא ידוע</QtyInPackage><UnitOfMeasurePrice>0.4714</UnitOfMeasurePrice><AllowDiscount>1</AllowDiscount><ItemStatus>1</ItemStatus><ItemPrice>6.60</ItemPrice></item><item><PriceUpdateDate>2016-05-01 10:32:13</PriceUpdateDate><ItemCode>7290002881964</ItemCode><ItemType>1</ItemType><ItemName>סרדין מרוקאי ברוטב ע</ItemName><ManufacturerName>תומר</ManufacturerName><ManufactureCountry>ישראל</ManufactureCountry><ManufacturerItemDescription>סרדין מרוקאי ברוטב ע</ManufacturerItemDescription><SoldByWeight/><Quantity>14.00</Quantity><UnitOfMeasure>גרם     </UnitOfMeasure><QtyInPackage>לא ידוע</QtyInPackage><UnitOfMeasurePrice>0.4714</UnitOfMeasurePrice><AllowDiscount>1</AllowDiscount><ItemStatus>1</ItemStatus><ItemPrice>6.60</ItemPrice></item><item><PriceUpdateDate>2016-08-03 09:18:39</PriceUpdateDate><ItemCode>7290002886925</ItemCode><ItemType>1</ItemType><ItemName>ס.מרלבורו גולד קצר ב</ItemName><ManufacturerName>מרלבורו</ManufacturerName><ManufactureCountry>ישראל</ManufactureCountry><ManufacturerItemDescription>ס.מרלבורו גולד קצר ב</ManufacturerItemDescription><SoldByWeight/><Quantity>0.00</Quantity><UnitOfMeasure>יח'</UnitOfMeasure><QtyInPackage>לא ידוע</QtyInPackage><UnitOfMeasurePrice>0.0000</UnitOfMeasurePrice><AllowDiscount>1</AllowDiscount><ItemStatus>1</ItemStatus><ItemPrice>33.90</ItemPrice></item><item><PriceUpdateDate>2015-03-20 07:09:05</PriceUpdateDate><ItemCode>7290002929338</ItemCode><ItemType>1</ItemType><ItemName>סלמון פיש 570 גרם</ItemName><ManufacturerName>לא ממותג</ManufacturerName><ManufactureCountry>ישראל</ManufactureCountry><ManufacturerItemDescription>סלמון פיש 570 גרם</ManufacturerItemDescription><SoldByWeight/><Quantity>570.00</Quantity><UnitOfMeasure>גרם     </UnitOfMeasure><QtyInPackage>לא ידוע</QtyInPackage><UnitOfMeasurePrice>0.0279</UnitOfMeasurePrice><AllowDiscount>1</AllowDiscount><ItemStatus>1</ItemStatus><ItemPrice>15.90</ItemPrice></item><item><PriceUpdateDate>2016-05-01 10:32:14</PriceUpdateDate><ItemCode>7290002971092</ItemCode><ItemType>1</ItemType><ItemName>קמח מלא 1 ק''ג  1 שט</ItemName><ManufacturerName>תומר</ManufacturerName><ManufactureCountry>צרפת</ManufactureCountry><ManufacturerItemDescription>שטיבל 6 קמח מלא שטיבל 1 ק</ManufacturerItemDescription><SoldByWeight/><Quantity>1000.00</Quantity><UnitOfMeasure>גרם     </UnitOfMeasure><QtyInPackage>לא ידוע</QtyInPackage><UnitOfMeasurePrice>0.0120</UnitOfMeasurePrice><AllowDiscount>1</AllowDiscount><ItemStatus>1</ItemStatus><ItemPrice>12.00</ItemPrice></item><item><PriceUpdateDate>2016-03-01 07:00:44</PriceUpdateDate><ItemCode>7290003009183</ItemCode><ItemType>1</ItemType><ItemName>סירופ פריגתתפוחים די</ItemName><ManufacturerName>פריגת</ManufacturerName><ManufactureCountry>ישראל</ManufactureCountry><ManufacturerItemDescription>סירופ דיאט תפוחים 750 מל</ManufacturerItemDescription><SoldByWeight/><Quantity>750.00</Quantity><UnitOfMeasure>מ"ל</UnitOfMeasure><QtyInPackage>לא ידוע</QtyInPackage><UnitOfMeasurePrice>0.0257</UnitOfMeasurePrice><AllowDiscount>1</AllowDiscount><ItemStatus>1</ItemStatus><ItemPrice>19.30</ItemPrice></item><item><PriceUpdateDate>2016-03-01 07:00:44</PriceUpdateDate><ItemCode>7290003009589</ItemCode><ItemType>1</ItemType><ItemName>סירופ פריגתלימונים ד</ItemName><ManufacturerName>פריגת</ManufacturerName><ManufactureCountry>ישראל</ManufactureCountry><ManufacturerItemDescription>סירופ דיאט לימונים 750 מל</ManufacturerItemDescription><SoldByWeight/><Quantity>750.00</Quantity><UnitOfMeasure>מ"ל</UnitOfMeasure><QtyInPackage>לא ידוע</QtyInPackage><UnitOfMeasurePrice>0.0257</UnitOfMeasurePrice><AllowDiscount>1</AllowDiscount><ItemStatus>1</ItemStatus><ItemPrice>19.30</ItemPrice></item><item><PriceUpdateDate>2015-11-10 07:32:16</PriceUpdateDate><ItemCode>7290003009633</ItemCode><ItemType>1</ItemType><ItemName>סירופ פריגת לימון 1.</ItemName><ManufacturerName>פריגת</ManufacturerName><ManufactureCountry>ישראל</ManufactureCountry><ManufacturerItemDescription>סירופ פריגת לימון 1.</ManufacturerItemDescription><SoldByWeight/><Quantity>1500.00</Quantity><UnitOfMeasure>מ"ל</UnitOfMeasure><QtyInPackage>לא ידוע</QtyInPackage><UnitOfMeasurePrice>0.0179</UnitOfMeasurePrice><AllowDiscount>1</AllowDiscount><ItemStatus>1</ItemStatus><ItemPrice>26.80</ItemPrice></item><item><PriceUpdateDate>2015-12-02 06:48:45</PriceUpdateDate><ItemCode>7290003009640</ItemCode><ItemType>1</ItemType><ItemName>מיץ פריגת סחוט תפוזי</ItemName><ManufacturerName>פריגת</ManufacturerName><ManufactureCountry>ישראל</ManufactureCountry><ManufacturerItemDescription>מיץ סחוט תפוזים 1 ל</ManufacturerItemDescription><SoldByWeight/><Quantity>1000.00</Quantity><UnitOfMeasure>מ"ל</UnitOfMeasure><QtyInPackage>לא ידוע</QtyInPackage><UnitOfMeasurePrice>0.0172</UnitOfMeasurePrice><AllowDiscount>0</AllowDiscount><ItemStatus>1</ItemStatus><ItemPrice>17.20</ItemPrice></item><item><PriceUpdateDate>2016-05-01 06:11:15</PriceUpdateDate><ItemCode>7290003015634</ItemCode><ItemType>1</ItemType><ItemName>סנו ריצפז פרש פסיפלו</ItemName><ManufacturerName>ריצפז</ManufacturerName><ManufactureCountry>ישראל</ManufactureCountry><ManufacturerItemDescription>סנו ריצפז פרש פסיפלו</ManufacturerItemDescription><SoldByWeight/><Quantity>2000.00</Quantity><UnitOfMeasure>מ"ל</UnitOfMeasure><QtyInPackage>לא ידוע</QtyInPackage><UnitOfMeasurePrice>0.0109</UnitOfMeasurePrice><AllowDiscount>1</AllowDiscount><ItemStatus>1</ItemStatus><ItemPrice>21.90</ItemPrice></item><item><PriceUpdateDate>2016-08-02 09:29:50</PriceUpdateDate><ItemCode>7290003029181</ItemCode><ItemType>1</ItemType><ItemName>שוקו יטבתה בקבוק 1 ל</ItemName><ManufacturerName>יטבתה</ManufacturerName><ManufactureCountry>ישראל</ManufactureCountry><ManufacturerItemDescription>שוקו יוטבתה1 ל.בקבוק</ManufacturerItemDescription><SoldByWeight/><Quantity>1000.00</Quantity><UnitOfMeasure>מ"ל</UnitOfMeasure><QtyInPackage>לא ידוע</QtyInPackage><UnitOfMeasurePrice>0.0119</UnitOfMeasurePrice><AllowDiscount>1</AllowDiscount><ItemStatus>1</ItemStatus><ItemPrice>11.90</ItemPrice></item><item><PriceUpdateDate>2016-08-02 09:29:50</PriceUpdateDate><ItemCode>7290003029372</ItemCode><ItemType>1</ItemType><ItemName>משקה בננה יטבתה 1 לי</ItemName><ManufacturerName>יטבתה</ManufacturerName><ManufactureCountry>ישראל</ManufactureCountry><ManufacturerItemDescription>משקה חלב בננה 1  ליטר בקב</ManufacturerItemDescription><SoldByWeight/><Quantity>1000.00</Quantity><UnitOfMeasure>מ"ל</UnitOfMeasure><QtyInPackage>לא ידוע</QtyInPackage><UnitOfMeasurePrice>0.0119</UnitOfMeasurePrice><AllowDiscount>1</AllowDiscount><ItemStatus>1</ItemStatus><ItemPrice>11.90</ItemPrice></item><item><PriceUpdateDate>2016-03-15 11:31:38</PriceUpdateDate><ItemCode>7290003029433</ItemCode><ItemType>1</ItemType><ItemName>שוקו יטבתה עם פקק 25</ItemName><ManufacturerName>יטבתה</ManufacturerName><ManufactureCountry>ישראל</ManufactureCountry><ManufacturerItemDescription>שוקו יטבתה ספורטאים 250 מ</ManufacturerItemDescription><SoldByWeight/><Quantity>250.00</Quantity><UnitOfMeasure>מ"ל</UnitOfMeasure><QtyInPackage>לא ידוע</QtyInPackage><UnitOfMeasurePrice>0.0212</UnitOfMeasurePrice><AllowDiscount>1</AllowDiscount><ItemStatus>1</ItemStatus><ItemPrice>5.30</ItemPrice></item><item><PriceUpdateDate>2016-06-15 06:49:53</PriceUpdateDate><ItemCode>7290003029815</ItemCode><ItemType>1</ItemType><ItemName>חלב מועשר 3% מהדרין</ItemName><ManufacturerName>יטבתה</ManufacturerName><ManufactureCountry>ישראל</ManufactureCountry><ManufacturerItemDescription>חלב מועשר 2 3% ליטר</ManufacturerItemDescription><SoldByWeight/><Quantity>2000.00</Quantity><UnitOfMeasure>מ"ל</UnitOfMeasure><QtyInPackage>לא ידוע</QtyInPackage><UnitOfMeasurePrice>0.0080</UnitOfMeasurePrice><AllowDiscount>1</AllowDiscount><ItemStatus>1</ItemStatus><ItemPrice>15.90</ItemPrice></item><item><PriceUpdateDate>2015-01-27 10:34:10</PriceUpdateDate><ItemCode>7290003031733</ItemCode><ItemType>1</ItemType><ItemName>פסטרמה על גחלים בקופ</ItemName><ManufacturerName>טירת צבי</ManufacturerName><ManufactureCountry>ישראל</ManufactureCountry><ManufacturerItemDescription>פסטרמה על גחלים בקופ</ManufacturerItemDescription><SoldByWeight/><Quantity>400.00</Quantity><UnitOfMeasure>גרם     </UnitOfMeasure><QtyInPackage>לא ידוע</QtyInPackage><UnitOfMeasurePrice>0.0910</UnitOfMeasurePrice><AllowDiscount>1</AllowDiscount><ItemStatus>1</ItemStatus><ItemPrice>36.40</ItemPrice></item><item><PriceUpdateDate>2015-01-27 10:34:10</PriceUpdateDate><ItemCode>7290003031757</ItemCode><ItemType>1</ItemType><ItemName>פסטרמה בפפריקה מהדרי</ItemName><ManufacturerName>טירת צבי</ManufacturerName><ManufactureCountry>ישראל</ManufactureCountry><ManufacturerItemDescription>פסטרמה בפפריקה מהדרי</ManufacturerItemDescription><SoldByWeight/><Quantity>400.00</Quantity><UnitOfMeasure>גרם     </UnitOfMeasure><QtyInPackage>לא ידוע</QtyInPackage><UnitOfMeasurePrice>0.0835</UnitOfMeasurePrice><AllowDiscount>1</AllowDiscount><ItemStatus>1</ItemStatus><ItemPrice>33.40</ItemPrice></item><item><PriceUpdateDate>2016-05-31 06:16:08</PriceUpdateDate><ItemCode>7290003054657</ItemCode><ItemType>1</ItemType><ItemName>חרדל דיז''ון אקסטרה</ItemName><ManufacturerName>Reine Dijon</ManufacturerName><ManufactureCountry>צרפת</ManufactureCountry><ManufacturerItemDescription>חרדל דיגון אקסטרא פורטה 3</ManufacturerItemDescription><SoldByWeight/><Quantity>370.00</Quantity><UnitOfMeasure>גרם     </UnitOfMeasure><QtyInPackage>לא ידוע</QtyInPackage><UnitOfMeasurePrice>0.0359</UnitOfMeasurePrice><AllowDiscount>1</AllowDiscount><ItemStatus>1</ItemStatus><ItemPrice>13.30</ItemPrice></item><item><PriceUpdateDate>2016-05-01 10:32:17</PriceUpdateDate><ItemCode>7290003109241</ItemCode><ItemType>1</ItemType><ItemName>עוגיות מלוחות  400 ג</ItemName><ManufacturerName>אפיפית</ManufacturerName><ManufactureCountry>ישראל</ManufactureCountry><ManufacturerItemDescription>עוגיות מלוחות  400 ג</ManufacturerItemDescription><SoldByWeight/><Quantity>300.00</Quantity><UnitOfMeasure>גרם     </UnitOfMeasure><QtyInPackage>לא ידוע</QtyInPackage><UnitOfMeasurePrice>0.0590</UnitOfMeasurePrice><AllowDiscount>1</AllowDiscount><ItemStatus>1</ItemStatus><ItemPrice>17.70</ItemPrice></item><item><PriceUpdateDate>2016-03-15 11:31:38</PriceUpdateDate><ItemCode>7290003119110</ItemCode><ItemType>1</ItemType><ItemName>קוקה קולה שישייה. 1.</ItemName><ManufacturerName>קוקה קולה</ManufacturerName><ManufactureCountry>ישראל</ManufactureCountry><ManufacturerItemDescription>קוקה קולה 1.5 ל</ManufacturerItemDescription><SoldByWeight/><Quantity>9000.00</Quantity><UnitOfMeasure>מ"ל</UnitOfMeasure><QtyInPackage>לא ידוע</QtyInPackage><UnitOfMeasurePrice>0.0040</UnitOfMeasurePrice><AllowDiscount>1</AllowDiscount><ItemStatus>1</ItemStatus><ItemPrice>35.90</ItemPrice></item><item><PriceUpdateDate>2016-05-01 10:32:17</PriceUpdateDate><ItemCode>7290003121083</ItemCode><ItemType>1</ItemType><ItemName>מג'יק אטריות בט. בשר</ItemName><ManufacturerName>מגיק</ManufacturerName><ManufactureCountry>ישראל</ManufactureCountry><ManufacturerItemDescription>מג'יק אטריות בט. בשר</ManufacturerItemDescription><SoldByWeight/><Quantity>14.00</Quantity><UnitOfMeasure>גרם     </UnitOfMeasure><QtyInPackage>לא ידוע</QtyInPackage><UnitOfMeasurePrice>0.3000</UnitOfMeasurePrice><AllowDiscount>1</AllowDiscount><ItemStatus>1</ItemStatus><ItemPrice>4.20</ItemPrice></item><item><PriceUpdateDate>2016-05-01 10:32:17</PriceUpdateDate><ItemCode>7290003121090</ItemCode><ItemType>1</ItemType><ItemName>מג'ק אטריות בטעם מרק</ItemName><ManufacturerName>מגיק</ManufacturerName><ManufactureCountry>ישראל</ManufactureCountry><ManufacturerItemDescription>מג'ק אטריות בטעם מרק</ManufacturerItemDescription><SoldByWeight/><Quantity>14.00</Quantity><UnitOfMeasure>גרם     </UnitOfMeasure><QtyInPackage>לא ידוע</QtyInPackage><UnitOfMeasurePrice>0.3000</UnitOfMeasurePrice><AllowDiscount>1</AllowDiscount><ItemStatus>1</ItemStatus><ItemPrice>4.20</ItemPrice></item><item><PriceUpdateDate>2016-05-01 06:11:16</PriceUpdateDate><ItemCode>7290003126019</ItemCode><ItemType>1</ItemType><ItemName>גבינת קרם עיזים5% 25</ItemName><ManufacturerName>משק צוריאל</ManufacturerName><ManufactureCountry>ישראל</ManufactureCountry><ManufacturerItemDescription>גבינת קרם עיזים5% 25</ManufacturerItemDescription><SoldByWeight/><Quantity>250.00</Quantity><UnitOfMeasure>מ"ל</UnitOfMeasure><QtyInPackage>לא ידוע</QtyInPackage><UnitOfMeasurePrice>0.0708</UnitOfMeasurePrice><AllowDiscount>1</AllowDiscount><ItemStatus>1</ItemStatus><ItemPrice>17.70</ItemPrice></item><item><PriceUpdateDate>2015-10-19 10:44:31</PriceUpdateDate><ItemCode>7290003126712</ItemCode><ItemType>1</ItemType><ItemName>יוגורט עיזים טבעי 15</ItemName><ManufacturerName>משק צוריאל</ManufacturerName><ManufactureCountry>ישראל</ManufactureCountry><ManufacturerItemDescription>יוגורט עיזים 150 3.9% גר</ManufacturerItemDescription><SoldByWeight/><Quantity>140.00</Quantity><UnitOfMeasure>מ"ל</UnitOfMeasure><QtyInPackage>לא ידוע</QtyInPackage><UnitOfMeasurePrice>0.0493</UnitOfMeasurePrice><AllowDiscount>0</AllowDiscount><ItemStatus>1</ItemStatus><ItemPrice>6.90</ItemPrice></item><item><PriceUpdateDate>2015-10-19 10:44:31</PriceUpdateDate><ItemCode>7290003126958</ItemCode><ItemType>1</ItemType><ItemName>טופו טבעי 300 גרם</ItemName><ManufacturerName>משק צוריאל</ManufacturerName><ManufactureCountry>ארצות הברית</ManufactureCountry><ManufacturerItemDescription>טופו גולמי ואקום 300 גר</ManufacturerItemDescription><SoldByWeight/><Quantity>300.00</Quantity><UnitOfMeasure>גרם     </UnitOfMeasure><QtyInPackage>לא ידוע</QtyInPackage><UnitOfMeasurePrice>0.0463</UnitOfMeasurePrice><AllowDiscount>1</AllowDiscount><ItemStatus>1</ItemStatus><ItemPrice>13.90</ItemPrice></item><item><PriceUpdateDate>2015-11-10 07:32:17</PriceUpdateDate><ItemCode>7290003142422</ItemCode><ItemType>1</ItemType><ItemName>גרעיני חמניה 180 גרם</ItemName><ManufacturerName>ליימן חטיבת המותגים</ManufacturerName><ManufactureCountry>ישראל</ManufactureCountry><ManufacturerItemDescription>גרעיני חמניה 180 גרם</ManufacturerItemDescription><SoldByWeight/><Quantity>180.00</Quantity><UnitOfMeasure>גרם     </UnitOfMeasure><QtyInPackage>לא ידוע</QtyInPackage><UnitOfMeasurePrice>0.0433</UnitOfMeasurePrice><AllowDiscount>1</AllowDiscount><ItemStatus>1</ItemStatus><ItemPrice>7.80</ItemPrice></item><item><PriceUpdateDate>2015-10-19 10:44:31</PriceUpdateDate><ItemCode>7290003142477</ItemCode><ItemType>1</ItemType><ItemName>ערמונים קלופים וקלוי</ItemName><ManufacturerName>לא ממותג</ManufacturerName><ManufactureCountry>ישראל</ManufactureCountry><ManufacturerItemDescription>ערמונים קלופים וקלוי</ManufacturerItemDescription><SoldByWeight/><Quantity>100.00</Quantity><UnitOfMeasure>גרם     </UnitOfMeasure><QtyInPackage>לא ידוע</QtyInPackage><UnitOfMeasurePrice>0.0870</UnitOfMeasurePrice><AllowDiscount>1</AllowDiscount><ItemStatus>1</ItemStatus><ItemPrice>8.70</ItemPrice></item><item><PriceUpdateDate>2016-08-02 09:29:50</PriceUpdateDate><ItemCode>7290003143139</ItemCode><ItemType>1</ItemType><ItemName>מב סילאן 900 גרם קלי</ItemName><ManufacturerName>לא ממותג</ManufacturerName><ManufactureCountry>ישראל</ManufactureCountry><ManufacturerItemDescription>מב סילאן 900 גרם קלי</ManufacturerItemDescription><SoldByWeight/><Quantity>900.00</Quantity><UnitOfMeasure>גרם     </UnitOfMeasure><QtyInPackage>לא ידוע</QtyInPackage><UnitOfMeasurePrice>0.0166</UnitOfMeasurePrice><AllowDiscount>1</AllowDiscount><ItemStatus>1</ItemStatus><ItemPrice>14.90</ItemPrice></item><item><PriceUpdateDate>2016-05-17 12:34:30</PriceUpdateDate><ItemCode>7290003143146</ItemCode><ItemType>1</ItemType><ItemName>ממרח תמרים קליית גת</ItemName><ManufacturerName>לא ממותג</ManufacturerName><ManufactureCountry>ישראל</ManufactureCountry><ManufacturerItemDescription>ממרח תמרים קליית גת</ManufacturerItemDescription><SoldByWeight/><Quantity>450.00</Quantity><UnitOfMeasure>גרם     </UnitOfMeasure><QtyInPackage>לא ידוע</QtyInPackage><UnitOfMeasurePrice>0.0167</UnitOfMeasurePrice><AllowDiscount>1</AllowDiscount><ItemStatus>1</ItemStatus><ItemPrice>7.50</ItemPrice></item><item><PriceUpdateDate>2016-05-31 06:16:08</PriceUpdateDate><ItemCode>7290003144020</ItemCode><ItemType>1</ItemType><ItemName>שוקולד צ'וקטה מריר 6</ItemName><ManufacturerName>יוגטה</ManufacturerName><ManufactureCountry>ישראל</ManufactureCountry><ManufacturerItemDescription>שוקולד צ'וקטה מריר 6</ManufacturerItemDescription><SoldByWeight/><Quantity>100.00</Quantity><UnitOfMeasure>גרם     </UnitOfMeasure><QtyInPackage>לא ידוע</QtyInPackage><UnitOfMeasurePrice>0.0590</UnitOfMeasurePrice><AllowDiscount>1</AllowDiscount><ItemStatus>1</ItemStatus><ItemPrice>5.90</ItemPrice></item><item><PriceUpdateDate>2016-06-28 07:03:51</PriceUpdateDate><ItemCode>7290003144068</ItemCode><ItemType>1</ItemType><ItemName>שוקולד מריר 60% מארז</ItemName><ManufacturerName>יוגטה</ManufacturerName><ManufactureCountry>ספרד</ManufactureCountry><ManufacturerItemDescription>טואלט דאק זוג   750*מ"ל</ManufacturerItemDescription><SoldByWeight/><Quantity>300.00</Quantity><UnitOfMeasure>גרם     </UnitOfMeasure><QtyInPackage>לא ידוע</QtyInPackage><UnitOfMeasurePrice>0.0540</UnitOfMeasurePrice><AllowDiscount>1</AllowDiscount><ItemStatus>1</ItemStatus><ItemPrice>16.20</ItemPrice></item><item><PriceUpdateDate>2016-05-31 06:16:09</PriceUpdateDate><ItemCode>7290003144297</ItemCode><ItemType>1</ItemType><ItemName>עוגת צ'וקטה רול קקאו</ItemName><ManufacturerName>יוגטה</ManufacturerName><ManufactureCountry>לא ידוע</ManufactureCountry><ManufacturerItemDescription>עוגת צ'וקטה רול קקאו</ManufacturerItemDescription><SoldByWeight/><Quantity>300.00</Quantity><UnitOfMeasure>גרם     </UnitOfMeasure><QtyInPackage>לא ידוע</QtyInPackage><UnitOfMeasurePrice>0.0577</UnitOfMeasurePrice><AllowDiscount>1</AllowDiscount><ItemStatus>1</ItemStatus><ItemPrice>17.30</ItemPrice></item><item><PriceUpdateDate>2016-08-02 09:29:50</PriceUpdateDate><ItemCode>7290003144310</ItemCode><ItemType>1</ItemType><ItemName>מב תערובת אגוזים וחמ</ItemName><ManufacturerName>קליית גת</ManufacturerName><ManufactureCountry>לא ידוע</ManufactureCountry><ManufacturerItemDescription>מב תערובת אגוזים וחמ</ManufacturerItemDescription><SoldByWeight/><Quantity>150.00</Quantity><UnitOfMeasure>גרם     </UnitOfMeasure><QtyInPackage>לא ידוע</QtyInPackage><UnitOfMeasurePrice>0.0927</UnitOfMeasurePrice><AllowDiscount>1</AllowDiscount><ItemStatus>1</ItemStatus><ItemPrice>13.90</ItemPrice></item><item><PriceUpdateDate>2016-08-02 09:29:50</PriceUpdateDate><ItemCode>7290003144426</ItemCode><ItemType>1</ItemType><ItemName>עוגת צ'וקטה רול אגוז</ItemName><ManufacturerName>יוגטה</ManufacturerName><ManufactureCountry>לא ידוע</ManufactureCountry><ManufacturerItemDescription>עוגת צ'וקטה רול אגוז</ManufacturerItemDescription><SoldByWeight/><Quantity>200.00</Quantity><UnitOfMeasure>גרם     </UnitOfMeasure><QtyInPackage>לא ידוע</QtyInPackage><UnitOfMeasurePrice>0.0395</UnitOfMeasurePrice><AllowDiscount>1</AllowDiscount><ItemStatus>1</ItemStatus><ItemPrice>7.90</ItemPrice></item><item><PriceUpdateDate>2016-05-31 06:16:09</PriceUpdateDate><ItemCode>7290003144440</ItemCode><ItemType>1</ItemType><ItemName>שוקולד צ'וקטה חלב יש</ItemName><ManufacturerName>יוגטה</ManufacturerName><ManufactureCountry>ישראל</ManufactureCountry><ManufacturerItemDescription>שוקולד צ'וקטה חלב יש</ManufacturerItemDescription><SoldByWeight/><Quantity>100.00</Quantity><UnitOfMeasure>גרם     </UnitOfMeasure><QtyInPackage>לא ידוע</QtyInPackage><UnitOfMeasurePrice>0.0590</UnitOfMeasurePrice><AllowDiscount>1</AllowDiscount><ItemStatus>1</ItemStatus><ItemPrice>5.90</ItemPrice></item><item><PriceUpdateDate>2016-06-28 07:03:52</PriceUpdateDate><ItemCode>7290003144617</ItemCode><ItemType>1</ItemType><ItemName>שוקולד חלב מארז 3*10</ItemName><ManufacturerName>יוגטה</ManufacturerName><ManufactureCountry>ספרד</ManufactureCountry><ManufacturerItemDescription>טואלט דאק זוג   750*מ"ל</ManufacturerItemDescription><SoldByWeight/><Quantity>300.00</Quantity><UnitOfMeasure>גרם     </UnitOfMeasure><QtyInPackage>לא ידוע</QtyInPackage><UnitOfMeasurePrice>0.0463</UnitOfMeasurePrice><AllowDiscount>1</AllowDiscount><ItemStatus>1</ItemStatus><ItemPrice>13.90</ItemPrice></item><item><PriceUpdateDate>2016-06-28 07:03:52</PriceUpdateDate><ItemCode>7290003144877</ItemCode><ItemType>1</ItemType><ItemName>שקד פרוס מולבן 100 ג</ItemName><ManufacturerName>קליית גת</ManufacturerName><ManufactureCountry>ישראל</ManufactureCountry><ManufacturerItemDescription>שקד פרוס מולבן 100 ג</ManufacturerItemDescription><SoldByWeight/><Quantity>100.00</Quantity><UnitOfMeasure>גרם     </UnitOfMeasure><QtyInPackage>לא ידוע</QtyInPackage><UnitOfMeasurePrice>0.1590</UnitOfMeasurePrice><AllowDiscount>1</AllowDiscount><ItemStatus>1</ItemStatus><ItemPrice>15.90</ItemPrice></item><item><PriceUpdateDate>2016-06-28 07:03:52</PriceUpdateDate><ItemCode>7290003144891</ItemCode><ItemType>1</ItemType><ItemName>אגוזי מלך גרוסים 100</ItemName><ManufacturerName>קליית גת</ManufacturerName><ManufactureCountry>ישראל</ManufactureCountry><ManufacturerItemDescription>אגוזי מלך גרוסים 100</ManufacturerItemDescription><SoldByWeight/><Quantity>100.00</Quantity><UnitOfMeasure>גרם     </UnitOfMeasure><QtyInPackage>לא ידוע</QtyInPackage><UnitOfMeasurePrice>0.1290</UnitOfMeasurePrice><AllowDiscount>1</AllowDiscount><ItemStatus>1</ItemStatus><ItemPrice>12.90</ItemPrice></item><item><PriceUpdateDate>2016-08-02 09:29:51</PriceUpdateDate><ItemCode>7290003145751</ItemCode><ItemType>1</ItemType><ItemName>קשיו קלוי 200 גרם</ItemName><ManufacturerName>ליימן חטיבת המותגים</ManufacturerName><ManufactureCountry>ישראל</ManufactureCountry><ManufacturerItemDescription>אגוז קשיו קלוי 200 גרם</ManufacturerItemDescription><SoldByWeight/><Quantity>200.00</Quantity><UnitOfMeasure>גרם     </UnitOfMeasure><QtyInPackage>לא ידוע</QtyInPackage><UnitOfMeasurePrice>0.1185</UnitOfMeasurePrice><AllowDiscount>1</AllowDiscount><ItemStatus>1</ItemStatus><ItemPrice>23.70</ItemPrice></item><item><PriceUpdateDate>2016-01-05 06:58:30</PriceUpdateDate><ItemCode>7290003145959</ItemCode><ItemType>1</ItemType><ItemName>פקאן טבעי 150 גרם</ItemName><ManufacturerName>ליימן חטיבת המותגים</ManufacturerName><ManufactureCountry>ישראל</ManufactureCountry><ManufacturerItemDescription>פקאן טבעי 150 גרם</ManufacturerItemDescription><SoldByWeight/><Quantity>150.00</Quantity><UnitOfMeasure>גרם     </UnitOfMeasure><QtyInPackage>לא ידוע</QtyInPackage><UnitOfMeasurePrice>0.1513</UnitOfMeasurePrice><AllowDiscount>1</AllowDiscount><ItemStatus>1</ItemStatus><ItemPrice>22.70</ItemPrice></item><item><PriceUpdateDate>2016-05-01 06:11:16</PriceUpdateDate><ItemCode>7290003169047</ItemCode><ItemType>1</ItemType><ItemName>חטיפי שומשום.בוטנים</ItemName><ManufacturerName>אחווה</ManufacturerName><ManufactureCountry>ישראל</ManufactureCountry><ManufacturerItemDescription>חטיפי שומשום.בוטנים</ManufacturerItemDescription><SoldByWeight/><Quantity>300.00</Quantity><UnitOfMeasure>גרם     </UnitOfMeasure><QtyInPackage>לא ידוע</QtyInPackage><UnitOfMeasurePrice>0.0707</UnitOfMeasurePrice><AllowDiscount>1</AllowDiscount><ItemStatus>1</ItemStatus><ItemPrice>21.20</ItemPrice></item><item><PriceUpdateDate>2015-01-27 10:34:56</PriceUpdateDate><ItemCode>7290003175307</ItemCode><ItemType>1</ItemType><ItemName>מיץ ענבים 650 מ"ל</ItemName><ManufacturerName>לא ממותג</ManufacturerName><ManufactureCountry>ישראל</ManufactureCountry><ManufacturerItemDescription>מיץ ענבים 650 מ"ל</ManufacturerItemDescription><SoldByWeight/><Quantity>650.00</Quantity><UnitOfMeasure>מ"ל</UnitOfMeasure><QtyInPackage>לא ידוע</QtyInPackage><UnitOfMeasurePrice>0.0260</UnitOfMeasurePrice><AllowDiscount>1</AllowDiscount><ItemStatus>1</ItemStatus><ItemPrice>16.90</ItemPrice></item><item><PriceUpdateDate>2016-03-29 07:51:02</PriceUpdateDate><ItemCode>7290003187843</ItemCode><ItemType>1</ItemType><ItemName>בקר טחון קפוא 500 גר</ItemName><ManufacturerName>טיבון ויל</ManufacturerName><ManufactureCountry>ישראל</ManufactureCountry><ManufacturerItemDescription>טחון עגל 500 גר</ManufacturerItemDescription><SoldByWeight/><Quantity>500.00</Quantity><UnitOfMeasure>גרם     </UnitOfMeasure><QtyInPackage>לא ידוע</QtyInPackage><UnitOfMeasurePrice>0.0558</UnitOfMeasurePrice><AllowDiscount>1</AllowDiscount><ItemStatus>1</ItemStatus><ItemPrice>27.90</ItemPrice></item><item><PriceUpdateDate>2016-08-02 09:29:51</PriceUpdateDate><ItemCode>7290003229123</ItemCode><ItemType>1</ItemType><ItemName>מב נקניק פסטרמה על ג</ItemName><ManufacturerName>טירת צבי</ManufacturerName><ManufactureCountry>ישראל</ManufactureCountry><ManufacturerItemDescription>פסטרמה על גחלים 400 גר</ManufacturerItemDescription><SoldByWeight/><Quantity>400.00</Quantity><UnitOfMeasure>גרם     </UnitOfMeasure><QtyInPackage>לא ידוע</QtyInPackage><UnitOfMeasurePrice>0.0672</UnitOfMeasurePrice><AllowDiscount>1</AllowDiscount><ItemStatus>1</ItemStatus><ItemPrice>26.90</ItemPrice></item><item><PriceUpdateDate>2016-08-02 09:29:51</PriceUpdateDate><ItemCode>7290003229154</ItemCode><ItemType>1</ItemType><ItemName>מב נקניק סלמי קוניאק</ItemName><ManufacturerName>טירת צבי</ManufacturerName><ManufactureCountry>ישראל</ManufactureCountry><ManufacturerItemDescription>סלמי קוניאק מובחר 300 גר</ManufacturerItemDescription><SoldByWeight/><Quantity>300.00</Quantity><UnitOfMeasure>גרם     </UnitOfMeasure><QtyInPackage>לא ידוע</QtyInPackage><UnitOfMeasurePrice>0.0830</UnitOfMeasurePrice><AllowDiscount>1</AllowDiscount><ItemStatus>1</ItemStatus><ItemPrice>24.90</ItemPrice></item><item><PriceUpdateDate>2016-01-03 06:53:27</PriceUpdateDate><ItemCode>7290003229192</ItemCode><ItemType>1</ItemType><ItemName>נקניק כתף בקר מעושן</ItemName><ManufacturerName>טירת צבי</ManufacturerName><ManufactureCountry>ישראל</ManufactureCountry><ManufacturerItemDescription>כתף בקר מעושן 400 גר</ManufacturerItemDescription><SoldByWeight/><Quantity>400.00</Quantity><UnitOfMeasure>גרם     </UnitOfMeasure><QtyInPackage>לא ידוע</QtyInPackage><UnitOfMeasurePrice>0.0947</UnitOfMeasurePrice><AllowDiscount>1</AllowDiscount><ItemStatus>1</ItemStatus><ItemPrice>37.90</ItemPrice></item><item><PriceUpdateDate>2016-05-31 06:16:10</PriceUpdateDate><ItemCode>7290003231270</ItemCode><ItemType>1</ItemType><ItemName>דאו' סטיק דאב מלפפונ</ItemName><ManufacturerName>דאב</ManufacturerName><ManufactureCountry>ישראל</ManufactureCountry><ManufacturerItemDescription>דאודורנט דאב     טאצ50'ג</ManufacturerItemDescription><SoldByWeight/><Quantity>50.00</Quantity><UnitOfMeasure>גרם     </UnitOfMeasure><QtyInPackage>לא ידוע</QtyInPackage><UnitOfMeasurePrice>0.6200</UnitOfMeasurePrice><AllowDiscount>1</AllowDiscount><ItemStatus>1</ItemStatus><ItemPrice>31.00</ItemPrice></item><item><PriceUpdateDate>2016-03-29 07:51:02</PriceUpdateDate><ItemCode>7290003231508</ItemCode><ItemType>1</ItemType><ItemName>שמפו פינוק בתוספת קר</ItemName><ManufacturerName>פינוק</ManufacturerName><ManufactureCountry>ישראל</ManufactureCountry><ManufacturerItemDescription>שמפו פינוק בתוספת קר</ManufacturerItemDescription><SoldByWeight/><Quantity>700.00</Quantity><UnitOfMeasure>מ"ל</UnitOfMeasure><QtyInPackage>לא ידוע</QtyInPackage><UnitOfMeasurePrice>0.0184</UnitOfMeasurePrice><AllowDiscount>1</AllowDiscount><ItemStatus>1</ItemStatus><ItemPrice>12.90</ItemPrice></item><item><PriceUpdateDate>2015-01-27 10:36:33</PriceUpdateDate><ItemCode>7290003246519</ItemCode><ItemType>1</ItemType><ItemName>מטלית וילדה  רב שימו</ItemName><ManufacturerName>וילדה</ManufacturerName><ManufactureCountry>ישראל</ManufactureCountry><ManufacturerItemDescription>מטלית וילדה  רב שימו</ManufacturerItemDescription><SoldByWeight/><Quantity>1.00</Quantity><UnitOfMeasure>יח'</UnitOfMeasure><QtyInPackage>לא ידוע</QtyInPackage><UnitOfMeasurePrice>17.4000</UnitOfMeasurePrice><AllowDiscount>1</AllowDiscount><ItemStatus>1</ItemStatus><ItemPrice>17.40</ItemPrice></item><item><PriceUpdateDate>2016-08-07 20:02:47</PriceUpdateDate><ItemCode>7290003251308</ItemCode><ItemType>1</ItemType><ItemName>אצטון שוורץ 100 סמ"ק</ItemName><ManufacturerName>שוורץ</ManufacturerName><ManufactureCountry>ישראל</ManufactureCountry><ManufacturerItemDescription>אצטון</ManufacturerItemDescription><SoldByWeight/><Quantity>100.00</Quantity><UnitOfMeasure>מ"ל</UnitOfMeasure><QtyInPackage>לא ידוע</QtyInPackage><UnitOfMeasurePrice>0.0490</UnitOfMeasurePrice><AllowDiscount>1</AllowDiscount><ItemStatus>1</ItemStatus><ItemPrice>4.90</ItemPrice></item><item><PriceUpdateDate>2016-02-14 18:18:10</PriceUpdateDate><ItemCode>7290003319114</ItemCode><ItemType>1</ItemType><ItemName>גפילטע פיש 6 קציצות</ItemName><ManufacturerName>הדג המיוחד</ManufacturerName><ManufactureCountry>ישראל</ManufactureCountry><ManufacturerItemDescription>גפילטע פיש 6 קציצות</ManufacturerItemDescription><SoldByWeight/><Quantity>420.00</Quantity><UnitOfMeasure>גרם     </UnitOfMeasure><QtyInPackage>לא ידוע</QtyInPackage><UnitOfMeasurePrice>0.0593</UnitOfMeasurePrice><AllowDiscount>1</AllowDiscount><ItemStatus>1</ItemStatus><ItemPrice>24.90</ItemPrice></item><item><PriceUpdateDate>2016-03-15 11:31:38</PriceUpdateDate><ItemCode>7290003321155</ItemCode><ItemType>1</ItemType><ItemName>דנונה בר פקאן סיני מ</ItemName><ManufacturerName>דנונה</ManufacturerName><ManufactureCountry>ישראל</ManufactureCountry><ManufacturerItemDescription>דנונהדגנים פקאןסיני+שוקול</ManufacturerItemDescription><SoldByWeight/><Quantity>183.00</Quantity><UnitOfMeasure>גרם     </UnitOfMeasure><QtyInPackage>לא ידוע</QtyInPackage><UnitOfMeasurePrice>0.0246</UnitOfMeasurePrice><AllowDiscount>1</AllowDiscount><ItemStatus>1</ItemStatus><ItemPrice>4.50</ItemPrice></item><item><PriceUpdateDate>2015-12-08 16:19:32</PriceUpdateDate><ItemCode>7290003321292</ItemCode><ItemType>1</ItemType><ItemName>גבינת סקי 9% 250 גרם</ItemName><ManufacturerName>שטראוס</ManufacturerName><ManufactureCountry>ישראל</ManufactureCountry><ManufacturerItemDescription>גבינה סקי 250 9% גר</ManufacturerItemDescription><SoldByWeight/><Quantity>250.00</Quantity><UnitOfMeasure>גרם     </UnitOfMeasure><QtyInPackage>לא ידוע</QtyInPackage><UnitOfMeasurePrice>0.0192</UnitOfMeasurePrice><AllowDiscount>1</AllowDiscount><ItemStatus>1</ItemStatus><ItemPrice>4.80</ItemPrice></item><item><PriceUpdateDate>2015-01-27 10:35:04</PriceUpdateDate><ItemCode>7290003411023</ItemCode><ItemType>1</ItemType><ItemName>כפפות לטקס 60 יחי כש</ItemName><ManufacturerName>הנמל</ManufacturerName><ManufactureCountry>ישראל</ManufactureCountry><ManufacturerItemDescription>כפפות לטקס 60 יחי כש</ManufacturerItemDescription><SoldByWeight/><Quantity>60.00</Quantity><UnitOfMeasure>יח'</UnitOfMeasure><QtyInPackage>לא ידוע</QtyInPackage><UnitOfMeasurePrice>0.3750</UnitOfMeasurePrice><AllowDiscount>1</AllowDiscount><ItemStatus>1</ItemStatus><ItemPrice>22.50</ItemPrice></item><item><PriceUpdateDate>2016-08-07 20:02:47</PriceUpdateDate><ItemCode>7290003411573</ItemCode><ItemType>1</ItemType><ItemName>צלחות עמוקות חד פעמי</ItemName><ManufacturerName>הנמל</ManufacturerName><ManufactureCountry>ישראל</ManufactureCountry><ManufacturerItemDescription>צלחות עמוקות חד פעמי</ManufacturerItemDescription><SoldByWeight/><Quantity>30.00</Quantity><UnitOfMeasure>בודד</UnitOfMeasure><QtyInPackage>לא ידוע</QtyInPackage><UnitOfMeasurePrice>0.3967</UnitOfMeasurePrice><AllowDiscount>1</AllowDiscount><ItemStatus>1</ItemStatus><ItemPrice>11.90</ItemPrice></item><item><PriceUpdateDate>2016-08-07 20:02:47</PriceUpdateDate><ItemCode>7290003411696</ItemCode><ItemType>1</ItemType><ItemName>מרקיות חד פעמי לבן 2</ItemName><ManufacturerName>הנמל</ManufacturerName><ManufactureCountry>ישראל</ManufactureCountry><ManufacturerItemDescription>מרקיות חד פעמי 25 יח</ManufacturerItemDescription><SoldByWeight/><Quantity>25.00</Quantity><UnitOfMeasure>בודד</UnitOfMeasure><QtyInPackage>לא ידוע</QtyInPackage><UnitOfMeasurePrice>0.2760</UnitOfMeasurePrice><AllowDiscount>1</AllowDiscount><ItemStatus>1</ItemStatus><ItemPrice>6.90</ItemPrice></item><item><PriceUpdateDate>2016-08-07 20:02:47</PriceUpdateDate><ItemCode>7290003411993</ItemCode><ItemType>1</ItemType><ItemName>גפרורים 10 יח'</ItemName><ManufacturerName>הנמל</ManufacturerName><ManufactureCountry>ישראל</ManufactureCountry><ManufacturerItemDescription>גפרורים 10 יח'</ManufacturerItemDescription><SoldByWeight/><Quantity>0.00</Quantity><UnitOfMeasure>יח'</UnitOfMeasure><QtyInPackage>לא ידוע</QtyInPackage><UnitOfMeasurePrice>0.0000</UnitOfMeasurePrice><AllowDiscount>1</AllowDiscount><ItemStatus>1</ItemStatus><ItemPrice>4.90</ItemPrice></item><item><PriceUpdateDate>2016-08-02 09:29:51</PriceUpdateDate><ItemCode>7290003427154</ItemCode><ItemType>1</ItemType><ItemName>שמן זית זיתא כתית מע</ItemName><ManufacturerName>זיתא</ManufacturerName><ManufactureCountry>ישראל</ManufactureCountry><ManufacturerItemDescription>שמן זית כתית מעולה 750 מל</ManufacturerItemDescription><SoldByWeight/><Quantity>750.00</Quantity><UnitOfMeasure>מ"ל</UnitOfMeasure><QtyInPackage>לא ידוע</QtyInPackage><UnitOfMeasurePrice>0.0532</UnitOfMeasurePrice><AllowDiscount>1</AllowDiscount><ItemStatus>1</ItemStatus><ItemPrice>39.90</ItemPrice></item><item><PriceUpdateDate>2015-12-01 07:54:48</PriceUpdateDate><ItemCode>7290003434053</ItemCode><ItemType>1</ItemType><ItemName>חטיפי הקפאה פופאייס</ItemName><ManufacturerName>לא ממותג</ManufacturerName><ManufactureCountry>ישראל</ManufactureCountry><ManufacturerItemDescription>משקה להקפאה סופר פופאייס</ManufacturerItemDescription><SoldByWeight/><Quantity>867.00</Quantity><UnitOfMeasure>גרם     </UnitOfMeasure><QtyInPackage>לא ידוע</QtyInPackage><UnitOfMeasurePrice>0.0075</UnitOfMeasurePrice><AllowDiscount>1</AllowDiscount><ItemStatus>1</ItemStatus><ItemPrice>6.50</ItemPrice></item><item><PriceUpdateDate>2016-06-28 07:03:54</PriceUpdateDate><ItemCode>7290003438006</ItemCode><ItemType>1</ItemType><ItemName>ממרח אוליביה פסטו אי</ItemName><ManufacturerName>אוליביה</ManufacturerName><ManufactureCountry>ישראל</ManufactureCountry><ManufacturerItemDescription>ממרח פסטו+צנובר180 גר</ManufacturerItemDescription><SoldByWeight/><Quantity>180.00</Quantity><UnitOfMeasure>גרם     </UnitOfMeasure><QtyInPackage>לא ידוע</QtyInPackage><UnitOfMeasurePrice>0.0939</UnitOfMeasurePrice><AllowDiscount>1</AllowDiscount><ItemStatus>1</ItemStatus><ItemPrice>16.90</ItemPrice></item><item><PriceUpdateDate>2016-06-28 07:03:54</PriceUpdateDate><ItemCode>7290003438013</ItemCode><ItemType>1</ItemType><ItemName>ממרחי אוליביה זיתים</ItemName><ManufacturerName>אוליביה</ManufacturerName><ManufactureCountry>ישראל</ManufactureCountry><ManufacturerItemDescription>ממרח זיתים ירוקים190 ג</ManufacturerItemDescription><SoldByWeight/><Quantity>190.00</Quantity><UnitOfMeasure>גרם     </UnitOfMeasure><QtyInPackage>לא ידוע</QtyInPackage><UnitOfMeasurePrice>0.0889</UnitOfMeasurePrice><AllowDiscount>0</AllowDiscount><ItemStatus>1</ItemStatus><ItemPrice>16.90</ItemPrice></item><item><PriceUpdateDate>2016-06-28 07:03:55</PriceUpdateDate><ItemCode>7290003438709</ItemCode><ItemType>1</ItemType><ItemName>אוליביה ממרח זיתים ש</ItemName><ManufacturerName>לא ממותג</ManufacturerName><ManufactureCountry>ישראל</ManufactureCountry><ManufacturerItemDescription>ממרח זיתים שחורים-אוליביה</ManufacturerItemDescription><SoldByWeight/><Quantity>190.00</Quantity><UnitOfMeasure>גרם     </UnitOfMeasure><QtyInPackage>לא ידוע</QtyInPackage><UnitOfMeasurePrice>0.0889</UnitOfMeasurePrice><AllowDiscount>1</AllowDiscount><ItemStatus>1</ItemStatus><ItemPrice>16.90</ItemPrice></item><item><PriceUpdateDate>2015-11-10 07:31:09</PriceUpdateDate><ItemCode>7290003444009</ItemCode><ItemType>1</ItemType><ItemName>הרשי'ז -ריזס חטיף  ש</ItemName><ManufacturerName>הרשיז</ManufacturerName><ManufactureCountry>ישראל</ManufactureCountry><ManufacturerItemDescription>הרשי'ז -ריזס חטיף  ש</ManufacturerItemDescription><SoldByWeight/><Quantity>42.00</Quantity><UnitOfMeasure>גרם     </UnitOfMeasure><QtyInPackage>לא ידוע</QtyInPackage><UnitOfMeasurePrice>0.0952</UnitOfMeasurePrice><AllowDiscount>1</AllowDiscount><ItemStatus>1</ItemStatus><ItemPrice>4.00</ItemPrice></item><item><PriceUpdateDate>2016-06-28 07:03:55</PriceUpdateDate><ItemCode>7290003457991</ItemCode><ItemType>1</ItemType><ItemName>מב מאגדת קורנטו קלאס</ItemName><ManufacturerName>שטראוס גלידה</ManufacturerName><ManufactureCountry>ישראל</ManufactureCountry><ManufacturerItemDescription>טילון קורנטו קלאסיקו משפח</ManufacturerItemDescription><SoldByWeight/><Quantity>360.00</Quantity><UnitOfMeasure>גרם     </UnitOfMeasure><QtyInPackage>לא ידוע</QtyInPackage><UnitOfMeasurePrice>0.0692</UnitOfMeasurePrice><AllowDiscount>1</AllowDiscount><ItemStatus>1</ItemStatus><ItemPrice>24.90</ItemPrice></item><item><PriceUpdateDate>2015-10-11 06:43:52</PriceUpdateDate><ItemCode>7290003514571</ItemCode><ItemType>1</ItemType><ItemName>מנה פריכיות אורז עם</ItemName><ManufacturerName>מנה</ManufacturerName><ManufactureCountry>ישראל</ManufactureCountry><ManufacturerItemDescription>פריכונים אורז עם מלח100 ג</ManufacturerItemDescription><SoldByWeight/><Quantity>100.00</Quantity><UnitOfMeasure>גרם     </UnitOfMeasure><QtyInPackage>לא ידוע</QtyInPackage><UnitOfMeasurePrice>0.0720</UnitOfMeasurePrice><AllowDiscount>1</AllowDiscount><ItemStatus>1</ItemStatus><ItemPrice>7.20</ItemPrice></item><item><PriceUpdateDate>2015-10-11 06:43:52</PriceUpdateDate><ItemCode>7290003514588</ItemCode><ItemType>1</ItemType><ItemName>מנה פריכיות אורז ללא</ItemName><ManufacturerName>מנה</ManufacturerName><ManufactureCountry>ישראל</ManufactureCountry><ManufacturerItemDescription>פריכיות אורז ללא מלח100 ג</ManufacturerItemDescription><SoldByWeight/><Quantity>100.00</Quantity><UnitOfMeasure>גרם     </UnitOfMeasure><QtyInPackage>לא ידוע</QtyInPackage><UnitOfMeasurePrice>0.0720</UnitOfMeasurePrice><AllowDiscount>1</AllowDiscount><ItemStatus>1</ItemStatus><ItemPrice>7.20</ItemPrice></item><item><PriceUpdateDate>2016-06-28 07:03:55</PriceUpdateDate><ItemCode>7290003525171</ItemCode><ItemType>1</ItemType><ItemName>גבינה פילדלפיה לבנה</ItemName><ManufacturerName>פילדלפיה</ManufacturerName><ManufactureCountry>ארצות הברית</ManufactureCountry><ManufacturerItemDescription>דאק ג'ל נוזלי   נדר 55מל</ManufacturerItemDescription><SoldByWeight/><Quantity>227.00</Quantity><UnitOfMeasure>גרם     </UnitOfMeasure><QtyInPackage>לא ידוע</QtyInPackage><UnitOfMeasurePrice>0.0894</UnitOfMeasurePrice><AllowDiscount>1</AllowDiscount><ItemStatus>1</ItemStatus><ItemPrice>20.30</ItemPrice></item><item><PriceUpdateDate>2016-05-01 10:32:25</PriceUpdateDate><ItemCode>7290003525478</ItemCode><ItemType>1</ItemType><ItemName>סלט טונה ויליגר 160</ItemName><ManufacturerName>ויליגר</ManufacturerName><ManufactureCountry>ישראל</ManufactureCountry><ManufacturerItemDescription>סלט טונה ויליגר 160 גר</ManufacturerItemDescription><SoldByWeight/><Quantity>160.00</Quantity><UnitOfMeasure>גרם     </UnitOfMeasure><QtyInPackage>לא ידוע</QtyInPackage><UnitOfMeasurePrice>0.0381</UnitOfMeasurePrice><AllowDiscount>1</AllowDiscount><ItemStatus>1</ItemStatus><ItemPrice>6.10</ItemPrice></item><item><PriceUpdateDate>2015-01-27 10:34:54</PriceUpdateDate><ItemCode>7290003578153</ItemCode><ItemType>1</ItemType><ItemName>טונה ויליפוד בהירה ב</ItemName><ManufacturerName>לא ממותג</ManufacturerName><ManufactureCountry>ישראל</ManufactureCountry><ManufacturerItemDescription>טונה ויליפוד בהירה ב</ManufacturerItemDescription><SoldByWeight/><Quantity>160.00</Quantity><UnitOfMeasure>גרם     </UnitOfMeasure><QtyInPackage>לא ידוע</QtyInPackage><UnitOfMeasurePrice>0.0463</UnitOfMeasurePrice><AllowDiscount>1</AllowDiscount><ItemStatus>1</ItemStatus><ItemPrice>7.40</ItemPrice></item><item><PriceUpdateDate>2015-11-10 07:32:21</PriceUpdateDate><ItemCode>7290003578412</ItemCode><ItemType>1</ItemType><ItemName>ליפתן אפרסקים  825 ג</ItemName><ManufacturerName>וילי פוד</ManufacturerName><ManufactureCountry>ישראל</ManufactureCountry><ManufacturerItemDescription>חצאי אפרסקים 820 גרם</ManufacturerItemDescription><SoldByWeight/><Quantity>470.00</Quantity><UnitOfMeasure>גרם     </UnitOfMeasure><QtyInPackage>לא ידוע</QtyInPackage><UnitOfMeasurePrice>0.0206</UnitOfMeasurePrice><AllowDiscount>1</AllowDiscount><ItemStatus>1</ItemStatus><ItemPrice>9.70</ItemPrice></item><item><PriceUpdateDate>2016-05-31 06:16:13</PriceUpdateDate><ItemCode>7290003643004</ItemCode><ItemType>1</ItemType><ItemName>אורז בסמטי 1 ק"ג</ItemName><ManufacturerName>סוגת</ManufacturerName><ManufactureCountry>ישראל</ManufactureCountry><ManufacturerItemDescription>אורז בסמטי קלאסי1 קג</ManufacturerItemDescription><SoldByWeight/><Quantity>1000.00</Quantity><UnitOfMeasure>גרם     </UnitOfMeasure><QtyInPackage>לא ידוע</QtyInPackage><UnitOfMeasurePrice>0.0119</UnitOfMeasurePrice><AllowDiscount>1</AllowDiscount><ItemStatus>1</ItemStatus><ItemPrice>11.90</ItemPrice></item><item><PriceUpdateDate>2015-11-10 07:32:21</PriceUpdateDate><ItemCode>7290003643134</ItemCode><ItemType>1</ItemType><ItemName>סוכר וניל סוגת 100 ג</ItemName><ManufacturerName>סוגת</ManufacturerName><ManufactureCountry>ישראל</ManufactureCountry><ManufacturerItemDescription>סוכר וניל סוגת 100 ג</ManufacturerItemDescription><SoldByWeight/><Quantity>100.00</Quantity><UnitOfMeasure>גרם     </UnitOfMeasure><QtyInPackage>לא ידוע</QtyInPackage><UnitOfMeasurePrice>0.0350</UnitOfMeasurePrice><AllowDiscount>1</AllowDiscount><ItemStatus>1</ItemStatus><ItemPrice>3.50</ItemPrice></item><item><PriceUpdateDate>2015-10-19 10:44:31</PriceUpdateDate><ItemCode>7290003643141</ItemCode><ItemType>1</ItemType><ItemName>סודה לשתיה סוגת 50 ג</ItemName><ManufacturerName>סוגת</ManufacturerName><ManufactureCountry>ישראל</ManufactureCountry><ManufacturerItemDescription>סודה לשתיה סוגת 50 ג</ManufacturerItemDescription><SoldByWeight/><Quantity>50.00</Quantity><UnitOfMeasure>גרם     </UnitOfMeasure><QtyInPackage>לא ידוע</QtyInPackage><UnitOfMeasurePrice>0.0360</UnitOfMeasurePrice><AllowDiscount>1</AllowDiscount><ItemStatus>1</ItemStatus><ItemPrice>1.80</ItemPrice></item><item><PriceUpdateDate>2015-11-10 07:32:21</PriceUpdateDate><ItemCode>7290003643172</ItemCode><ItemType>1</ItemType><ItemName>אבקת סוכר סוגת 100 ג</ItemName><ManufacturerName>סוגת</ManufacturerName><ManufactureCountry>ישראל</ManufactureCountry><ManufacturerItemDescription>אבקת סוכר סוגת 100 ג</ManufacturerItemDescription><SoldByWeight/><Quantity>100.00</Quantity><UnitOfMeasure>גרם     </UnitOfMeasure><QtyInPackage>לא ידוע</QtyInPackage><UnitOfMeasurePrice>0.0250</UnitOfMeasurePrice><AllowDiscount>1</AllowDiscount><ItemStatus>1</ItemStatus><ItemPrice>2.50</ItemPrice></item><item><PriceUpdateDate>2016-05-09 13:35:07</PriceUpdateDate><ItemCode>7290003643325</ItemCode><ItemType>1</ItemType><ItemName>קוסקוס בינוני סוגת 3</ItemName><ManufacturerName>סוגת</ManufacturerName><ManufactureCountry>ישראל</ManufactureCountry><ManufacturerItemDescription>קוסקוס בינוני סוגת 3</ManufacturerItemDescription><SoldByWeight/><Quantity>350.00</Quantity><UnitOfMeasure>גרם     </UnitOfMeasure><QtyInPackage>לא ידוע</QtyInPackage><UnitOfMeasurePrice>0.0197</UnitOfMeasurePrice><AllowDiscount>1</AllowDiscount><ItemStatus>1</ItemStatus><ItemPrice>6.90</ItemPrice></item><item><PriceUpdateDate>2016-02-08 14:14:16</PriceUpdateDate><ItemCode>7290003643387</ItemCode><ItemType>1</ItemType><ItemName>סוכר לבן 1 ק''ג צנצנ</ItemName><ManufacturerName>סוגת</ManufacturerName><ManufactureCountry>ישראל</ManufactureCountry><ManufacturerItemDescription>סוכר1 קג בצנצנת פלסטיק</ManufacturerItemDescription><SoldByWeight/><Quantity>1000.00</Quantity><UnitOfMeasure>גרם     </UnitOfMeasure><QtyInPackage>לא ידוע</QtyInPackage><UnitOfMeasurePrice>0.0079</UnitOfMeasurePrice><AllowDiscount>1</AllowDiscount><ItemStatus>1</ItemStatus><ItemPrice>7.90</ItemPrice></item><item><PriceUpdateDate>2016-08-02 09:29:52</PriceUpdateDate><ItemCode>7290003643714</ItemCode><ItemType>1</ItemType><ItemName>חומוס סוגת 500 גרם</ItemName><ManufacturerName>סוגת</ManufacturerName><ManufactureCountry>ישראל</ManufactureCountry><ManufacturerItemDescription>חומוס 500 גרם</ManufacturerItemDescription><SoldByWeight/><Quantity>500.00</Quantity><UnitOfMeasure>גרם     </UnitOfMeasure><QtyInPackage>לא ידוע</QtyInPackage><UnitOfMeasurePrice>0.0198</UnitOfMeasurePrice><AllowDiscount>1</AllowDiscount><ItemStatus>1</ItemStatus><ItemPrice>9.90</ItemPrice></item><item><PriceUpdateDate>2016-08-02 09:29:52</PriceUpdateDate><ItemCode>7290003643745</ItemCode><ItemType>1</ItemType><ItemName>כוסמת 500 גרם</ItemName><ManufacturerName>סוגת</ManufacturerName><ManufactureCountry>ישראל</ManufactureCountry><ManufacturerItemDescription>כוסמת 500 גרם</ManufacturerItemDescription><SoldByWeight/><Quantity>500.00</Quantity><UnitOfMeasure>גרם     </UnitOfMeasure><QtyInPackage>לא ידוע</QtyInPackage><UnitOfMeasurePrice>0.0200</UnitOfMeasurePrice><AllowDiscount>1</AllowDiscount><ItemStatus>1</ItemStatus><ItemPrice>10.00</ItemPrice></item><item><PriceUpdateDate>2016-03-15 11:31:38</PriceUpdateDate><ItemCode>7290003643752</ItemCode><ItemType>1</ItemType><ItemName>עדשים ירוקים סוגת 50</ItemName><ManufacturerName>סוגת</ManufacturerName><ManufactureCountry>ישראל</ManufactureCountry><ManufacturerItemDescription>עדשים ירוקות 500 גרם</ManufacturerItemDescription><SoldByWeight/><Quantity>500.00</Quantity><UnitOfMeasure>גרם     </UnitOfMeasure><QtyInPackage>לא ידוע</QtyInPackage><UnitOfMeasurePrice>0.0118</UnitOfMeasurePrice><AllowDiscount>1</AllowDiscount><ItemStatus>1</ItemStatus><ItemPrice>5.90</ItemPrice></item><item><PriceUpdateDate>2015-11-10 07:32:22</PriceUpdateDate><ItemCode>7290003643776</ItemCode><ItemType>1</ItemType><ItemName>פופקורן סוגת 500 גרם</ItemName><ManufacturerName>סוגת</ManufacturerName><ManufactureCountry>ישראל</ManufactureCountry><ManufacturerItemDescription>פופקורן 500 גרם</ManufacturerItemDescription><SoldByWeight/><Quantity>500.00</Quantity><UnitOfMeasure>גרם     </UnitOfMeasure><QtyInPackage>לא ידוע</QtyInPackage><UnitOfMeasurePrice>0.0156</UnitOfMeasurePrice><AllowDiscount>1</AllowDiscount><ItemStatus>1</ItemStatus><ItemPrice>7.80</ItemPrice></item><item><PriceUpdateDate>2016-03-15 11:31:38</PriceUpdateDate><ItemCode>7290003667109</ItemCode><ItemType>1</ItemType><ItemName>פאנטה אורנג' 1.5 ליט</ItemName><ManufacturerName>פאנטה אורנג</ManufacturerName><ManufactureCountry>ישראל</ManufactureCountry><ManufacturerItemDescription>פאנטה אורנג1.5 ל</ManufacturerItemDescription><SoldByWeight/><Quantity>1500.00</Quantity><UnitOfMeasure>מ"ל</UnitOfMeasure><QtyInPackage>לא ידוע</QtyInPackage><UnitOfMeasurePrice>0.0046</UnitOfMeasurePrice><AllowDiscount>1</AllowDiscount><ItemStatus>1</ItemStatus><ItemPrice>6.90</ItemPrice></item><item><PriceUpdateDate>2016-05-31 06:16:13</PriceUpdateDate><ItemCode>7290003667369</ItemCode><ItemType>1</ItemType><ItemName>מיץ פריגת תות בננה 1</ItemName><ManufacturerName>פריגת</ManufacturerName><ManufactureCountry>ישראל</ManufactureCountry><ManufacturerItemDescription>מיץ פריגת תות בננה 1</ManufacturerItemDescription><SoldByWeight/><Quantity>1500.00</Quantity><UnitOfMeasure>מ"ל</UnitOfMeasure><QtyInPackage>לא ידוע</QtyInPackage><UnitOfMeasurePrice>0.0045</UnitOfMeasurePrice><AllowDiscount>0</AllowDiscount><ItemStatus>1</ItemStatus><ItemPrice>6.80</ItemPrice></item><item><PriceUpdateDate>2016-03-15 11:31:38</PriceUpdateDate><ItemCode>7290003667673</ItemCode><ItemType>1</ItemType><ItemName>פאנטה דיאט 1.5 ליטר</ItemName><ManufacturerName>דיאט פאנטה אורנג</ManufacturerName><ManufactureCountry>ישראל</ManufactureCountry><ManufacturerItemDescription>פאנטה אורנג דיאט1.5 ל</ManufacturerItemDescription><SoldByWeight/><Quantity>1500.00</Quantity><UnitOfMeasure>מ"ל</UnitOfMeasure><QtyInPackage>לא ידוע</QtyInPackage><UnitOfMeasurePrice>0.0046</UnitOfMeasurePrice><AllowDiscount>1</AllowDiscount><ItemStatus>1</ItemStatus><ItemPrice>6.90</ItemPrice></item><item><PriceUpdateDate>2016-06-28 07:03:56</PriceUpdateDate><ItemCode>7290003681006</ItemCode><ItemType>1</ItemType><ItemName>צימוק בהיר מיה 200 ג</ItemName><ManufacturerName>מיה</ManufacturerName><ManufactureCountry>ישראל</ManufactureCountry><ManufacturerItemDescription>צימוק בהיר מיה 200 ג</ManufacturerItemDescription><SoldByWeight/><Quantity>200.00</Quantity><UnitOfMeasure>גרם     </UnitOfMeasure><QtyInPackage>לא ידוע</QtyInPackage><UnitOfMeasurePrice>0.0645</UnitOfMeasurePrice><AllowDiscount>1</AllowDiscount><ItemStatus>1</ItemStatus><ItemPrice>12.90</ItemPrice></item><item><PriceUpdateDate>2015-11-10 07:32:22</PriceUpdateDate><ItemCode>7290003681211</ItemCode><ItemType>1</ItemType><ItemName>צנובר מיה 100 גרם</ItemName><ManufacturerName>מיה</ManufacturerName><ManufactureCountry>ישראל</ManufactureCountry><ManufacturerItemDescription>צנובר מיה 100 גרם</ManufacturerItemDescription><SoldByWeight/><Quantity>100.00</Quantity><UnitOfMeasure>גרם     </UnitOfMeasure><QtyInPackage>לא ידוע</QtyInPackage><UnitOfMeasurePrice>0.2860</UnitOfMeasurePrice><AllowDiscount>1</AllowDiscount><ItemStatus>1</ItemStatus><ItemPrice>28.60</ItemPrice></item><item><PriceUpdateDate>2015-05-31 13:47:40</PriceUpdateDate><ItemCode>7290003681365</ItemCode><ItemType>1</ItemType><ItemName>קישוט לעוגה צבעוני ב</ItemName><ManufacturerName>מיה</ManufacturerName><ManufactureCountry>ישראל</ManufactureCountry><ManufacturerItemDescription>קישוט לעוגה צבעוני ב</ManufacturerItemDescription><SoldByWeight/><Quantity>70.00</Quantity><UnitOfMeasure>גרם     </UnitOfMeasure><QtyInPackage>לא ידוע</QtyInPackage><UnitOfMeasurePrice>0.0729</UnitOfMeasurePrice><AllowDiscount>1</AllowDiscount><ItemStatus>1</ItemStatus><ItemPrice>5.10</ItemPrice></item><item><PriceUpdateDate>2016-05-01 10:32:26</PriceUpdateDate><ItemCode>7290003681716</ItemCode><ItemType>1</ItemType><ItemName>גריסי פנינה 500 גרם</ItemName><ManufacturerName>מיה</ManufacturerName><ManufactureCountry>ישראל</ManufactureCountry><ManufacturerItemDescription>גריסי פנינה 500 גר</ManufacturerItemDescription><SoldByWeight/><Quantity>500.00</Quantity><UnitOfMeasure>גרם     </UnitOfMeasure><QtyInPackage>לא ידוע</QtyInPackage><UnitOfMeasurePrice>0.0144</UnitOfMeasurePrice><AllowDiscount>1</AllowDiscount><ItemStatus>1</ItemStatus><ItemPrice>7.20</ItemPrice></item><item><PriceUpdateDate>2015-10-19 10:44:32</PriceUpdateDate><ItemCode>7290003681761</ItemCode><ItemType>1</ItemType><ItemName>שום גבישי מיה 80 גרם</ItemName><ManufacturerName>מיה</ManufacturerName><ManufactureCountry>ישראל</ManufactureCountry><ManufacturerItemDescription>שום גבישי מיה 80 גרם</ManufacturerItemDescription><SoldByWeight/><Quantity>80.00</Quantity><UnitOfMeasure>גרם     </UnitOfMeasure><QtyInPackage>לא ידוע</QtyInPackage><UnitOfMeasurePrice>0.0963</UnitOfMeasurePrice><AllowDiscount>1</AllowDiscount><ItemStatus>1</ItemStatus><ItemPrice>7.70</ItemPrice></item><item><PriceUpdateDate>2016-08-02 09:29:52</PriceUpdateDate><ItemCode>7290003681945</ItemCode><ItemType>1</ItemType><ItemName>מיץ לימון טבעי 500 מ</ItemName><ManufacturerName>מיה</ManufacturerName><ManufactureCountry>ישראל</ManufactureCountry><ManufacturerItemDescription>מיץ לימון טבעי 500 מ</ManufacturerItemDescription><SoldByWeight/><Quantity>500.00</Quantity><UnitOfMeasure>מ"ל</UnitOfMeasure><QtyInPackage>לא ידוע</QtyInPackage><UnitOfMeasurePrice>0.0302</UnitOfMeasurePrice><AllowDiscount>1</AllowDiscount><ItemStatus>1</ItemStatus><ItemPrice>15.10</ItemPrice></item><item><PriceUpdateDate>2015-11-10 07:32:22</PriceUpdateDate><ItemCode>7290003715411</ItemCode><ItemType>1</ItemType><ItemName>צנובר סיני</ItemName><ManufacturerName>זארובי</ManufacturerName><ManufactureCountry>ישראל</ManufactureCountry><ManufacturerItemDescription>צנובר סיני</ManufacturerItemDescription><SoldByWeight/><Quantity>1200.00</Quantity><UnitOfMeasure>גרם     </UnitOfMeasure><QtyInPackage>לא ידוע</QtyInPackage><UnitOfMeasurePrice>0.0229</UnitOfMeasurePrice><AllowDiscount>1</AllowDiscount><ItemStatus>1</ItemStatus><ItemPrice>27.50</ItemPrice></item><item><PriceUpdateDate>2016-06-01 07:06:55</PriceUpdateDate><ItemCode>7290003715596</ItemCode><ItemType>1</ItemType><ItemName>אגוז מלך 300 גרם</ItemName><ManufacturerName>זארובי</ManufacturerName><ManufactureCountry>ישראל</ManufactureCountry><ManufacturerItemDescription>אגוז מלך 300 גרם</ManufacturerItemDescription><SoldByWeight/><Quantity>300.00</Quantity><UnitOfMeasure>גרם     </UnitOfMeasure><QtyInPackage>לא ידוע</QtyInPackage><UnitOfMeasurePrice>0.0963</UnitOfMeasurePrice><AllowDiscount>1</AllowDiscount><ItemStatus>1</ItemStatus><ItemPrice>28.90</ItemPrice></item><item><PriceUpdateDate>2015-10-19 10:44:32</PriceUpdateDate><ItemCode>7290003715749</ItemCode><ItemType>1</ItemType><ItemName>אגוז מלך גרוס 100 גר</ItemName><ManufacturerName>לא ממותג</ManufacturerName><ManufactureCountry>ישראל</ManufactureCountry><ManufacturerItemDescription>אגוז מלך גרוס 100 גר</ManufacturerItemDescription><SoldByWeight/><Quantity>100.00</Quantity><UnitOfMeasure>גרם     </UnitOfMeasure><QtyInPackage>לא ידוע</QtyInPackage><UnitOfMeasurePrice>0.1280</UnitOfMeasurePrice><AllowDiscount>1</AllowDiscount><ItemStatus>1</ItemStatus><ItemPrice>12.80</ItemPrice></item><item><PriceUpdateDate>2016-05-01 10:32:26</PriceUpdateDate><ItemCode>7290003719006</ItemCode><ItemType>1</ItemType><ItemName>לחם שיפון 750 גרם</ItemName><ManufacturerName>מאפית ליבו</ManufacturerName><ManufactureCountry>ישראל</ManufactureCountry><ManufacturerItemDescription>לחם שיפון 750 גרם</ManufacturerItemDescription><SoldByWeight/><Quantity>750.00</Quantity><UnitOfMeasure>גרם     </UnitOfMeasure><QtyInPackage>לא ידוע</QtyInPackage><UnitOfMeasurePrice>0.0197</UnitOfMeasurePrice><AllowDiscount>1</AllowDiscount><ItemStatus>1</ItemStatus><ItemPrice>14.80</ItemPrice></item><item><PriceUpdateDate>2016-05-01 10:32:26</PriceUpdateDate><ItemCode>7290003719044</ItemCode><ItemType>1</ItemType><ItemName>לחם ירושלמי 600 גרם</ItemName><ManufacturerName>מאפיית ברמן</ManufacturerName><ManufactureCountry>ישראל</ManufactureCountry><ManufacturerItemDescription>לחם ירושלמי 600 גרם</ManufacturerItemDescription><SoldByWeight/><Quantity>600.00</Quantity><UnitOfMeasure>גרם     </UnitOfMeasure><QtyInPackage>לא ידוע</QtyInPackage><UnitOfMeasurePrice>0.0225</UnitOfMeasurePrice><AllowDiscount>1</AllowDiscount><ItemStatus>1</ItemStatus><ItemPrice>13.50</ItemPrice></item><item><PriceUpdateDate>2016-05-01 10:32:26</PriceUpdateDate><ItemCode>7290003719235</ItemCode><ItemType>1</ItemType><ItemName>לחם ליבו ביתי 750 גר</ItemName><ManufacturerName>מאפיית ברמן</ManufacturerName><ManufactureCountry>ישראל</ManufactureCountry><ManufacturerItemDescription>לחם ליבו ביתי 750 גר</ManufacturerItemDescription><SoldByWeight/><Quantity>750.00</Quantity><UnitOfMeasure>גרם     </UnitOfMeasure><QtyInPackage>לא ידוע</QtyInPackage><UnitOfMeasurePrice>0.0192</UnitOfMeasurePrice><AllowDiscount>1</AllowDiscount><ItemStatus>1</ItemStatus><ItemPrice>14.40</ItemPrice></item><item><PriceUpdateDate>2016-08-07 20:04:28</PriceUpdateDate><ItemCode>7290003719259</ItemCode><ItemType>1</ItemType><ItemName>לחם טבעי אקסקלוסיב ל</ItemName><ManufacturerName>מאפית ליבו</ManufacturerName><ManufactureCountry>ישראל</ManufactureCountry><ManufacturerItemDescription>לחם טבעי אקסקלוסיב ל</ManufacturerItemDescription><SoldByWeight/><Quantity>1000.00</Quantity><UnitOfMeasure>גרם     </UnitOfMeasure><QtyInPackage>לא ידוע</QtyInPackage><UnitOfMeasurePrice>0.0189</UnitOfMeasurePrice><AllowDiscount>1</AllowDiscount><ItemStatus>1</ItemStatus><ItemPrice>18.90</ItemPrice></item><item><PriceUpdateDate>2016-05-01 10:32:26</PriceUpdateDate><ItemCode>7290003719280</ItemCode><ItemType>1</ItemType><ItemName>לחם דגנים קל מאפיית</ItemName><ManufacturerName>מאפית ליבו</ManufacturerName><ManufactureCountry>ישראל</ManufactureCountry><ManufacturerItemDescription>לחם דגנים קל מאפיית</ManufacturerItemDescription><SoldByWeight/><Quantity>750.00</Quantity><UnitOfMeasure>גרם     </UnitOfMeasure><QtyInPackage>לא ידוע</QtyInPackage><UnitOfMeasurePrice>0.0257</UnitOfMeasurePrice><AllowDiscount>1</AllowDiscount><ItemStatus>1</ItemStatus><ItemPrice>19.30</ItemPrice></item><item><PriceUpdateDate>2016-06-28 07:03:56</PriceUpdateDate><ItemCode>7290003744428</ItemCode><ItemType>1</ItemType><ItemName>אובלטים קימל 300 גרם</ItemName><ManufacturerName>לא ממותג</ManufacturerName><ManufactureCountry>ישראל</ManufactureCountry><ManufacturerItemDescription>אובלטים קימל 300 גרם</ManufacturerItemDescription><SoldByWeight/><Quantity>300.00</Quantity><UnitOfMeasure>גרם     </UnitOfMeasure><QtyInPackage>לא ידוע</QtyInPackage><UnitOfMeasurePrice>0.0440</UnitOfMeasurePrice><AllowDiscount>1</AllowDiscount><ItemStatus>1</ItemStatus><ItemPrice>13.20</ItemPrice></item><item><PriceUpdateDate>2016-05-31 06:16:14</PriceUpdateDate><ItemCode>7290003805501</ItemCode><ItemType>1</ItemType><ItemName>פתית שוודי חסכוני בד</ItemName><ManufacturerName>פתית</ManufacturerName><ManufactureCountry>ישראל</ManufactureCountry><ManufacturerItemDescription>פתית שוודי חסכוני300 גר .</ManufacturerItemDescription><SoldByWeight/><Quantity>300.00</Quantity><UnitOfMeasure>גרם     </UnitOfMeasure><QtyInPackage>לא ידוע</QtyInPackage><UnitOfMeasurePrice>0.0590</UnitOfMeasurePrice><AllowDiscount>1</AllowDiscount><ItemStatus>1</ItemStatus><ItemPrice>17.70</ItemPrice></item><item><PriceUpdateDate>2016-05-01 10:32:29</PriceUpdateDate><ItemCode>7290003805525</ItemCode><ItemType>1</ItemType><ItemName>קורנפלקס תלמה בד"צ 7</ItemName><ManufacturerName>לא ממותג</ManufacturerName><ManufactureCountry>ישראל</ManufactureCountry><ManufacturerItemDescription>קורנפלקס תלמה בד"צ 7</ManufacturerItemDescription><SoldByWeight/><Quantity>750.00</Quantity><UnitOfMeasure>גרם     </UnitOfMeasure><QtyInPackage>לא ידוע</QtyInPackage><UnitOfMeasurePrice>0.0199</UnitOfMeasurePrice><AllowDiscount>0</AllowDiscount><ItemStatus>1</ItemStatus><ItemPrice>14.90</ItemPrice></item><item><PriceUpdateDate>2016-05-31 06:16:14</PriceUpdateDate><ItemCode>7290003805556</ItemCode><ItemType>1</ItemType><ItemName>ברנפלקס 500 גרם</ItemName><ManufacturerName>ברנפלקס - תלמה</ManufacturerName><ManufactureCountry>ישראל</ManufactureCountry><ManufacturerItemDescription>ברנפלקס בדץ 500 גרם</ManufacturerItemDescription><SoldByWeight/><Quantity>500.00</Quantity><UnitOfMeasure>גרם     </UnitOfMeasure><QtyInPackage>לא ידוע</QtyInPackage><UnitOfMeasurePrice>0.0398</UnitOfMeasurePrice><AllowDiscount>1</AllowDiscount><ItemStatus>1</ItemStatus><ItemPrice>19.90</ItemPrice></item><item><PriceUpdateDate>2016-05-31 06:16:14</PriceUpdateDate><ItemCode>7290003805709</ItemCode><ItemType>1</ItemType><ItemName>כריות נוגט בד"צ 750</ItemName><ManufacturerName>כריות</ManufacturerName><ManufactureCountry>ישראל</ManufactureCountry><ManufacturerItemDescription>כריות נוגט 750 גרם בדצ</ManufacturerItemDescription><SoldByWeight/><Quantity>750.00</Quantity><UnitOfMeasure>גרם     </UnitOfMeasure><QtyInPackage>לא ידוע</QtyInPackage><UnitOfMeasurePrice>0.0332</UnitOfMeasurePrice><AllowDiscount>1</AllowDiscount><ItemStatus>1</ItemStatus><ItemPrice>24.90</ItemPrice></item><item><PriceUpdateDate>2016-05-01 10:32:29</PriceUpdateDate><ItemCode>7290003805716</ItemCode><ItemType>1</ItemType><ItemName>נמס בכוס ועוד זך זוג</ItemName><ManufacturerName>קנור</ManufacturerName><ManufactureCountry>ישראל</ManufactureCountry><ManufacturerItemDescription>מרקנמס בכוס ועוד זך 048 ג</ManufacturerItemDescription><SoldByWeight/><Quantity>14.00</Quantity><UnitOfMeasure>גרם     </UnitOfMeasure><QtyInPackage>לא ידוע</QtyInPackage><UnitOfMeasurePrice>0.5929</UnitOfMeasurePrice><AllowDiscount>1</AllowDiscount><ItemStatus>1</ItemStatus><ItemPrice>8.30</ItemPrice></item><item><PriceUpdateDate>2016-06-28 07:03:57</PriceUpdateDate><ItemCode>7290003807482</ItemCode><ItemType>1</ItemType><ItemName>רוטב קנור טריאקי 300</ItemName><ManufacturerName>קנור</ManufacturerName><ManufactureCountry>ישראל</ManufactureCountry><ManufacturerItemDescription>רוטב קנור טריאקי 300</ManufacturerItemDescription><SoldByWeight/><Quantity>300.00</Quantity><UnitOfMeasure>גרם     </UnitOfMeasure><QtyInPackage>לא ידוע</QtyInPackage><UnitOfMeasurePrice>0.0463</UnitOfMeasurePrice><AllowDiscount>1</AllowDiscount><ItemStatus>1</ItemStatus><ItemPrice>13.90</ItemPrice></item><item><PriceUpdateDate>2016-02-01 19:33:02</PriceUpdateDate><ItemCode>7290003808649</ItemCode><ItemType>1</ItemType><ItemName>שוקולד ורד גליל זוג</ItemName><ManufacturerName>ורד הגליל</ManufacturerName><ManufactureCountry>ישראל</ManufactureCountry><ManufacturerItemDescription>שוקולד ורד גליל זוג</ManufacturerItemDescription><SoldByWeight/><Quantity>200.00</Quantity><UnitOfMeasure>גרם     </UnitOfMeasure><QtyInPackage>לא ידוע</QtyInPackage><UnitOfMeasurePrice>0.0710</UnitOfMeasurePrice><AllowDiscount>1</AllowDiscount><ItemStatus>1</ItemStatus><ItemPrice>14.20</ItemPrice></item><item><PriceUpdateDate>2016-05-01 10:32:30</PriceUpdateDate><ItemCode>7290003904389</ItemCode><ItemType>1</ItemType><ItemName>שוקולד פרה מריר ללא</ItemName><ManufacturerName>פרה</ManufacturerName><ManufactureCountry>ישראל</ManufactureCountry><ManufacturerItemDescription>שוקולד פרה מריר ללא סוכר1</ManufacturerItemDescription><SoldByWeight/><Quantity>100.00</Quantity><UnitOfMeasure>גרם     </UnitOfMeasure><QtyInPackage>לא ידוע</QtyInPackage><UnitOfMeasurePrice>0.0950</UnitOfMeasurePrice><AllowDiscount>1</AllowDiscount><ItemStatus>1</ItemStatus><ItemPrice>9.50</ItemPrice></item><item><PriceUpdateDate>2016-05-01 10:32:30</PriceUpdateDate><ItemCode>7290003905362</ItemCode><ItemType>1</ItemType><ItemName>שוקולד חלב פרה ללא ס</ItemName><ManufacturerName>פרה</ManufacturerName><ManufactureCountry>ישראל</ManufactureCountry><ManufacturerItemDescription>שוקולד חלב ללא סוכר 100 ג</ManufacturerItemDescription><SoldByWeight/><Quantity>100.00</Quantity><UnitOfMeasure>גרם     </UnitOfMeasure><QtyInPackage>לא ידוע</QtyInPackage><UnitOfMeasurePrice>0.0950</UnitOfMeasurePrice><AllowDiscount>1</AllowDiscount><ItemStatus>1</ItemStatus><ItemPrice>9.50</ItemPrice></item><item><PriceUpdateDate>2015-10-19 10:44:33</PriceUpdateDate><ItemCode>7290003989096</ItemCode><ItemType>1</ItemType><ItemName>חציל פיקנטי 500 גרם</ItemName><ManufacturerName>אחלה</ManufacturerName><ManufactureCountry>ישראל</ManufactureCountry><ManufacturerItemDescription>סלט 500חציל פיקנטי אחלה</ManufacturerItemDescription><SoldByWeight/><Quantity>500.00</Quantity><UnitOfMeasure>גרם     </UnitOfMeasure><QtyInPackage>לא ידוע</QtyInPackage><UnitOfMeasurePrice>0.0374</UnitOfMeasurePrice><AllowDiscount>1</AllowDiscount><ItemStatus>1</ItemStatus><ItemPrice>18.70</ItemPrice></item><item><PriceUpdateDate>2016-08-02 09:29:52</PriceUpdateDate><ItemCode>7290003989539</ItemCode><ItemType>1</ItemType><ItemName>מב רביולי במילוי גבי</ItemName><ManufacturerName>שטראוס</ManufacturerName><ManufactureCountry>ישראל</ManufactureCountry><ManufacturerItemDescription>פסטהשטראוס רביולי גבינה40</ManufacturerItemDescription><SoldByWeight/><Quantity>400.00</Quantity><UnitOfMeasure>גרם     </UnitOfMeasure><QtyInPackage>לא ידוע</QtyInPackage><UnitOfMeasurePrice>0.0422</UnitOfMeasurePrice><AllowDiscount>1</AllowDiscount><ItemStatus>1</ItemStatus><ItemPrice>16.90</ItemPrice></item><item><PriceUpdateDate>2016-08-02 09:29:52</PriceUpdateDate><ItemCode>7290003989553</ItemCode><ItemType>1</ItemType><ItemName>מב טורטלינו פטריות ג</ItemName><ManufacturerName>שטראוס</ManufacturerName><ManufactureCountry>ישראל</ManufactureCountry><ManufacturerItemDescription>פסטהשטראוס טורטלוני פטריו</ManufacturerItemDescription><SoldByWeight/><Quantity>400.00</Quantity><UnitOfMeasure>גרם     </UnitOfMeasure><QtyInPackage>לא ידוע</QtyInPackage><UnitOfMeasurePrice>0.0422</UnitOfMeasurePrice><AllowDiscount>1</AllowDiscount><ItemStatus>1</ItemStatus><ItemPrice>16.90</ItemPrice></item><item><PriceUpdateDate>2016-08-02 09:29:52</PriceUpdateDate><ItemCode>7290004011260</ItemCode><ItemType>1</ItemType><ItemName>קצפת ריצ' קפה 427 מ"</ItemName><ManufacturerName>ריצ</ManufacturerName><ManufactureCountry>ארצות הברית</ManufactureCountry><ManufacturerItemDescription>בייבי ביס       ר 50 גרם</ManufacturerItemDescription><SoldByWeight/><Quantity>427.00</Quantity><UnitOfMeasure>מ"ל</UnitOfMeasure><QtyInPackage>לא ידוע</QtyInPackage><UnitOfMeasurePrice>0.0267</UnitOfMeasurePrice><AllowDiscount>1</AllowDiscount><ItemStatus>1</ItemStatus><ItemPrice>11.40</ItemPrice></item><item><PriceUpdateDate>2016-06-28 07:03:57</PriceUpdateDate><ItemCode>7290004011284</ItemCode><ItemType>1</ItemType><ItemName>קצפת ריצ' פרווה 212</ItemName><ManufacturerName>ריצ</ManufacturerName><ManufactureCountry>ארצות הברית</ManufactureCountry><ManufacturerItemDescription>בייבי ביס       נה 50 גר</ManufacturerItemDescription><SoldByWeight/><Quantity>212.00</Quantity><UnitOfMeasure>מ"ל</UnitOfMeasure><QtyInPackage>לא ידוע</QtyInPackage><UnitOfMeasurePrice>0.0528</UnitOfMeasurePrice><AllowDiscount>1</AllowDiscount><ItemStatus>1</ItemStatus><ItemPrice>11.20</ItemPrice></item><item><PriceUpdateDate>2016-08-02 09:29:52</PriceUpdateDate><ItemCode>7290004011819</ItemCode><ItemType>1</ItemType><ItemName>מב המבורגר ריב אנטרי</ItemName><ManufacturerName>אל גאוצו</ManufacturerName><ManufactureCountry>ישראל</ManufactureCountry><ManufacturerItemDescription>המבורגר ריב אנטריקוט 360</ManufacturerItemDescription><SoldByWeight/><Quantity>360.00</Quantity><UnitOfMeasure>גרם     </UnitOfMeasure><QtyInPackage>לא ידוע</QtyInPackage><UnitOfMeasurePrice>0.0608</UnitOfMeasurePrice><AllowDiscount>1</AllowDiscount><ItemStatus>1</ItemStatus><ItemPrice>21.90</ItemPrice></item><item><PriceUpdateDate>2016-08-02 09:29:52</PriceUpdateDate><ItemCode>7290004030063</ItemCode><ItemType>1</ItemType><ItemName>מב נקטר גויאבה 1 ליט</ItemName><ManufacturerName>פריניב סחוט</ManufacturerName><ManufactureCountry>ישראל</ManufactureCountry><ManufacturerItemDescription>מב נקטר גויאבה 1 ליט</ManufacturerItemDescription><SoldByWeight/><Quantity>1000.00</Quantity><UnitOfMeasure>מ"ל</UnitOfMeasure><QtyInPackage>לא ידוע</QtyInPackage><UnitOfMeasurePrice>0.0099</UnitOfMeasurePrice><AllowDiscount>1</AllowDiscount><ItemStatus>1</ItemStatus><ItemPrice>9.90</ItemPrice></item><item><PriceUpdateDate>2016-08-02 09:29:52</PriceUpdateDate><ItemCode>7290004030414</ItemCode><ItemType>1</ItemType><ItemName>מיץ סחוט תפוזים 2 לי</ItemName><ManufacturerName>פריניב סחוט</ManufacturerName><ManufactureCountry>ישראל</ManufactureCountry><ManufacturerItemDescription>מיץ תפוזים 2 ליטר</ManufacturerItemDescription><SoldByWeight/><Quantity>2000.00</Quantity><UnitOfMeasure>מ"ל</UnitOfMeasure><QtyInPackage>לא ידוע</QtyInPackage><UnitOfMeasurePrice>0.0099</UnitOfMeasurePrice><AllowDiscount>1</AllowDiscount><ItemStatus>1</ItemStatus><ItemPrice>19.90</ItemPrice></item><item><PriceUpdateDate>2016-06-28 07:03:59</PriceUpdateDate><ItemCode>7290004030698</ItemCode><ItemType>1</ItemType><ItemName>נקטר חמוציות 2 ליטר</ItemName><ManufacturerName>פריניב סחוט</ManufacturerName><ManufactureCountry>ישראל</ManufactureCountry><ManufacturerItemDescription>נקטר חמוציות 2 ליטר</ManufacturerItemDescription><SoldByWeight/><Quantity>2000.00</Quantity><UnitOfMeasure>מ"ל</UnitOfMeasure><QtyInPackage>לא ידוע</QtyInPackage><UnitOfMeasurePrice>0.0099</UnitOfMeasurePrice><AllowDiscount>1</AllowDiscount><ItemStatus>1</ItemStatus><ItemPrice>19.90</ItemPrice></item><item><PriceUpdateDate>2016-06-28 07:03:59</PriceUpdateDate><ItemCode>7290004030834</ItemCode><ItemType>1</ItemType><ItemName>מב מיץ סחוט רימונים</ItemName><ManufacturerName>פריניב סחוט</ManufacturerName><ManufactureCountry>ישראל</ManufactureCountry><ManufacturerItemDescription>מיץ רימונים 1 100% ליטר</ManufacturerItemDescription><SoldByWeight/><Quantity>1000.00</Quantity><UnitOfMeasure>מ"ל</UnitOfMeasure><QtyInPackage>לא ידוע</QtyInPackage><UnitOfMeasurePrice>0.0199</UnitOfMeasurePrice><AllowDiscount>1</AllowDiscount><ItemStatus>1</ItemStatus><ItemPrice>19.90</ItemPrice></item><item><PriceUpdateDate>2016-08-02 09:29:53</PriceUpdateDate><ItemCode>7290004030964</ItemCode><ItemType>1</ItemType><ItemName>מב מיץ תפוח צלול 2 ל</ItemName><ManufacturerName>פריניב סחוט</ManufacturerName><ManufactureCountry>ישראל</ManufactureCountry><ManufacturerItemDescription>מב מיץ תפוח צלול 2 ל</ManufacturerItemDescription><SoldByWeight/><Quantity>2000.00</Quantity><UnitOfMeasure>מ"ל</UnitOfMeasure><QtyInPackage>לא ידוע</QtyInPackage><UnitOfMeasurePrice>0.0070</UnitOfMeasurePrice><AllowDiscount>1</AllowDiscount><ItemStatus>1</ItemStatus><ItemPrice>13.90</ItemPrice></item><item><PriceUpdateDate>2015-10-01 00:29:10</PriceUpdateDate><ItemCode>7290004063016</ItemCode><ItemType>1</ItemType><ItemName>מלח שולחן 1 קג</ItemName><ManufacturerName>סלית</ManufacturerName><ManufactureCountry>ישראל</ManufactureCountry><ManufacturerItemDescription>מלח שולחן מעולה דק 1 קג פ</ManufacturerItemDescription><SoldByWeight/><Quantity>1000.00</Quantity><UnitOfMeasure>גרם     </UnitOfMeasure><QtyInPackage>לא ידוע</QtyInPackage><UnitOfMeasurePrice>0.0021</UnitOfMeasurePrice><AllowDiscount>1</AllowDiscount><ItemStatus>1</ItemStatus><ItemPrice>2.07</ItemPrice></item><item><PriceUpdateDate>2015-10-01 00:29:10</PriceUpdateDate><ItemCode>7290004063115</ItemCode><ItemType>1</ItemType><ItemName>מלח בישול 1 קג</ItemName><ManufacturerName>לא ממותג</ManufacturerName><ManufactureCountry>ישראל</ManufactureCountry><ManufacturerItemDescription>מלח בישול1 קג     פיקוח</ManufacturerItemDescription><SoldByWeight/><Quantity>1000.00</Quantity><UnitOfMeasure>גרם     </UnitOfMeasure><QtyInPackage>לא ידוע</QtyInPackage><UnitOfMeasurePrice>0.0021</UnitOfMeasurePrice><AllowDiscount>1</AllowDiscount><ItemStatus>1</ItemStatus><ItemPrice>2.07</ItemPrice></item><item><PriceUpdateDate>2016-08-02 09:29:53</PriceUpdateDate><ItemCode>7290004068028</ItemCode><ItemType>1</ItemType><ItemName>מב משקה ציזיקי 500 מ</ItemName><ManufacturerName>גד</ManufacturerName><ManufactureCountry>ישראל</ManufactureCountry><ManufacturerItemDescription>משקה צזיקי 500 מל</ManufacturerItemDescription><SoldByWeight/><Quantity>500.00</Quantity><UnitOfMeasure>מ"ל</UnitOfMeasure><QtyInPackage>לא ידוע</QtyInPackage><UnitOfMeasurePrice>0.0160</UnitOfMeasurePrice><AllowDiscount>1</AllowDiscount><ItemStatus>1</ItemStatus><ItemPrice>8.00</ItemPrice></item><item><PriceUpdateDate>2015-11-10 07:32:24</PriceUpdateDate><ItemCode>7290004078690</ItemCode><ItemType>1</ItemType><ItemName>אג'קס לניקוי שרותים</ItemName><ManufacturerName>אג'קס</ManufacturerName><ManufactureCountry>צרפת</ManufactureCountry><ManufacturerItemDescription>אג'קס מרענן     750 מ"ל</ManufacturerItemDescription><SoldByWeight/><Quantity>750.00</Quantity><UnitOfMeasure>מ"ל</UnitOfMeasure><QtyInPackage>לא ידוע</QtyInPackage><UnitOfMeasurePrice>0.0247</UnitOfMeasurePrice><AllowDiscount>1</AllowDiscount><ItemStatus>1</ItemStatus><ItemPrice>18.50</ItemPrice></item><item><PriceUpdateDate>2016-08-07 20:02:47</PriceUpdateDate><ItemCode>7290004119133</ItemCode><ItemType>1</ItemType><ItemName>יוגורט כד 7% תנובה 1</ItemName><ManufacturerName>יוגורט כדים תנובה</ManufacturerName><ManufactureCountry>ישראל</ManufactureCountry><ManufacturerItemDescription>יוגורט כד 7% תנובה 1</ManufacturerItemDescription><SoldByWeight/><Quantity>1500.00</Quantity><UnitOfMeasure>מ"ל</UnitOfMeasure><QtyInPackage>לא ידוע</QtyInPackage><UnitOfMeasurePrice>0.0119</UnitOfMeasurePrice><AllowDiscount>1</AllowDiscount><ItemStatus>1</ItemStatus><ItemPrice>17.90</ItemPrice></item><item><PriceUpdateDate>2016-06-13 16:01:03</PriceUpdateDate><ItemCode>7290004119225</ItemCode><ItemType>1</ItemType><ItemName>יופלה אננס 3% 150 גר</ItemName><ManufacturerName>יופלה</ManufacturerName><ManufactureCountry>ישראל</ManufactureCountry><ManufacturerItemDescription>יופלה אננס 150 3% מל</ManufacturerItemDescription><SoldByWeight/><Quantity>150.00</Quantity><UnitOfMeasure>גרם     </UnitOfMeasure><QtyInPackage>לא ידוע</QtyInPackage><UnitOfMeasurePrice>0.0327</UnitOfMeasurePrice><AllowDiscount>1</AllowDiscount><ItemStatus>1</ItemStatus><ItemPrice>4.90</ItemPrice></item><item><PriceUpdateDate>2015-10-11 06:43:54</PriceUpdateDate><ItemCode>7290004119522</ItemCode><ItemType>1</ItemType><ItemName>שוקו תנובה בשקית 225</ItemName><ManufacturerName>שוק</ManufacturerName><ManufactureCountry>ישראל</ManufactureCountry><ManufacturerItemDescription>שוקו שוק בשקית 225 מל</ManufacturerItemDescription><SoldByWeight/><Quantity>225.00</Quantity><UnitOfMeasure>מ"ל</UnitOfMeasure><QtyInPackage>לא ידוע</QtyInPackage><UnitOfMeasurePrice>0.0129</UnitOfMeasurePrice><AllowDiscount>1</AllowDiscount><ItemStatus>1</ItemStatus><ItemPrice>2.90</ItemPrice></item><item><PriceUpdateDate>2015-10-19 10:44:33</PriceUpdateDate><ItemCode>7290004119928</ItemCode><ItemType>1</ItemType><ItemName>מעדן קרלו וניל 1.5%</ItemName><ManufacturerName>קרלו</ManufacturerName><ManufactureCountry>ישראל</ManufactureCountry><ManufacturerItemDescription>קרלו מעדן וניל125 3%מל</ManufacturerItemDescription><SoldByWeight/><Quantity>125.00</Quantity><UnitOfMeasure>גרם     </UnitOfMeasure><QtyInPackage>לא ידוע</QtyInPackage><UnitOfMeasurePrice>0.0240</UnitOfMeasurePrice><AllowDiscount>1</AllowDiscount><ItemStatus>1</ItemStatus><ItemPrice>3.00</ItemPrice></item><item><PriceUpdateDate>2015-10-11 06:43:54</PriceUpdateDate><ItemCode>7290004119973</ItemCode><ItemType>1</ItemType><ItemName>מעדן קרלו שוקו 1.5%</ItemName><ManufacturerName>קרלו</ManufacturerName><ManufactureCountry>ישראל</ManufactureCountry><ManufacturerItemDescription>קרלו מעדן שוקו125 3% מל</ManufacturerItemDescription><SoldByWeight/><Quantity>125.00</Quantity><UnitOfMeasure>מ"ל</UnitOfMeasure><QtyInPackage>לא ידוע</QtyInPackage><UnitOfMeasurePrice>0.0240</UnitOfMeasurePrice><AllowDiscount>1</AllowDiscount><ItemStatus>1</ItemStatus><ItemPrice>3.00</ItemPrice></item><item><PriceUpdateDate>2015-10-11 06:43:54</PriceUpdateDate><ItemCode>7290004120061</ItemCode><ItemType>1</ItemType><ItemName>מעדן קרלו שוניל 1.5%</ItemName><ManufacturerName>קרלו</ManufacturerName><ManufactureCountry>ישראל</ManufactureCountry><ManufacturerItemDescription>קרלו מעדן שוניל 125 1.5%</ManufacturerItemDescription><SoldByWeight/><Quantity>125.00</Quantity><UnitOfMeasure>גרם     </UnitOfMeasure><QtyInPackage>לא ידוע</QtyInPackage><UnitOfMeasurePrice>0.0248</UnitOfMeasurePrice><AllowDiscount>1</AllowDiscount><ItemStatus>1</ItemStatus><ItemPrice>3.10</ItemPrice></item><item><PriceUpdateDate>2016-02-15 14:30:51</PriceUpdateDate><ItemCode>7290004120108</ItemCode><ItemType>1</ItemType><ItemName>יופלה דיאט דובדבן 0%</ItemName><ManufacturerName>יופלה</ManufacturerName><ManufactureCountry>ישראל</ManufactureCountry><ManufacturerItemDescription>יופלה דיאט דובדבן 150 מל</ManufacturerItemDescription><SoldByWeight/><Quantity>150.00</Quantity><UnitOfMeasure>גרם     </UnitOfMeasure><QtyInPackage>לא ידוע</QtyInPackage><UnitOfMeasurePrice>0.0353</UnitOfMeasurePrice><AllowDiscount>1</AllowDiscount><ItemStatus>1</ItemStatus><ItemPrice>5.30</ItemPrice></item><item><PriceUpdateDate>2016-03-29 07:51:06</PriceUpdateDate><ItemCode>7290004120269</ItemCode><ItemType>1</ItemType><ItemName>שוקו תנובה בשקית מאר</ItemName><ManufacturerName>תנובה</ManufacturerName><ManufactureCountry>ישראל</ManufactureCountry><ManufacturerItemDescription>שוקו מאגדת שקיות 225*6 מל</ManufacturerItemDescription><SoldByWeight/><Quantity>1350.00</Quantity><UnitOfMeasure>מ"ל</UnitOfMeasure><QtyInPackage>לא ידוע</QtyInPackage><UnitOfMeasurePrice>0.0124</UnitOfMeasurePrice><AllowDiscount>1</AllowDiscount><ItemStatus>1</ItemStatus><ItemPrice>16.70</ItemPrice></item><item><PriceUpdateDate>2016-08-02 09:29:53</PriceUpdateDate><ItemCode>7290004120566</ItemCode><ItemType>1</ItemType><ItemName>גבינה בולגרית 24% פי</ItemName><ManufacturerName>פיראוס</ManufacturerName><ManufactureCountry>ישראל</ManufactureCountry><ManufacturerItemDescription>גבינה בולגרית פיראוס250-2</ManufacturerItemDescription><SoldByWeight/><Quantity>250.00</Quantity><UnitOfMeasure>גרם     </UnitOfMeasure><QtyInPackage>לא ידוע</QtyInPackage><UnitOfMeasurePrice>0.0960</UnitOfMeasurePrice><AllowDiscount>1</AllowDiscount><ItemStatus>1</ItemStatus><ItemPrice>24.00</ItemPrice></item><item><PriceUpdateDate>2016-08-02 09:29:53</PriceUpdateDate><ItemCode>7290004120573</ItemCode><ItemType>1</ItemType><ItemName>גבינה בולגרית 16% פי</ItemName><ManufacturerName>פיראוס</ManufacturerName><ManufactureCountry>ישראל</ManufactureCountry><ManufacturerItemDescription>גבינה בולגרית פיראוס250-1</ManufacturerItemDescription><SoldByWeight/><Quantity>250.00</Quantity><UnitOfMeasure>גרם     </UnitOfMeasure><QtyInPackage>לא ידוע</QtyInPackage><UnitOfMeasurePrice>0.0960</UnitOfMeasurePrice><AllowDiscount>1</AllowDiscount><ItemStatus>1</ItemStatus><ItemPrice>24.00</ItemPrice></item><item><PriceUpdateDate>2016-08-02 09:29:53</PriceUpdateDate><ItemCode>7290004120634</ItemCode><ItemType>1</ItemType><ItemName>גבינה בולגית 5% פירא</ItemName><ManufacturerName>פיראוס</ManufacturerName><ManufactureCountry>ישראל</ManufactureCountry><ManufacturerItemDescription>גבינה בולגרית פיראוס250-5</ManufacturerItemDescription><SoldByWeight/><Quantity>250.00</Quantity><UnitOfMeasure>גרם     </UnitOfMeasure><QtyInPackage>לא ידוע</QtyInPackage><UnitOfMeasurePrice>0.0908</UnitOfMeasurePrice><AllowDiscount>1</AllowDiscount><ItemStatus>1</ItemStatus><ItemPrice>22.70</ItemPrice></item><item><PriceUpdateDate>2016-04-25 14:21:24</PriceUpdateDate><ItemCode>7290004120832</ItemCode><ItemType>1</ItemType><ItemName>חלב כד 3% מהדרין 2 ל</ItemName><ManufacturerName>חלב תנובה</ManufacturerName><ManufactureCountry>ישראל</ManufactureCountry><ManufacturerItemDescription>חלב כד 3% מהדרין 2 ל</ManufacturerItemDescription><SoldByWeight/><Quantity>2000.00</Quantity><UnitOfMeasure>מ"ל</UnitOfMeasure><QtyInPackage>לא ידוע</QtyInPackage><UnitOfMeasurePrice>0.0058</UnitOfMeasurePrice><AllowDiscount>1</AllowDiscount><ItemStatus>1</ItemStatus><ItemPrice>11.50</ItemPrice></item><item><PriceUpdateDate>2016-06-13 16:01:03</PriceUpdateDate><ItemCode>7290004121754</ItemCode><ItemType>1</ItemType><ItemName>יופלה עוגת גבינה 3%</ItemName><ManufacturerName>יופלה</ManufacturerName><ManufactureCountry>ישראל</ManufactureCountry><ManufacturerItemDescription>יופלה עוגת קרם גבינה ותות</ManufacturerItemDescription><SoldByWeight/><Quantity>150.00</Quantity><UnitOfMeasure>גרם     </UnitOfMeasure><QtyInPackage>לא ידוע</QtyInPackage><UnitOfMeasurePrice>0.0327</UnitOfMeasurePrice><AllowDiscount>1</AllowDiscount><ItemStatus>1</ItemStatus><ItemPrice>4.90</ItemPrice></item><item><PriceUpdateDate>2016-08-02 09:29:53</PriceUpdateDate><ItemCode>7290004121839</ItemCode><ItemType>1</ItemType><ItemName>מב פטה כבשים פיראוס</ItemName><ManufacturerName>פיראוס</ManufacturerName><ManufactureCountry>ישראל</ManufactureCountry><ManufacturerItemDescription>מב פטה כבשים פיראוס</ManufacturerItemDescription><SoldByWeight/><Quantity>250.00</Quantity><UnitOfMeasure>גרם     </UnitOfMeasure><QtyInPackage>לא ידוע</QtyInPackage><UnitOfMeasurePrice>0.0876</UnitOfMeasurePrice><AllowDiscount>1</AllowDiscount><ItemStatus>1</ItemStatus><ItemPrice>21.90</ItemPrice></item><item><PriceUpdateDate>2016-08-10 06:57:37</PriceUpdateDate><ItemCode>7290004121945</ItemCode><ItemType>1</ItemType><ItemName>מב חלב טרי הומוגני 2</ItemName><ManufacturerName>חלב תנובה</ManufacturerName><ManufactureCountry>ישראל</ManufactureCountry><ManufacturerItemDescription>מב חלב טרי הומוגני 2</ManufacturerItemDescription><SoldByWeight/><Quantity>1500.00</Quantity><UnitOfMeasure>ליטר    </UnitOfMeasure><QtyInPackage>לא ידוע</QtyInPackage><UnitOfMeasurePrice>0.0053</UnitOfMeasurePrice><AllowDiscount>1</AllowDiscount><ItemStatus>1</ItemStatus><ItemPrice>7.90</ItemPrice></item><item><PriceUpdateDate>2016-06-14 14:54:26</PriceUpdateDate><ItemCode>7290004122089</ItemCode><ItemType>1</ItemType><ItemName>גבינת עמק פתיתים 200</ItemName><ManufacturerName>שף לבן</ManufacturerName><ManufactureCountry>ישראל</ManufactureCountry><ManufacturerItemDescription>פתיתי עמק למאפים 200 גרם</ManufacturerItemDescription><SoldByWeight/><Quantity>200.00</Quantity><UnitOfMeasure>גרם     </UnitOfMeasure><QtyInPackage>לא ידוע</QtyInPackage><UnitOfMeasurePrice>0.0730</UnitOfMeasurePrice><AllowDiscount>1</AllowDiscount><ItemStatus>1</ItemStatus><ItemPrice>14.60</ItemPrice></item><item><PriceUpdateDate>2016-06-14 14:54:26</PriceUpdateDate><ItemCode>7290004122119</ItemCode><ItemType>1</ItemType><ItemName>גבינת פתיתי פרמזן לפ</ItemName><ManufacturerName>שף לבן</ManufacturerName><ManufactureCountry>ישראל</ManufactureCountry><ManufacturerItemDescription>פרמזן פתיתים100 גר</ManufacturerItemDescription><SoldByWeight/><Quantity>1000.00</Quantity><UnitOfMeasure>גרם     </UnitOfMeasure><QtyInPackage>לא ידוע</QtyInPackage><UnitOfMeasurePrice>0.0122</UnitOfMeasurePrice><AllowDiscount>1</AllowDiscount><ItemStatus>1</ItemStatus><ItemPrice>12.20</ItemPrice></item><item><PriceUpdateDate>2016-02-16 09:21:54</PriceUpdateDate><ItemCode>7290004122195</ItemCode><ItemType>1</ItemType><ItemName>צהובה גוש חלב 28% פר</ItemName><ManufacturerName>גוש חלב</ManufacturerName><ManufactureCountry>ישראל</ManufactureCountry><ManufacturerItemDescription>צהובה גוש חלב 28% פר</ManufacturerItemDescription><SoldByWeight/><Quantity>200.00</Quantity><UnitOfMeasure>גרם     </UnitOfMeasure><QtyInPackage>לא ידוע</QtyInPackage><UnitOfMeasurePrice>0.0695</UnitOfMeasurePrice><AllowDiscount>1</AllowDiscount><ItemStatus>1</ItemStatus><ItemPrice>13.90</ItemPrice></item><item><PriceUpdateDate>2015-10-01 00:29:10</PriceUpdateDate><ItemCode>7290004122270</ItemCode><ItemType>1</ItemType><ItemName>גבינה עמק פרוס 200 ג</ItemName><ManufacturerName>עמק</ManufacturerName><ManufactureCountry>ישראל</ManufactureCountry><ManufacturerItemDescription>גבינה עמק פרוס פתיחה חוזר</ManufacturerItemDescription><SoldByWeight/><Quantity>200.00</Quantity><UnitOfMeasure>גרם     </UnitOfMeasure><QtyInPackage>לא ידוע</QtyInPackage><UnitOfMeasurePrice>0.0765</UnitOfMeasurePrice><AllowDiscount>1</AllowDiscount><ItemStatus>1</ItemStatus><ItemPrice>15.30</ItemPrice></item><item><PriceUpdateDate>2015-10-11 06:43:54</PriceUpdateDate><ItemCode>7290004122348</ItemCode><ItemType>1</ItemType><ItemName>גבינת עמק לייט 9% 20</ItemName><ManufacturerName>עמק</ManufacturerName><ManufactureCountry>ישראל</ManufactureCountry><ManufacturerItemDescription>גבינה קשה עמק לייט200 9%</ManufacturerItemDescription><SoldByWeight/><Quantity>200.00</Quantity><UnitOfMeasure>גרם     </UnitOfMeasure><QtyInPackage>לא ידוע</QtyInPackage><UnitOfMeasurePrice>0.0835</UnitOfMeasurePrice><AllowDiscount>1</AllowDiscount><ItemStatus>1</ItemStatus><ItemPrice>16.70</ItemPrice></item><item><PriceUpdateDate>2016-06-17 11:39:12</PriceUpdateDate><ItemCode>7290004122560</ItemCode><ItemType>1</ItemType><ItemName>פתיתי עמק למאפה השף</ItemName><ManufacturerName>שף לבן</ManufacturerName><ManufactureCountry>ישראל</ManufactureCountry><ManufacturerItemDescription>פתיתי עמק למאפה השף</ManufacturerItemDescription><SoldByWeight/><Quantity>500.00</Quantity><UnitOfMeasure>גרם     </UnitOfMeasure><QtyInPackage>לא ידוע</QtyInPackage><UnitOfMeasurePrice>0.0678</UnitOfMeasurePrice><AllowDiscount>1</AllowDiscount><ItemStatus>1</ItemStatus><ItemPrice>33.90</ItemPrice></item><item><PriceUpdateDate>2015-10-11 06:43:54</PriceUpdateDate><ItemCode>7290004122676</ItemCode><ItemType>1</ItemType><ItemName>גבינת חמד פיראוס ליי</ItemName><ManufacturerName>פיראוס</ManufacturerName><ManufactureCountry>ישראל</ManufactureCountry><ManufacturerItemDescription>גבינת חמד פיראוס ליי</ManufacturerItemDescription><SoldByWeight/><Quantity>250.00</Quantity><UnitOfMeasure>גרם     </UnitOfMeasure><QtyInPackage>לא ידוע</QtyInPackage><UnitOfMeasurePrice>0.0700</UnitOfMeasurePrice><AllowDiscount>1</AllowDiscount><ItemStatus>1</ItemStatus><ItemPrice>17.50</ItemPrice></item><item><PriceUpdateDate>2015-10-19 10:44:33</PriceUpdateDate><ItemCode>7290004122683</ItemCode><ItemType>1</ItemType><ItemName>אצבעות עמק 172 גרם</ItemName><ManufacturerName>עמק</ManufacturerName><ManufactureCountry>ישראל</ManufactureCountry><ManufacturerItemDescription>אצבעות גבינה עמק 172 גרם</ManufacturerItemDescription><SoldByWeight/><Quantity>172.00</Quantity><UnitOfMeasure>גרם     </UnitOfMeasure><QtyInPackage>לא ידוע</QtyInPackage><UnitOfMeasurePrice>0.0959</UnitOfMeasurePrice><AllowDiscount>1</AllowDiscount><ItemStatus>1</ItemStatus><ItemPrice>16.50</ItemPrice></item><item><PriceUpdateDate>2016-08-10 06:57:37</PriceUpdateDate><ItemCode>7290004123284</ItemCode><ItemType>1</ItemType><ItemName>מב גבינה לבנה רכה 5%</ItemName><ManufacturerName>גבינות תנובה</ManufacturerName><ManufactureCountry>ישראל</ManufactureCountry><ManufacturerItemDescription>מב גבינה לבנה רכה 5%</ManufacturerItemDescription><SoldByWeight/><Quantity>250.00</Quantity><UnitOfMeasure>גרם     </UnitOfMeasure><QtyInPackage>לא ידוע</QtyInPackage><UnitOfMeasurePrice>0.0160</UnitOfMeasurePrice><AllowDiscount>1</AllowDiscount><ItemStatus>1</ItemStatus><ItemPrice>4.00</ItemPrice></item><item><PriceUpdateDate>2016-02-15 14:30:51</PriceUpdateDate><ItemCode>7290004124205</ItemCode><ItemType>1</ItemType><ItemName>יופלה דיאט תות 0% 15</ItemName><ManufacturerName>יופלה</ManufacturerName><ManufactureCountry>ישראל</ManufactureCountry><ManufacturerItemDescription>יופלה דיאט תות 150 מל</ManufacturerItemDescription><SoldByWeight/><Quantity>150.00</Quantity><UnitOfMeasure>גרם     </UnitOfMeasure><QtyInPackage>לא ידוע</QtyInPackage><UnitOfMeasurePrice>0.0353</UnitOfMeasurePrice><AllowDiscount>1</AllowDiscount><ItemStatus>1</ItemStatus><ItemPrice>5.30</ItemPrice></item><item><PriceUpdateDate>2015-10-11 06:43:54</PriceUpdateDate><ItemCode>7290004125370</ItemCode><ItemType>1</ItemType><ItemName>שמנת תנובה 9% שומן</ItemName><ManufacturerName>חלב תנובה</ManufacturerName><ManufactureCountry>ישראל</ManufactureCountry><ManufacturerItemDescription>שמנת תנובה 200 9% מל</ManufacturerItemDescription><SoldByWeight/><Quantity>200.00</Quantity><UnitOfMeasure>מ"ל</UnitOfMeasure><QtyInPackage>לא ידוע</QtyInPackage><UnitOfMeasurePrice>0.0185</UnitOfMeasurePrice><AllowDiscount>1</AllowDiscount><ItemStatus>1</ItemStatus><ItemPrice>3.70</ItemPrice></item><item><PriceUpdateDate>2016-02-11 06:58:46</PriceUpdateDate><ItemCode>7290004125400</ItemCode><ItemType>1</ItemType><ItemName>אשל לבן 4.5% 200 מ"ל</ItemName><ManufacturerName>אשל</ManufacturerName><ManufactureCountry>ישראל</ManufactureCountry><ManufacturerItemDescription>שלי אשל200 מל מהדרין פיקו</ManufacturerItemDescription><SoldByWeight/><Quantity>200.00</Quantity><UnitOfMeasure>מ"ל</UnitOfMeasure><QtyInPackage>לא ידוע</QtyInPackage><UnitOfMeasurePrice>0.0078</UnitOfMeasurePrice><AllowDiscount>1</AllowDiscount><ItemStatus>1</ItemStatus><ItemPrice>1.55</ItemPrice></item><item><PriceUpdateDate>2016-02-11 06:58:46</PriceUpdateDate><ItemCode>7290004125417</ItemCode><ItemType>1</ItemType><ItemName>גיל לבן 3% 200 מ"ל ת</ItemName><ManufacturerName>גיל</ManufacturerName><ManufactureCountry>ישראל</ManufactureCountry><ManufacturerItemDescription>שלי גיל200 מל    פיקוח</ManufacturerItemDescription><SoldByWeight/><Quantity>200.00</Quantity><UnitOfMeasure>מ"ל</UnitOfMeasure><QtyInPackage>לא ידוע</QtyInPackage><UnitOfMeasurePrice>0.0070</UnitOfMeasurePrice><AllowDiscount>1</AllowDiscount><ItemStatus>1</ItemStatus><ItemPrice>1.40</ItemPrice></item><item><PriceUpdateDate>2016-02-11 06:58:46</PriceUpdateDate><ItemCode>7290004125455</ItemCode><ItemType>1</ItemType><ItemName>שמנת תנובה 15% 200 מ</ItemName><ManufacturerName>חלב תנובה</ManufacturerName><ManufactureCountry>ישראל</ManufactureCountry><ManufacturerItemDescription>שמנת תנובה200 15% מל  פיק</ManufacturerItemDescription><SoldByWeight/><Quantity>200.00</Quantity><UnitOfMeasure>מ"ל</UnitOfMeasure><QtyInPackage>לא ידוע</QtyInPackage><UnitOfMeasurePrice>0.0110</UnitOfMeasurePrice><AllowDiscount>1</AllowDiscount><ItemStatus>1</ItemStatus><ItemPrice>2.20</ItemPrice></item><item><PriceUpdateDate>2015-07-27 09:18:29</PriceUpdateDate><ItemCode>7290004125509</ItemCode><ItemType>1</ItemType><ItemName>שמנת אורגינל 15% חצי</ItemName><ManufacturerName>חלב תנובה</ManufacturerName><ManufactureCountry>ישראל</ManufactureCountry><ManufacturerItemDescription>שמנת תנובה 15% חצי מנה 10</ManufacturerItemDescription><SoldByWeight/><Quantity>100.00</Quantity><UnitOfMeasure>מ"ל</UnitOfMeasure><QtyInPackage>לא ידוע</QtyInPackage><UnitOfMeasurePrice>0.0190</UnitOfMeasurePrice><AllowDiscount>1</AllowDiscount><ItemStatus>1</ItemStatus><ItemPrice>1.90</ItemPrice></item><item><PriceUpdateDate>2016-08-02 09:29:53</PriceUpdateDate><ItemCode>7290004125578</ItemCode><ItemType>1</ItemType><ItemName>מב משקה סויה מעושר ב</ItemName><ManufacturerName>סו תנובה</ManufacturerName><ManufactureCountry>ישראל</ManufactureCountry><ManufacturerItemDescription>משקה סויה מועשר בסידן 1 ל</ManufacturerItemDescription><SoldByWeight/><Quantity>1000.00</Quantity><UnitOfMeasure>מ"ל</UnitOfMeasure><QtyInPackage>לא ידוע</QtyInPackage><UnitOfMeasurePrice>0.0089</UnitOfMeasurePrice><AllowDiscount>0</AllowDiscount><ItemStatus>1</ItemStatus><ItemPrice>8.90</ItemPrice></item><item><PriceUpdateDate>2016-08-02 09:29:54</PriceUpdateDate><ItemCode>7290004125585</ItemCode><ItemType>1</ItemType><ItemName>מב משקה סויה על הבוק</ItemName><ManufacturerName>סו תנובה</ManufacturerName><ManufactureCountry>ישראל</ManufactureCountry><ManufacturerItemDescription>משקה סויה על הבוקר וניל 1</ManufacturerItemDescription><SoldByWeight/><Quantity>1000.00</Quantity><UnitOfMeasure>מ"ל</UnitOfMeasure><QtyInPackage>לא ידוע</QtyInPackage><UnitOfMeasurePrice>0.0089</UnitOfMeasurePrice><AllowDiscount>0</AllowDiscount><ItemStatus>1</ItemStatus><ItemPrice>8.90</ItemPrice></item><item><PriceUpdateDate>2016-02-16 09:21:54</PriceUpdateDate><ItemCode>7290004125721</ItemCode><ItemType>1</ItemType><ItemName>שמנת לבישול15% השף ה</ItemName><ManufacturerName>שף לבן</ManufacturerName><ManufactureCountry>ישראל</ManufactureCountry><ManufacturerItemDescription>שמנת לבישול 250 15% מל</ManufacturerItemDescription><SoldByWeight/><Quantity>250.00</Quantity><UnitOfMeasure>מ"ל</UnitOfMeasure><QtyInPackage>לא ידוע</QtyInPackage><UnitOfMeasurePrice>0.0376</UnitOfMeasurePrice><AllowDiscount>1</AllowDiscount><ItemStatus>1</ItemStatus><ItemPrice>9.40</ItemPrice></item><item><PriceUpdateDate>2016-02-25 07:11:30</PriceUpdateDate><ItemCode>7290004125738</ItemCode><ItemType>1</ItemType><ItemName>שמנת להקצפה 32% 250</ItemName><ManufacturerName>שף לבן</ManufacturerName><ManufactureCountry>ישראל</ManufactureCountry><ManufacturerItemDescription>שמנת להקצפה 250 - 32% מל</ManufacturerItemDescription><SoldByWeight/><Quantity>250.00</Quantity><UnitOfMeasure>מ"ל</UnitOfMeasure><QtyInPackage>לא ידוע</QtyInPackage><UnitOfMeasurePrice>0.0276</UnitOfMeasurePrice><AllowDiscount>1</AllowDiscount><ItemStatus>1</ItemStatus><ItemPrice>6.90</ItemPrice></item><item><PriceUpdateDate>2015-10-11 06:43:54</PriceUpdateDate><ItemCode>7290004126674</ItemCode><ItemType>1</ItemType><ItemName>גבינה צהובה טל העמק</ItemName><ManufacturerName>עמק</ManufacturerName><ManufactureCountry>ישראל</ManufactureCountry><ManufacturerItemDescription>גבינהקשה טל העמק לייט200</ManufacturerItemDescription><SoldByWeight/><Quantity>200.00</Quantity><UnitOfMeasure>גרם     </UnitOfMeasure><QtyInPackage>לא ידוע</QtyInPackage><UnitOfMeasurePrice>0.0945</UnitOfMeasurePrice><AllowDiscount>1</AllowDiscount><ItemStatus>1</ItemStatus><ItemPrice>18.90</ItemPrice></item><item><PriceUpdateDate>2016-02-15 14:30:51</PriceUpdateDate><ItemCode>7290004126759</ItemCode><ItemType>1</ItemType><ItemName>יופלה דיאט פירות יער</ItemName><ManufacturerName>יופלה</ManufacturerName><ManufactureCountry>ישראל</ManufactureCountry><ManufacturerItemDescription>יופלה דיאט פירות יער 150</ManufacturerItemDescription><SoldByWeight/><Quantity>150.00</Quantity><UnitOfMeasure>גרם     </UnitOfMeasure><QtyInPackage>לא ידוע</QtyInPackage><UnitOfMeasurePrice>0.0353</UnitOfMeasurePrice><AllowDiscount>1</AllowDiscount><ItemStatus>1</ItemStatus><ItemPrice>5.30</ItemPrice></item><item><PriceUpdateDate>2016-05-31 06:16:18</PriceUpdateDate><ItemCode>7290004126872</ItemCode><ItemType>1</ItemType><ItemName>שוקו תנובה 250 מ"ל</ItemName><ManufacturerName>שוק</ManufacturerName><ManufactureCountry>ישראל</ManufactureCountry><ManufacturerItemDescription>שוקו בקבוק 250 מל מהדרין</ManufacturerItemDescription><SoldByWeight/><Quantity>250.00</Quantity><UnitOfMeasure>מ"ל</UnitOfMeasure><QtyInPackage>לא ידוע</QtyInPackage><UnitOfMeasurePrice>0.0228</UnitOfMeasurePrice><AllowDiscount>1</AllowDiscount><ItemStatus>1</ItemStatus><ItemPrice>5.70</ItemPrice></item><item><PriceUpdateDate>2015-11-12 06:47:49</PriceUpdateDate><ItemCode>7290004127077</ItemCode><ItemType>1</ItemType><ItemName>קוטג' 3% מהדרין 250</ItemName><ManufacturerName>קוטג תנובה</ManufacturerName><ManufactureCountry>ישראל</ManufactureCountry><ManufacturerItemDescription>קוטג 250 3% גרם</ManufacturerItemDescription><SoldByWeight/><Quantity>250.00</Quantity><UnitOfMeasure>גרם     </UnitOfMeasure><QtyInPackage>לא ידוע</QtyInPackage><UnitOfMeasurePrice>0.0228</UnitOfMeasurePrice><AllowDiscount>1</AllowDiscount><ItemStatus>1</ItemStatus><ItemPrice>5.70</ItemPrice></item><item><PriceUpdateDate>2015-10-01 00:29:10</PriceUpdateDate><ItemCode>7290004127329</ItemCode><ItemType>1</ItemType><ItemName>קוטג' 5% מהדרין 250</ItemName><ManufacturerName>קוטג תנובה</ManufacturerName><ManufactureCountry>ישראל</ManufactureCountry><ManufacturerItemDescription>קוטג250 5% גר.בעלז</ManufacturerItemDescription><SoldByWeight/><Quantity>250.00</Quantity><UnitOfMeasure>גרם     </UnitOfMeasure><QtyInPackage>לא ידוע</QtyInPackage><UnitOfMeasurePrice>0.0228</UnitOfMeasurePrice><AllowDiscount>1</AllowDiscount><ItemStatus>1</ItemStatus><ItemPrice>5.70</ItemPrice></item><item><PriceUpdateDate>2015-01-27 10:34:41</PriceUpdateDate><ItemCode>7290004127459</ItemCode><ItemType>1</ItemType><ItemName>יופלהפרנץ ונילה בד''</ItemName><ManufacturerName>יופלה בד"צ</ManufacturerName><ManufactureCountry>ישראל</ManufactureCountry><ManufacturerItemDescription>יופלהפרנץ ונילה בד''</ManufacturerItemDescription><SoldByWeight/><Quantity>150.00</Quantity><UnitOfMeasure>מ"ל</UnitOfMeasure><QtyInPackage>לא ידוע</QtyInPackage><UnitOfMeasurePrice>0.0313</UnitOfMeasurePrice><AllowDiscount>1</AllowDiscount><ItemStatus>1</ItemStatus><ItemPrice>4.70</ItemPrice></item><item><PriceUpdateDate>2016-05-22 14:14:00</PriceUpdateDate><ItemCode>7290004127800</ItemCode><ItemType>1</ItemType><ItemName>גבינה לבנה 5% 500 גר</ItemName><ManufacturerName>גבינות תנובה</ManufacturerName><ManufactureCountry>ישראל</ManufactureCountry><ManufacturerItemDescription>גבינה למריחה 500 5% גרם</ManufacturerItemDescription><SoldByWeight/><Quantity>500.00</Quantity><UnitOfMeasure>גרם     </UnitOfMeasure><QtyInPackage>לא ידוע</QtyInPackage><UnitOfMeasurePrice>0.0184</UnitOfMeasurePrice><AllowDiscount>1</AllowDiscount><ItemStatus>1</ItemStatus><ItemPrice>9.20</ItemPrice></item><item><PriceUpdateDate>2016-07-20 07:00:57</PriceUpdateDate><ItemCode>7290004127817</ItemCode><ItemType>1</ItemType><ItemName>גבינה לבנה 9% 500 גר</ItemName><ManufacturerName>גבינות תנובה</ManufacturerName><ManufactureCountry>ישראל</ManufactureCountry><ManufacturerItemDescription>גבינה לבנה 9% 500 גר</ManufacturerItemDescription><SoldByWeight/><Quantity>500.00</Quantity><UnitOfMeasure>גרם     </UnitOfMeasure><QtyInPackage>לא ידוע</QtyInPackage><UnitOfMeasurePrice>0.0184</UnitOfMeasurePrice><AllowDiscount>1</AllowDiscount><ItemStatus>1</ItemStatus><ItemPrice>9.20</ItemPrice></item><item><PriceUpdateDate>2016-02-11 06:58:46</PriceUpdateDate><ItemCode>7290004127862</ItemCode><ItemType>1</ItemType><ItemName>גבינה לבנה 5% 750 גר</ItemName><ManufacturerName>גבינות תנובה</ManufacturerName><ManufactureCountry>ישראל</ManufactureCountry><ManufacturerItemDescription>גבינה לבנה 5% 750 גר</ManufacturerItemDescription><SoldByWeight/><Quantity>750.00</Quantity><UnitOfMeasure>גרם     </UnitOfMeasure><QtyInPackage>לא ידוע</QtyInPackage><UnitOfMeasurePrice>0.0184</UnitOfMeasurePrice><AllowDiscount>1</AllowDiscount><ItemStatus>1</ItemStatus><ItemPrice>13.80</ItemPrice></item><item><PriceUpdateDate>2016-07-20 07:00:57</PriceUpdateDate><ItemCode>7290004127916</ItemCode><ItemType>1</ItemType><ItemName>גבינה לבנה 1/2% 500</ItemName><ManufacturerName>גבינות תנובה</ManufacturerName><ManufactureCountry>ישראל</ManufactureCountry><ManufacturerItemDescription>גבינה לבנה 1/2% 500</ManufacturerItemDescription><SoldByWeight/><Quantity>500.00</Quantity><UnitOfMeasure>גרם     </UnitOfMeasure><QtyInPackage>לא ידוע</QtyInPackage><UnitOfMeasurePrice>0.0184</UnitOfMeasurePrice><AllowDiscount>1</AllowDiscount><ItemStatus>1</ItemStatus><ItemPrice>9.20</ItemPrice></item><item><PriceUpdateDate>2015-11-10 07:32:25</PriceUpdateDate><ItemCode>7290004128272</ItemCode><ItemType>1</ItemType><ItemName>גבינת עמק בסגנון אמר</ItemName><ManufacturerName>טוסטי</ManufacturerName><ManufactureCountry>ישראל</ManufactureCountry><ManufacturerItemDescription>גבינת עמק בסגנון אמר</ManufacturerItemDescription><SoldByWeight/><Quantity>200.00</Quantity><UnitOfMeasure>גרם     </UnitOfMeasure><QtyInPackage>לא ידוע</QtyInPackage><UnitOfMeasurePrice>0.0990</UnitOfMeasurePrice><AllowDiscount>1</AllowDiscount><ItemStatus>1</ItemStatus><ItemPrice>19.80</ItemPrice></item><item><PriceUpdateDate>2016-06-14 14:54:26</PriceUpdateDate><ItemCode>7290004128432</ItemCode><ItemType>1</ItemType><ItemName>פתיתים מיוחדים לפיצה</ItemName><ManufacturerName>שף לבן</ManufacturerName><ManufactureCountry>ישראל</ManufactureCountry><ManufacturerItemDescription>פתיתים מיוחדים לפיצה</ManufacturerItemDescription><SoldByWeight/><Quantity>500.00</Quantity><UnitOfMeasure>גרם     </UnitOfMeasure><QtyInPackage>לא ידוע</QtyInPackage><UnitOfMeasurePrice>0.0446</UnitOfMeasurePrice><AllowDiscount>1</AllowDiscount><ItemStatus>1</ItemStatus><ItemPrice>22.30</ItemPrice></item><item><PriceUpdateDate>2016-08-02 09:29:54</PriceUpdateDate><ItemCode>7290004129101</ItemCode><ItemType>1</ItemType><ItemName>מב גבינת נפוליאון טב</ItemName><ManufacturerName>נפוליאון</ManufacturerName><ManufactureCountry>ישראל</ManufactureCountry><ManufacturerItemDescription>גבינהשמנ.נפולאון טעם טבעי</ManufacturerItemDescription><SoldByWeight/><Quantity>225.00</Quantity><UnitOfMeasure>גרם     </UnitOfMeasure><QtyInPackage>לא ידוע</QtyInPackage><UnitOfMeasurePrice>0.0444</UnitOfMeasurePrice><AllowDiscount>1</AllowDiscount><ItemStatus>1</ItemStatus><ItemPrice>10.00</ItemPrice></item><item><PriceUpdateDate>2016-08-02 09:29:54</PriceUpdateDate><ItemCode>7290004129118</ItemCode><ItemType>1</ItemType><ItemName>מב גבינת נפוליאון בט</ItemName><ManufacturerName>נפוליאון</ManufacturerName><ManufactureCountry>ישראל</ManufactureCountry><ManufacturerItemDescription>גבינהשמנ.נפולאון זיתים 22</ManufacturerItemDescription><SoldByWeight/><Quantity>225.00</Quantity><UnitOfMeasure>גרם     </UnitOfMeasure><QtyInPackage>לא ידוע</QtyInPackage><UnitOfMeasurePrice>0.0444</UnitOfMeasurePrice><AllowDiscount>1</AllowDiscount><ItemStatus>1</ItemStatus><ItemPrice>10.00</ItemPrice></item><item><PriceUpdateDate>2016-08-02 09:29:54</PriceUpdateDate><ItemCode>7290004129156</ItemCode><ItemType>1</ItemType><ItemName>מב גבינת נפוליאון בט</ItemName><ManufacturerName>נפוליאון</ManufacturerName><ManufactureCountry>ישראל</ManufactureCountry><ManufacturerItemDescription>גבינהשמנ.נפולאון שום שמיר</ManufacturerItemDescription><SoldByWeight/><Quantity>225.00</Quantity><UnitOfMeasure>גרם     </UnitOfMeasure><QtyInPackage>לא ידוע</QtyInPackage><UnitOfMeasurePrice>0.0444</UnitOfMeasurePrice><AllowDiscount>1</AllowDiscount><ItemStatus>1</ItemStatus><ItemPrice>10.00</ItemPrice></item><item><PriceUpdateDate>2016-08-10 06:57:37</PriceUpdateDate><ItemCode>7290004129545</ItemCode><ItemType>1</ItemType><ItemName>מב גבינה לבנה 3% 250</ItemName><ManufacturerName>גבינות תנובה</ManufacturerName><ManufactureCountry>ישראל</ManufactureCountry><ManufacturerItemDescription>גבינה לבנה 250 3% גרם</ManufacturerItemDescription><SoldByWeight/><Quantity>250.00</Quantity><UnitOfMeasure>גרם     </UnitOfMeasure><QtyInPackage>לא ידוע</QtyInPackage><UnitOfMeasurePrice>0.0160</UnitOfMeasurePrice><AllowDiscount>1</AllowDiscount><ItemStatus>1</ItemStatus><ItemPrice>4.00</ItemPrice></item><item><PriceUpdateDate>2015-10-11 06:43:55</PriceUpdateDate><ItemCode>7290004129736</ItemCode><ItemType>1</ItemType><ItemName>יופלה לבן מעודן 1.5%</ItemName><ManufacturerName>יופלה</ManufacturerName><ManufactureCountry>ישראל</ManufactureCountry><ManufacturerItemDescription>יוגורט יופלה לבן 1.5% מעו</ManufacturerItemDescription><SoldByWeight/><Quantity>200.00</Quantity><UnitOfMeasure>מ"ל</UnitOfMeasure><QtyInPackage>לא ידוע</QtyInPackage><UnitOfMeasurePrice>0.0225</UnitOfMeasurePrice><AllowDiscount>1</AllowDiscount><ItemStatus>1</ItemStatus><ItemPrice>4.50</ItemPrice></item><item><PriceUpdateDate>2016-06-28 07:04:00</PriceUpdateDate><ItemCode>7290004129767</ItemCode><ItemType>1</ItemType><ItemName>מאגדת יופלה 3% לבן 8</ItemName><ManufacturerName>יופלה</ManufacturerName><ManufactureCountry>ישראל</ManufactureCountry><ManufacturerItemDescription>מאגדת יופלה 3% לבן 8</ManufacturerItemDescription><SoldByWeight/><Quantity>1200.00</Quantity><UnitOfMeasure>גרם     </UnitOfMeasure><QtyInPackage>לא ידוע</QtyInPackage><UnitOfMeasurePrice>0.0154</UnitOfMeasurePrice><AllowDiscount>1</AllowDiscount><ItemStatus>1</ItemStatus><ItemPrice>18.50</ItemPrice></item><item><PriceUpdateDate>2016-08-02 09:29:54</PriceUpdateDate><ItemCode>7290004130695</ItemCode><ItemType>1</ItemType><ItemName>מב אייס קפה תנובה 1</ItemName><ManufacturerName>שוק</ManufacturerName><ManufactureCountry>ישראל</ManufactureCountry><ManufacturerItemDescription>משקה אייס קפה בקבוק 1 ליט</ManufacturerItemDescription><SoldByWeight/><Quantity>1000.00</Quantity><UnitOfMeasure>מ"ל</UnitOfMeasure><QtyInPackage>לא ידוע</QtyInPackage><UnitOfMeasurePrice>0.0090</UnitOfMeasurePrice><AllowDiscount>1</AllowDiscount><ItemStatus>1</ItemStatus><ItemPrice>9.00</ItemPrice></item><item><PriceUpdateDate>2016-08-02 09:29:54</PriceUpdateDate><ItemCode>7290004130794</ItemCode><ItemType>1</ItemType><ItemName>מב משקה סויה מועשר ב</ItemName><ManufacturerName>סו תנובה</ManufacturerName><ManufactureCountry>ישראל</ManufactureCountry><ManufacturerItemDescription>משקה סויה מועשר מופחת מתי</ManufacturerItemDescription><SoldByWeight/><Quantity>1000.00</Quantity><UnitOfMeasure>מ"ל</UnitOfMeasure><QtyInPackage>לא ידוע</QtyInPackage><UnitOfMeasurePrice>0.0089</UnitOfMeasurePrice><AllowDiscount>0</AllowDiscount><ItemStatus>1</ItemStatus><ItemPrice>8.90</ItemPrice></item><item><PriceUpdateDate>2016-06-13 16:01:03</PriceUpdateDate><ItemCode>7290004130916</ItemCode><ItemType>1</ItemType><ItemName>יופלה פירות יער בשמנ</ItemName><ManufacturerName>יופלה</ManufacturerName><ManufactureCountry>ישראל</ManufactureCountry><ManufacturerItemDescription>יופלה פירות יער שמנת</ManufacturerItemDescription><SoldByWeight/><Quantity>150.00</Quantity><UnitOfMeasure>גרם     </UnitOfMeasure><QtyInPackage>לא ידוע</QtyInPackage><UnitOfMeasurePrice>0.0327</UnitOfMeasurePrice><AllowDiscount>1</AllowDiscount><ItemStatus>1</ItemStatus><ItemPrice>4.90</ItemPrice></item><item><PriceUpdateDate>2016-02-11 06:58:46</PriceUpdateDate><ItemCode>7290004131050</ItemCode><ItemType>1</ItemType><ItemName>חלב תנובה 1% מהדרין</ItemName><ManufacturerName>חלב תנובה</ManufacturerName><ManufactureCountry>ישראל</ManufactureCountry><ManufacturerItemDescription>חלב תנובה 1% מהדרין</ManufacturerItemDescription><SoldByWeight/><Quantity>1000.00</Quantity><UnitOfMeasure>מ"ל</UnitOfMeasure><QtyInPackage>לא ידוע</QtyInPackage><UnitOfMeasurePrice>0.0047</UnitOfMeasurePrice><AllowDiscount>1</AllowDiscount><ItemStatus>1</ItemStatus><ItemPrice>4.65</ItemPrice></item><item><PriceUpdateDate>2016-05-15 15:34:34</PriceUpdateDate><ItemCode>7290004131074</ItemCode><ItemType>1</ItemType><ItemName>חלב קרטון 3% מהדרין</ItemName><ManufacturerName>חלב תנובה</ManufacturerName><ManufactureCountry>ישראל</ManufactureCountry><ManufacturerItemDescription>חלב1 3% ל.קרטון מהדרין פי</ManufacturerItemDescription><SoldByWeight/><Quantity>1000.00</Quantity><UnitOfMeasure>מ"ל</UnitOfMeasure><QtyInPackage>לא ידוע</QtyInPackage><UnitOfMeasurePrice>0.0058</UnitOfMeasurePrice><AllowDiscount>1</AllowDiscount><ItemStatus>1</ItemStatus><ItemPrice>5.75</ItemPrice></item><item><PriceUpdateDate>2016-07-20 07:00:57</PriceUpdateDate><ItemCode>7290004131227</ItemCode><ItemType>1</ItemType><ItemName>גבינה לבנה 3% 500 גר</ItemName><ManufacturerName>גבינות תנובה</ManufacturerName><ManufactureCountry>ישראל</ManufactureCountry><ManufacturerItemDescription>גבינה לבנה 3% 500 גר</ManufacturerItemDescription><SoldByWeight/><Quantity>500.00</Quantity><UnitOfMeasure>גרם     </UnitOfMeasure><QtyInPackage>לא ידוע</QtyInPackage><UnitOfMeasurePrice>0.0184</UnitOfMeasurePrice><AllowDiscount>1</AllowDiscount><ItemStatus>1</ItemStatus><ItemPrice>9.20</ItemPrice></item><item><PriceUpdateDate>2016-05-31 06:16:18</PriceUpdateDate><ItemCode>7290004131432</ItemCode><ItemType>1</ItemType><ItemName>יופלה ביו 3% לבן 200</ItemName><ManufacturerName>יופלה</ManufacturerName><ManufactureCountry>ישראל</ManufactureCountry><ManufacturerItemDescription>יוגורט יופלה לבן 200 3% ג</ManufacturerItemDescription><SoldByWeight/><Quantity>200.00</Quantity><UnitOfMeasure>גרם     </UnitOfMeasure><QtyInPackage>לא ידוע</QtyInPackage><UnitOfMeasurePrice>0.0190</UnitOfMeasurePrice><AllowDiscount>1</AllowDiscount><ItemStatus>1</ItemStatus><ItemPrice>3.80</ItemPrice></item><item><PriceUpdateDate>2015-10-19 10:44:33</PriceUpdateDate><ItemCode>7290004131456</ItemCode><ItemType>1</ItemType><ItemName>יופלה ביו 1.5% לבן 2</ItemName><ManufacturerName>יופלה</ManufacturerName><ManufactureCountry>ישראל</ManufactureCountry><ManufacturerItemDescription>יוגורט יופלה לבן 200 1.5%</ManufacturerItemDescription><SoldByWeight/><Quantity>200.00</Quantity><UnitOfMeasure>גרם     </UnitOfMeasure><QtyInPackage>לא ידוע</QtyInPackage><UnitOfMeasurePrice>0.0200</UnitOfMeasurePrice><AllowDiscount>1</AllowDiscount><ItemStatus>1</ItemStatus><ItemPrice>4.00</ItemPrice></item><item><PriceUpdateDate>2016-08-02 09:29:54</PriceUpdateDate><ItemCode>7290004131531</ItemCode><ItemType>1</ItemType><ItemName>מב שוקו תנובה 1 ליטר</ItemName><ManufacturerName>שוק</ManufacturerName><ManufactureCountry>ישראל</ManufactureCountry><ManufacturerItemDescription>שוקו תנובה בקבוק 1 ליטר</ManufacturerItemDescription><SoldByWeight/><Quantity>1000.00</Quantity><UnitOfMeasure>מ"ל</UnitOfMeasure><QtyInPackage>לא ידוע</QtyInPackage><UnitOfMeasurePrice>0.0090</UnitOfMeasurePrice><AllowDiscount>1</AllowDiscount><ItemStatus>1</ItemStatus><ItemPrice>9.00</ItemPrice></item><item><PriceUpdateDate>2016-08-02 09:29:54</PriceUpdateDate><ItemCode>7290004131814</ItemCode><ItemType>1</ItemType><ItemName>גבינה צפתית מעודנת 5</ItemName><ManufacturerName>פיראוס</ManufacturerName><ManufactureCountry>ישראל</ManufactureCountry><ManufacturerItemDescription>פיראוס צפתית מעודנת 200 5</ManufacturerItemDescription><SoldByWeight/><Quantity>200.00</Quantity><UnitOfMeasure>גרם     </UnitOfMeasure><QtyInPackage>לא ידוע</QtyInPackage><UnitOfMeasurePrice>0.0815</UnitOfMeasurePrice><AllowDiscount>1</AllowDiscount><ItemStatus>1</ItemStatus><ItemPrice>16.30</ItemPrice></item><item><PriceUpdateDate>2016-02-14 18:18:10</PriceUpdateDate><ItemCode>7290004132231</ItemCode><ItemType>1</ItemType><ItemName>חלב לקפה3.5% שומן 80</ItemName><ManufacturerName>חלב תנובה</ManufacturerName><ManufactureCountry>ישראל</ManufactureCountry><ManufacturerItemDescription>חלב פלוס לקפה  800 3.5% מ</ManufacturerItemDescription><SoldByWeight/><Quantity>800.00</Quantity><UnitOfMeasure>מ"ל</UnitOfMeasure><QtyInPackage>לא ידוע</QtyInPackage><UnitOfMeasurePrice>0.0086</UnitOfMeasurePrice><AllowDiscount>1</AllowDiscount><ItemStatus>1</ItemStatus><ItemPrice>6.90</ItemPrice></item><item><PriceUpdateDate>2016-08-02 09:29:54</PriceUpdateDate><ItemCode>7290004132552</ItemCode><ItemType>1</ItemType><ItemName>מב חלב סויה טבעי 1 ל</ItemName><ManufacturerName>סו תנובה</ManufacturerName><ManufactureCountry>ישראל</ManufactureCountry><ManufacturerItemDescription>משקה סויה דיאט 1 ליטר</ManufacturerItemDescription><SoldByWeight/><Quantity>1000.00</Quantity><UnitOfMeasure>מ"ל</UnitOfMeasure><QtyInPackage>לא ידוע</QtyInPackage><UnitOfMeasurePrice>0.0089</UnitOfMeasurePrice><AllowDiscount>0</AllowDiscount><ItemStatus>1</ItemStatus><ItemPrice>8.90</ItemPrice></item><item><PriceUpdateDate>2015-10-19 10:44:33</PriceUpdateDate><ItemCode>7290004132712</ItemCode><ItemType>1</ItemType><ItemName>אצבעות מוצרלה 172 גר</ItemName><ManufacturerName>עמק</ManufacturerName><ManufactureCountry>ישראל</ManufactureCountry><ManufacturerItemDescription>אצבעות עמק 172 גרם</ManufacturerItemDescription><SoldByWeight/><Quantity>172.00</Quantity><UnitOfMeasure>גרם     </UnitOfMeasure><QtyInPackage>לא ידוע</QtyInPackage><UnitOfMeasurePrice>0.0959</UnitOfMeasurePrice><AllowDiscount>1</AllowDiscount><ItemStatus>1</ItemStatus><ItemPrice>16.50</ItemPrice></item><item><PriceUpdateDate>2015-11-10 07:32:25</PriceUpdateDate><ItemCode>7290004133108</ItemCode><ItemType>1</ItemType><ItemName>יופלה לבןעם גרנולה 1</ItemName><ManufacturerName>יופלה</ManufacturerName><ManufactureCountry>ישראל</ManufactureCountry><ManufacturerItemDescription>יופלה לבן+1.5% גרנולה מכס</ManufacturerItemDescription><SoldByWeight/><Quantity>170.00</Quantity><UnitOfMeasure>מ"ל</UnitOfMeasure><QtyInPackage>לא ידוע</QtyInPackage><UnitOfMeasurePrice>0.0353</UnitOfMeasurePrice><AllowDiscount>1</AllowDiscount><ItemStatus>1</ItemStatus><ItemPrice>6.00</ItemPrice></item><item><PriceUpdateDate>2015-10-19 10:44:33</PriceUpdateDate><ItemCode>7290004133207</ItemCode><ItemType>1</ItemType><ItemName>יופלה ביו דיאט 0% לב</ItemName><ManufacturerName>יופלה</ManufacturerName><ManufactureCountry>ישראל</ManufactureCountry><ManufacturerItemDescription>יופלה לבן דיאט 200 ג</ManufacturerItemDescription><SoldByWeight/><Quantity>200.00</Quantity><UnitOfMeasure>גרם     </UnitOfMeasure><QtyInPackage>לא ידוע</QtyInPackage><UnitOfMeasurePrice>0.0200</UnitOfMeasurePrice><AllowDiscount>1</AllowDiscount><ItemStatus>1</ItemStatus><ItemPrice>4.00</ItemPrice></item><item><PriceUpdateDate>2016-05-31 06:16:19</PriceUpdateDate><ItemCode>7290004133511</ItemCode><ItemType>1</ItemType><ItemName>מאגדת יופלה 1.5% לבן</ItemName><ManufacturerName>יופלה</ManufacturerName><ManufactureCountry>ישראל</ManufactureCountry><ManufacturerItemDescription>מאגדת יופלה 1.5% לבן</ManufacturerItemDescription><SoldByWeight/><Quantity>1200.00</Quantity><UnitOfMeasure>גרם     </UnitOfMeasure><QtyInPackage>לא ידוע</QtyInPackage><UnitOfMeasurePrice>0.0182</UnitOfMeasurePrice><AllowDiscount>1</AllowDiscount><ItemStatus>1</ItemStatus><ItemPrice>21.80</ItemPrice></item><item><PriceUpdateDate>2016-02-14 18:18:10</PriceUpdateDate><ItemCode>7290004133627</ItemCode><ItemType>1</ItemType><ItemName>חלב על הבוקר 3% בקרט</ItemName><ManufacturerName>חלב תנובה</ManufacturerName><ManufactureCountry>ישראל</ManufactureCountry><ManufacturerItemDescription>חלב 3% על הבוקר קרטון+פקק</ManufacturerItemDescription><SoldByWeight/><Quantity>1000.00</Quantity><UnitOfMeasure>מ"ל</UnitOfMeasure><QtyInPackage>לא ידוע</QtyInPackage><UnitOfMeasurePrice>0.0089</UnitOfMeasurePrice><AllowDiscount>1</AllowDiscount><ItemStatus>1</ItemStatus><ItemPrice>8.90</ItemPrice></item><item><PriceUpdateDate>2016-06-13 16:01:03</PriceUpdateDate><ItemCode>7290004134945</ItemCode><ItemType>1</ItemType><ItemName>יופלה מוקה 3% 150 גר</ItemName><ManufacturerName>יופלה</ManufacturerName><ManufactureCountry>ישראל</ManufactureCountry><ManufacturerItemDescription>יופלה מוקה 3% 150 גר</ManufacturerItemDescription><SoldByWeight/><Quantity>150.00</Quantity><UnitOfMeasure>גרם     </UnitOfMeasure><QtyInPackage>לא ידוע</QtyInPackage><UnitOfMeasurePrice>0.0327</UnitOfMeasurePrice><AllowDiscount>1</AllowDiscount><ItemStatus>1</ItemStatus><ItemPrice>4.90</ItemPrice></item><item><PriceUpdateDate>2015-10-11 06:43:55</PriceUpdateDate><ItemCode>7290004134983</ItemCode><ItemType>1</ItemType><ItemName>פרוסות עמק 5% פתיחה</ItemName><ManufacturerName>עמק</ManufacturerName><ManufactureCountry>ישראל</ManufactureCountry><ManufacturerItemDescription>גבינה עמק 5% פרוס פ.חוזרת</ManufacturerItemDescription><SoldByWeight/><Quantity>200.00</Quantity><UnitOfMeasure>גרם     </UnitOfMeasure><QtyInPackage>לא ידוע</QtyInPackage><UnitOfMeasurePrice>0.0890</UnitOfMeasurePrice><AllowDiscount>1</AllowDiscount><ItemStatus>1</ItemStatus><ItemPrice>17.80</ItemPrice></item><item><PriceUpdateDate>2015-10-11 06:43:55</PriceUpdateDate><ItemCode>7290004135225</ItemCode><ItemType>1</ItemType><ItemName>מעדן תנובה 0% שוקולד</ItemName><ManufacturerName>מעדן תנובה</ManufacturerName><ManufactureCountry>ישראל</ManufactureCountry><ManufacturerItemDescription>מעדן דיאט שוקולד 150 גרם</ManufacturerItemDescription><SoldByWeight/><Quantity>150.00</Quantity><UnitOfMeasure>גרם     </UnitOfMeasure><QtyInPackage>לא ידוע</QtyInPackage><UnitOfMeasurePrice>0.0267</UnitOfMeasurePrice><AllowDiscount>1</AllowDiscount><ItemStatus>1</ItemStatus><ItemPrice>4.00</ItemPrice></item><item><PriceUpdateDate>2015-10-11 06:43:55</PriceUpdateDate><ItemCode>7290004135232</ItemCode><ItemType>1</ItemType><ItemName>מעדן תנובה דיאט וניל</ItemName><ManufacturerName>מעדן תנובה</ManufacturerName><ManufactureCountry>ישראל</ManufactureCountry><ManufacturerItemDescription>מעדן דיאט וניל 150 גרם</ManufacturerItemDescription><SoldByWeight/><Quantity>150.00</Quantity><UnitOfMeasure>גרם     </UnitOfMeasure><QtyInPackage>לא ידוע</QtyInPackage><UnitOfMeasurePrice>0.0267</UnitOfMeasurePrice><AllowDiscount>1</AllowDiscount><ItemStatus>1</ItemStatus><ItemPrice>4.00</ItemPrice></item><item><PriceUpdateDate>2016-08-02 09:29:54</PriceUpdateDate><ItemCode>7290004135614</ItemCode><ItemType>1</ItemType><ItemName>גבינה בולגרית מעודנת</ItemName><ManufacturerName>פיראוס</ManufacturerName><ManufactureCountry>ישראל</ManufactureCountry><ManufacturerItemDescription>גבינה בולגרית מעודנת 5% פ</ManufacturerItemDescription><SoldByWeight/><Quantity>250.00</Quantity><UnitOfMeasure>גרם     </UnitOfMeasure><QtyInPackage>לא ידוע</QtyInPackage><UnitOfMeasurePrice>0.0836</UnitOfMeasurePrice><AllowDiscount>1</AllowDiscount><ItemStatus>1</ItemStatus><ItemPrice>20.90</ItemPrice></item><item><PriceUpdateDate>2016-08-02 09:29:54</PriceUpdateDate><ItemCode>7290004135621</ItemCode><ItemType>1</ItemType><ItemName>גבינה בולגית מעודנת</ItemName><ManufacturerName>פיראוס</ManufacturerName><ManufactureCountry>ישראל</ManufactureCountry><ManufacturerItemDescription>גבינה בולגרית מעודנת 3% פ</ManufacturerItemDescription><SoldByWeight/><Quantity>250.00</Quantity><UnitOfMeasure>גרם     </UnitOfMeasure><QtyInPackage>לא ידוע</QtyInPackage><UnitOfMeasurePrice>0.0956</UnitOfMeasurePrice><AllowDiscount>1</AllowDiscount><ItemStatus>1</ItemStatus><ItemPrice>23.90</ItemPrice></item><item><PriceUpdateDate>2016-07-15 07:41:32</PriceUpdateDate><ItemCode>7290004136130</ItemCode><ItemType>1</ItemType><ItemName>שוקו בבקבוק 340 מ"ל</ItemName><ManufacturerName>תנובה</ManufacturerName><ManufactureCountry>ישראל</ManufactureCountry><ManufacturerItemDescription>שוקו 340 מל בקבוק</ManufacturerItemDescription><SoldByWeight/><Quantity>340.00</Quantity><UnitOfMeasure>מ"ל</UnitOfMeasure><QtyInPackage>לא ידוע</QtyInPackage><UnitOfMeasurePrice>0.0203</UnitOfMeasurePrice><AllowDiscount>1</AllowDiscount><ItemStatus>1</ItemStatus><ItemPrice>6.90</ItemPrice></item><item><PriceUpdateDate>2016-06-28 07:04:01</PriceUpdateDate><ItemCode>7290004136154</ItemCode><ItemType>1</ItemType><ItemName>אייס קפה תנובה בקבוק</ItemName><ManufacturerName>שוק</ManufacturerName><ManufactureCountry>ישראל</ManufactureCountry><ManufacturerItemDescription>משקה אייס קפה340 מל בקבוק</ManufacturerItemDescription><SoldByWeight/><Quantity>340.00</Quantity><UnitOfMeasure>מ"ל</UnitOfMeasure><QtyInPackage>לא ידוע</QtyInPackage><UnitOfMeasurePrice>0.0218</UnitOfMeasurePrice><AllowDiscount>1</AllowDiscount><ItemStatus>1</ItemStatus><ItemPrice>7.40</ItemPrice></item><item><PriceUpdateDate>2016-05-31 06:16:19</PriceUpdateDate><ItemCode>7290004136192</ItemCode><ItemType>1</ItemType><ItemName>מילקשייק פונץ' בננה</ItemName><ManufacturerName>שוק</ManufacturerName><ManufactureCountry>ישראל</ManufactureCountry><ManufacturerItemDescription>מילקשייק פונץ' בננה</ManufacturerItemDescription><SoldByWeight/><Quantity>250.00</Quantity><UnitOfMeasure>מ"ל</UnitOfMeasure><QtyInPackage>לא ידוע</QtyInPackage><UnitOfMeasurePrice>0.0256</UnitOfMeasurePrice><AllowDiscount>1</AllowDiscount><ItemStatus>1</ItemStatus><ItemPrice>6.40</ItemPrice></item><item><PriceUpdateDate>2015-11-10 07:32:25</PriceUpdateDate><ItemCode>7290004136307</ItemCode><ItemType>1</ItemType><ItemName>גבינה בולגרית מעודנת</ItemName><ManufacturerName>פיראוס</ManufacturerName><ManufactureCountry>ישראל</ManufactureCountry><ManufacturerItemDescription>גבינה בולגרית 5% מעודנת 1</ManufacturerItemDescription><SoldByWeight/><Quantity>120.00</Quantity><UnitOfMeasure>גרם     </UnitOfMeasure><QtyInPackage>לא ידוע</QtyInPackage><UnitOfMeasurePrice>0.1150</UnitOfMeasurePrice><AllowDiscount>1</AllowDiscount><ItemStatus>1</ItemStatus><ItemPrice>13.80</ItemPrice></item><item><PriceUpdateDate>2015-10-11 06:43:55</PriceUpdateDate><ItemCode>7290004136857</ItemCode><ItemType>1</ItemType><ItemName>ג'לי פטל 125 גרם</ItemName><ManufacturerName>ג'לי תנובה</ManufacturerName><ManufactureCountry>ישראל</ManufactureCountry><ManufacturerItemDescription>מעדן גלי פטל</ManufacturerItemDescription><SoldByWeight/><Quantity>125.00</Quantity><UnitOfMeasure>גרם     </UnitOfMeasure><QtyInPackage>לא ידוע</QtyInPackage><UnitOfMeasurePrice>0.0232</UnitOfMeasurePrice><AllowDiscount>0</AllowDiscount><ItemStatus>1</ItemStatus><ItemPrice>2.90</ItemPrice></item><item><PriceUpdateDate>2015-10-19 10:44:34</PriceUpdateDate><ItemCode>7290004136864</ItemCode><ItemType>1</ItemType><ItemName>ג'לי אננס עם חתיכות</ItemName><ManufacturerName>ג'לי תנובה</ManufacturerName><ManufactureCountry>ישראל</ManufactureCountry><ManufacturerItemDescription>מעדן גלי אננס וחתיכות פרי</ManufacturerItemDescription><SoldByWeight/><Quantity>125.00</Quantity><UnitOfMeasure>גרם     </UnitOfMeasure><QtyInPackage>לא ידוע</QtyInPackage><UnitOfMeasurePrice>0.0240</UnitOfMeasurePrice><AllowDiscount>0</AllowDiscount><ItemStatus>1</ItemStatus><ItemPrice>3.00</ItemPrice></item><item><PriceUpdateDate>2015-10-19 10:44:34</PriceUpdateDate><ItemCode>7290004136871</ItemCode><ItemType>1</ItemType><ItemName>ג'לי אפרסק עם חתיכות</ItemName><ManufacturerName>ג'לי תנובה</ManufacturerName><ManufactureCountry>ישראל</ManufactureCountry><ManufacturerItemDescription>ג'לי אפרסק עם חתיכות</ManufacturerItemDescription><SoldByWeight/><Quantity>125.00</Quantity><UnitOfMeasure>גרם     </UnitOfMeasure><QtyInPackage>לא ידוע</QtyInPackage><UnitOfMeasurePrice>0.0240</UnitOfMeasurePrice><AllowDiscount>0</AllowDiscount><ItemStatus>1</ItemStatus><ItemPrice>3.00</ItemPrice></item><item><PriceUpdateDate>2015-10-11 06:43:55</PriceUpdateDate><ItemCode>7290004137021</ItemCode><ItemType>1</ItemType><ItemName>שמנת לבישול10% 250 מ</ItemName><ManufacturerName>שף לבן</ManufacturerName><ManufactureCountry>ישראל</ManufactureCountry><ManufacturerItemDescription>שמנת לבישול מופחת שומן</ManufacturerItemDescription><SoldByWeight/><Quantity>250.00</Quantity><UnitOfMeasure>מ"ל</UnitOfMeasure><QtyInPackage>לא ידוע</QtyInPackage><UnitOfMeasurePrice>0.0352</UnitOfMeasurePrice><AllowDiscount>1</AllowDiscount><ItemStatus>1</ItemStatus><ItemPrice>8.80</ItemPrice></item><item><PriceUpdateDate>2016-02-16 09:21:54</PriceUpdateDate><ItemCode>7290004137311</ItemCode><ItemType>1</ItemType><ItemName>עמק לייט משפחתית 400</ItemName><ManufacturerName>עמק</ManufacturerName><ManufactureCountry>ישראל</ManufactureCountry><ManufacturerItemDescription>עמק לייט משפחתית 400</ManufacturerItemDescription><SoldByWeight/><Quantity>400.00</Quantity><UnitOfMeasure>גרם     </UnitOfMeasure><QtyInPackage>לא ידוע</QtyInPackage><UnitOfMeasurePrice>0.0747</UnitOfMeasurePrice><AllowDiscount>1</AllowDiscount><ItemStatus>1</ItemStatus><ItemPrice>29.90</ItemPrice></item><item><PriceUpdateDate>2016-08-08 16:10:47</PriceUpdateDate><ItemCode>7290004199166</ItemCode><ItemType>1</ItemType><ItemName>כפפות לאטקס 100 יחי</ItemName><ManufacturerName>איזי טאצ</ManufacturerName><ManufactureCountry>ישראל</ManufactureCountry><ManufacturerItemDescription>כפפות לאטקס 100 יח</ManufacturerItemDescription><SoldByWeight/><Quantity>0.00</Quantity><UnitOfMeasure>יח'</UnitOfMeasure><QtyInPackage>לא ידוע</QtyInPackage><UnitOfMeasurePrice>0.0000</UnitOfMeasurePrice><AllowDiscount>1</AllowDiscount><ItemStatus>1</ItemStatus><ItemPrice>29.90</ItemPrice></item><item><PriceUpdateDate>2016-08-08 16:10:47</PriceUpdateDate><ItemCode>7290004199173</ItemCode><ItemType>1</ItemType><ItemName>כפפות לאטקס 100 יחי</ItemName><ManufacturerName>איזי טאצ</ManufacturerName><ManufactureCountry>ישראל</ManufactureCountry><ManufacturerItemDescription>כפפות לאטקס 100 יח</ManufacturerItemDescription><SoldByWeight/><Quantity>0.00</Quantity><UnitOfMeasure>יח'</UnitOfMeasure><QtyInPackage>לא ידוע</QtyInPackage><UnitOfMeasurePrice>0.0000</UnitOfMeasurePrice><AllowDiscount>1</AllowDiscount><ItemStatus>1</ItemStatus><ItemPrice>29.90</ItemPrice></item><item><PriceUpdateDate>2015-01-27 10:35:37</PriceUpdateDate><ItemCode>7290004199579</ItemCode><ItemType>1</ItemType><ItemName>פלסר מעורב 100 יח'</ItemName><ManufacturerName>SUNNY PLASTER</ManufacturerName><ManufactureCountry>ישראל</ManufactureCountry><ManufacturerItemDescription>פלסר מעורב 100 יח'</ManufacturerItemDescription><SoldByWeight/><Quantity>1.00</Quantity><UnitOfMeasure>יח'</UnitOfMeasure><QtyInPackage>לא ידוע</QtyInPackage><UnitOfMeasurePrice>10.3000</UnitOfMeasurePrice><AllowDiscount>1</AllowDiscount><ItemStatus>1</ItemStatus><ItemPrice>10.30</ItemPrice></item><item><PriceUpdateDate>2015-01-27 10:34:54</PriceUpdateDate><ItemCode>7290004219079</ItemCode><ItemType>1</ItemType><ItemName>לבבות דקל חתוך ויליפ</ItemName><ManufacturerName>וילי פוד</ManufacturerName><ManufactureCountry>ישראל</ManufactureCountry><ManufacturerItemDescription>לבבות דקל חתוך 400 גרם</ManufacturerItemDescription><SoldByWeight/><Quantity>220.00</Quantity><UnitOfMeasure>גרם     </UnitOfMeasure><QtyInPackage>לא ידוע</QtyInPackage><UnitOfMeasurePrice>0.0541</UnitOfMeasurePrice><AllowDiscount>1</AllowDiscount><ItemStatus>1</ItemStatus><ItemPrice>11.90</ItemPrice></item><item><PriceUpdateDate>2016-07-04 18:22:22</PriceUpdateDate><ItemCode>7290004236243</ItemCode><ItemType>1</ItemType><ItemName>מב עוגיות שמרים 400</ItemName><ManufacturerName>"המותג"</ManufacturerName><ManufactureCountry>ישראל</ManufactureCountry><ManufacturerItemDescription>מב עוגיות שמרים 400</ManufacturerItemDescription><SoldByWeight/><Quantity>400.00</Quantity><UnitOfMeasure>גרם     </UnitOfMeasure><QtyInPackage>לא ידוע</QtyInPackage><UnitOfMeasurePrice>0.0273</UnitOfMeasurePrice><AllowDiscount>1</AllowDiscount><ItemStatus>1</ItemStatus><ItemPrice>10.90</ItemPrice></item><item><PriceUpdateDate>2016-06-28 07:04:02</PriceUpdateDate><ItemCode>7290004324605</ItemCode><ItemType>1</ItemType><ItemName>גבינת מון בלאן רוקפו</ItemName><ManufacturerName>מון בלאן</ManufacturerName><ManufactureCountry>ישראל</ManufactureCountry><ManufacturerItemDescription>גבינה מון בלאן רוקפור 120</ManufacturerItemDescription><SoldByWeight/><Quantity>120.00</Quantity><UnitOfMeasure>גרם     </UnitOfMeasure><QtyInPackage>לא ידוע</QtyInPackage><UnitOfMeasurePrice>0.1208</UnitOfMeasurePrice><AllowDiscount>1</AllowDiscount><ItemStatus>1</ItemStatus><ItemPrice>14.50</ItemPrice></item><item><PriceUpdateDate>2016-05-01 10:32:35</PriceUpdateDate><ItemCode>7290004492311</ItemCode><ItemType>1</ItemType><ItemName>בייגלה שמיניות גדולו</ItemName><ManufacturerName>בייגל בייגל</ManufacturerName><ManufactureCountry>ישראל</ManufactureCountry><ManufacturerItemDescription>בייגלה שמיניות גדולו</ManufacturerItemDescription><SoldByWeight/><Quantity>400.00</Quantity><UnitOfMeasure>גרם     </UnitOfMeasure><QtyInPackage>לא ידוע</QtyInPackage><UnitOfMeasurePrice>0.0385</UnitOfMeasurePrice><AllowDiscount>1</AllowDiscount><ItemStatus>1</ItemStatus><ItemPrice>15.40</ItemPrice></item><item><PriceUpdateDate>2016-06-28 07:04:02</PriceUpdateDate><ItemCode>7290004502997</ItemCode><ItemType>1</ItemType><ItemName>וודקה פינלנדיה 500 מ</ItemName><ManufacturerName>לא ממותג</ManufacturerName><ManufactureCountry>לא ידוע</ManufactureCountry><ManufacturerItemDescription>וודקה פינלנדיה 500 מ</ManufacturerItemDescription><SoldByWeight/><Quantity>500.00</Quantity><UnitOfMeasure>מ"ל</UnitOfMeasure><QtyInPackage>לא ידוע</QtyInPackage><UnitOfMeasurePrice>0.1198</UnitOfMeasurePrice><AllowDiscount>1</AllowDiscount><ItemStatus>1</ItemStatus><ItemPrice>59.90</ItemPrice></item><item><PriceUpdateDate>2016-08-07 20:04:28</PriceUpdateDate><ItemCode>7290004554903</ItemCode><ItemType>1</ItemType><ItemName>גלידת פנטסיה שוקו ונ</ItemName><ManufacturerName>פנטזיה</ManufacturerName><ManufactureCountry>ישראל</ManufactureCountry><ManufacturerItemDescription>גלידת פנטסיה שוקו ונ</ManufacturerItemDescription><SoldByWeight/><Quantity>1000.00</Quantity><UnitOfMeasure>מ"ל</UnitOfMeasure><QtyInPackage>לא ידוע</QtyInPackage><UnitOfMeasurePrice>0.0279</UnitOfMeasurePrice><AllowDiscount>1</AllowDiscount><ItemStatus>1</ItemStatus><ItemPrice>27.90</ItemPrice></item><item><PriceUpdateDate>2016-06-28 07:04:02</PriceUpdateDate><ItemCode>7290004584351</ItemCode><ItemType>1</ItemType><ItemName>סימפוניה 5% טבעית 20</ItemName><ManufacturerName>סימפוניה שטראוס</ManufacturerName><ManufactureCountry>ישראל</ManufactureCountry><ManufacturerItemDescription>סימפוניה בטעם טבעי 200 גר</ManufacturerItemDescription><SoldByWeight/><Quantity>200.00</Quantity><UnitOfMeasure>גרם     </UnitOfMeasure><QtyInPackage>לא ידוע</QtyInPackage><UnitOfMeasurePrice>0.0595</UnitOfMeasurePrice><AllowDiscount>0</AllowDiscount><ItemStatus>1</ItemStatus><ItemPrice>11.90</ItemPrice></item><item><PriceUpdateDate>2015-10-11 06:43:56</PriceUpdateDate><ItemCode>7290004584528</ItemCode><ItemType>1</ItemType><ItemName>דנונה ביו טבעי 1.7%</ItemName><ManufacturerName>דנונה</ManufacturerName><ManufactureCountry>ישראל</ManufactureCountry><ManufacturerItemDescription>יוגורט דנונה בי 200  1.7%</ManufacturerItemDescription><SoldByWeight/><Quantity>200.00</Quantity><UnitOfMeasure>גרם     </UnitOfMeasure><QtyInPackage>לא ידוע</QtyInPackage><UnitOfMeasurePrice>0.0200</UnitOfMeasurePrice><AllowDiscount>1</AllowDiscount><ItemStatus>1</ItemStatus><ItemPrice>4.00</ItemPrice></item><item><PriceUpdateDate>2016-06-28 07:04:02</PriceUpdateDate><ItemCode>7290004685010</ItemCode><ItemType>1</ItemType><ItemName>לחם 100% שיפון קל 50</ItemName><ManufacturerName>מאפיית ברמן</ManufacturerName><ManufactureCountry>ישראל</ManufactureCountry><ManufacturerItemDescription>לחם 100% שיפון קל 50</ManufacturerItemDescription><SoldByWeight/><Quantity>500.00</Quantity><UnitOfMeasure>גרם     </UnitOfMeasure><QtyInPackage>לא ידוע</QtyInPackage><UnitOfMeasurePrice>0.0338</UnitOfMeasurePrice><AllowDiscount>1</AllowDiscount><ItemStatus>1</ItemStatus><ItemPrice>16.90</ItemPrice></item><item><PriceUpdateDate>2016-06-28 07:04:02</PriceUpdateDate><ItemCode>7290004685027</ItemCode><ItemType>1</ItemType><ItemName>לחם מחיטה מלאה קל 50</ItemName><ManufacturerName>מאפיית ברמן</ManufacturerName><ManufactureCountry>ישראל</ManufactureCountry><ManufacturerItemDescription>לחם מחיטה מלאה קל 50</ManufacturerItemDescription><SoldByWeight/><Quantity>500.00</Quantity><UnitOfMeasure>גרם     </UnitOfMeasure><QtyInPackage>לא ידוע</QtyInPackage><UnitOfMeasurePrice>0.0338</UnitOfMeasurePrice><AllowDiscount>1</AllowDiscount><ItemStatus>1</ItemStatus><ItemPrice>16.90</ItemPrice></item><item><PriceUpdateDate>2016-06-28 07:04:02</PriceUpdateDate><ItemCode>7290004685041</ItemCode><ItemType>1</ItemType><ItemName>לחם חיטה מלאה 750 מ'</ItemName><ManufacturerName>ברדלי</ManufacturerName><ManufactureCountry>ישראל</ManufactureCountry><ManufacturerItemDescription>לחם חיטה מלאה 750 גרם ל .</ManufacturerItemDescription><SoldByWeight/><Quantity>750.00</Quantity><UnitOfMeasure>גרם     </UnitOfMeasure><QtyInPackage>לא ידוע</QtyInPackage><UnitOfMeasurePrice>0.0225</UnitOfMeasurePrice><AllowDiscount>1</AllowDiscount><ItemStatus>1</ItemStatus><ItemPrice>16.90</ItemPrice></item><item><PriceUpdateDate>2016-06-28 07:04:03</PriceUpdateDate><ItemCode>7290004685089</ItemCode><ItemType>1</ItemType><ItemName>לחם חמניות 500 גרם</ItemName><ManufacturerName>מאפיית ברמן</ManufacturerName><ManufactureCountry>ישראל</ManufactureCountry><ManufacturerItemDescription>לחם חמניות 500 גרם</ManufacturerItemDescription><SoldByWeight/><Quantity>500.00</Quantity><UnitOfMeasure>גרם     </UnitOfMeasure><QtyInPackage>לא ידוע</QtyInPackage><UnitOfMeasurePrice>0.0338</UnitOfMeasurePrice><AllowDiscount>1</AllowDiscount><ItemStatus>1</ItemStatus><ItemPrice>16.90</ItemPrice></item><item><PriceUpdateDate>2016-06-28 07:04:03</PriceUpdateDate><ItemCode>7290004685126</ItemCode><ItemType>1</ItemType><ItemName>לחם 5 דגנים 750 גרם</ItemName><ManufacturerName>לחם הארץ</ManufacturerName><ManufactureCountry>ישראל</ManufactureCountry><ManufacturerItemDescription>לחם 5 דגנים 750 גרם לחם ה</ManufacturerItemDescription><SoldByWeight/><Quantity>750.00</Quantity><UnitOfMeasure>גרם     </UnitOfMeasure><QtyInPackage>לא ידוע</QtyInPackage><UnitOfMeasurePrice>0.0257</UnitOfMeasurePrice><AllowDiscount>1</AllowDiscount><ItemStatus>1</ItemStatus><ItemPrice>19.30</ItemPrice></item><item><PriceUpdateDate>2016-08-07 20:04:28</PriceUpdateDate><ItemCode>7290004685140</ItemCode><ItemType>1</ItemType><ItemName>לחם שיפון 60%</ItemName><ManufacturerName>מאפיית ברמן</ManufacturerName><ManufactureCountry>ישראל</ManufactureCountry><ManufacturerItemDescription>לחם שיפון לחם הארץ 750 גר</ManufacturerItemDescription><SoldByWeight/><Quantity>750.00</Quantity><UnitOfMeasure>גרם     </UnitOfMeasure><QtyInPackage>לא ידוע</QtyInPackage><UnitOfMeasurePrice>0.0252</UnitOfMeasurePrice><AllowDiscount>1</AllowDiscount><ItemStatus>1</ItemStatus><ItemPrice>18.90</ItemPrice></item><item><PriceUpdateDate>2016-06-28 07:04:03</PriceUpdateDate><ItemCode>7290004685157</ItemCode><ItemType>1</ItemType><ItemName>לחם שיפון 100%</ItemName><ManufacturerName>לחם הארץ</ManufacturerName><ManufactureCountry>ישראל</ManufactureCountry><ManufacturerItemDescription>לחם שיפון 750 100% ג</ManufacturerItemDescription><SoldByWeight/><Quantity>750.00</Quantity><UnitOfMeasure>גרם     </UnitOfMeasure><QtyInPackage>לא ידוע</QtyInPackage><UnitOfMeasurePrice>0.0233</UnitOfMeasurePrice><AllowDiscount>1</AllowDiscount><ItemStatus>1</ItemStatus><ItemPrice>17.50</ItemPrice></item><item><PriceUpdateDate>2016-06-28 07:04:03</PriceUpdateDate><ItemCode>7290004685195</ItemCode><ItemType>1</ItemType><ItemName>לחם 10 דגנים  750 גר</ItemName><ManufacturerName>לחם הארץ</ManufacturerName><ManufactureCountry>ישראל</ManufactureCountry><ManufacturerItemDescription>לחם 10 דגנים לחם הארץ 750</ManufacturerItemDescription><SoldByWeight/><Quantity>750.00</Quantity><UnitOfMeasure>גרם     </UnitOfMeasure><QtyInPackage>לא ידוע</QtyInPackage><UnitOfMeasurePrice>0.0225</UnitOfMeasurePrice><AllowDiscount>1</AllowDiscount><ItemStatus>1</ItemStatus><ItemPrice>16.90</ItemPrice></item><item><PriceUpdateDate>2016-06-28 07:04:03</PriceUpdateDate><ItemCode>7290004685201</ItemCode><ItemType>1</ItemType><ItemName>לחם שיפון אגוזים 500</ItemName><ManufacturerName>לחם הארץ</ManufacturerName><ManufactureCountry>ישראל</ManufactureCountry><ManufacturerItemDescription>לחם אגוזים 500 גרם לחם הא</ManufacturerItemDescription><SoldByWeight/><Quantity>500.00</Quantity><UnitOfMeasure>גרם     </UnitOfMeasure><QtyInPackage>לא ידוע</QtyInPackage><UnitOfMeasurePrice>0.0358</UnitOfMeasurePrice><AllowDiscount>1</AllowDiscount><ItemStatus>1</ItemStatus><ItemPrice>17.90</ItemPrice></item><item><PriceUpdateDate>2016-08-07 20:04:28</PriceUpdateDate><ItemCode>7290004685225</ItemCode><ItemType>1</ItemType><ItemName>לחם פומפרניקל 750 גר</ItemName><ManufacturerName>לחם הארץ</ManufacturerName><ManufactureCountry>ישראל</ManufactureCountry><ManufacturerItemDescription>לחם פומפרניקל לחם הארץ 75</ManufacturerItemDescription><SoldByWeight/><Quantity>750.00</Quantity><UnitOfMeasure>גרם     </UnitOfMeasure><QtyInPackage>לא ידוע</QtyInPackage><UnitOfMeasurePrice>0.0239</UnitOfMeasurePrice><AllowDiscount>1</AllowDiscount><ItemStatus>1</ItemStatus><ItemPrice>17.90</ItemPrice></item><item><PriceUpdateDate>2016-03-01 07:00:51</PriceUpdateDate><ItemCode>7290004731083</ItemCode><ItemType>1</ItemType><ItemName>אל סבון נוזלי כיף ג'</ItemName><ManufacturerName>כיף</ManufacturerName><ManufactureCountry>ישראל</ManufactureCountry><ManufacturerItemDescription>אל סבון נוזלי כיף ג'</ManufacturerItemDescription><SoldByWeight/><Quantity>1000.00</Quantity><UnitOfMeasure>מ"ל</UnitOfMeasure><QtyInPackage>לא ידוע</QtyInPackage><UnitOfMeasurePrice>0.0149</UnitOfMeasurePrice><AllowDiscount>1</AllowDiscount><ItemStatus>1</ItemStatus><ItemPrice>14.90</ItemPrice></item><item><PriceUpdateDate>2016-05-01 06:11:25</PriceUpdateDate><ItemCode>7290004731472</ItemCode><ItemType>1</ItemType><ItemName>אל סבון נוזלי כיףשלי</ItemName><ManufacturerName>כיף</ManufacturerName><ManufactureCountry>ישראל</ManufactureCountry><ManufacturerItemDescription>מארז אלסבון כיף שלישייה צ</ManufacturerItemDescription><SoldByWeight/><Quantity>1500.00</Quantity><UnitOfMeasure>מ"ל</UnitOfMeasure><QtyInPackage>לא ידוע</QtyInPackage><UnitOfMeasurePrice>0.0126</UnitOfMeasurePrice><AllowDiscount>1</AllowDiscount><ItemStatus>1</ItemStatus><ItemPrice>18.90</ItemPrice></item><item><PriceUpdateDate>2016-08-07 20:02:48</PriceUpdateDate><ItemCode>7290004923051</ItemCode><ItemType>1</ItemType><ItemName>מי עין גדי 2 ליטר</ItemName><ManufacturerName>עין גדי</ManufacturerName><ManufactureCountry>ישראל</ManufactureCountry><ManufacturerItemDescription>מי עין גדי 2 ליטר</ManufacturerItemDescription><SoldByWeight/><Quantity>2000.00</Quantity><UnitOfMeasure>מ"ל</UnitOfMeasure><QtyInPackage>לא ידוע</QtyInPackage><UnitOfMeasurePrice>0.0019</UnitOfMeasurePrice><AllowDiscount>1</AllowDiscount><ItemStatus>1</ItemStatus><ItemPrice>3.90</ItemPrice></item><item><PriceUpdateDate>2015-10-12 08:20:16</PriceUpdateDate><ItemCode>7290004923099</ItemCode><ItemType>1</ItemType><ItemName>מי עין גדי שישייה 2</ItemName><ManufacturerName>עין גדי</ManufacturerName><ManufactureCountry>ישראל</ManufactureCountry><ManufacturerItemDescription>מי עין גדי שישייה 2</ManufacturerItemDescription><SoldByWeight/><Quantity>12000.00</Quantity><UnitOfMeasure>מ"ל</UnitOfMeasure><QtyInPackage>לא ידוע</QtyInPackage><UnitOfMeasurePrice>0.0010</UnitOfMeasurePrice><AllowDiscount>1</AllowDiscount><ItemStatus>1</ItemStatus><ItemPrice>12.00</ItemPrice></item><item><PriceUpdateDate>2016-05-31 06:16:22</PriceUpdateDate><ItemCode>7290005084355</ItemCode><ItemType>1</ItemType><ItemName>משחת שיניים סנסודיין</ItemName><ManufacturerName>סנסודיין</ManufacturerName><ManufactureCountry>ישראל</ManufactureCountry><ManufacturerItemDescription>משחת שיניים סנסודיין</ManufacturerItemDescription><SoldByWeight/><Quantity>75.00</Quantity><UnitOfMeasure>מ"ל</UnitOfMeasure><QtyInPackage>לא ידוע</QtyInPackage><UnitOfMeasurePrice>0.3320</UnitOfMeasurePrice><AllowDiscount>1</AllowDiscount><ItemStatus>1</ItemStatus><ItemPrice>24.90</ItemPrice></item><item><PriceUpdateDate>2016-03-15 11:31:39</PriceUpdateDate><ItemCode>7290005095269</ItemCode><ItemType>1</ItemType><ItemName>נרות חימום 50 יחידות</ItemName><ManufacturerName>לא ממותג</ManufacturerName><ManufactureCountry>ישראל</ManufactureCountry><ManufacturerItemDescription>להבונים 50 יח</ManufacturerItemDescription><SoldByWeight/><Quantity>20.00</Quantity><UnitOfMeasure>יח'</UnitOfMeasure><QtyInPackage>לא ידוע</QtyInPackage><UnitOfMeasurePrice>0.4950</UnitOfMeasurePrice><AllowDiscount>1</AllowDiscount><ItemStatus>1</ItemStatus><ItemPrice>9.90</ItemPrice></item><item><PriceUpdateDate>2015-01-27 10:36:16</PriceUpdateDate><ItemCode>7290005095290</ItemCode><ItemType>1</ItemType><ItemName>מצת אלקטרוני</ItemName><ManufacturerName>לא ידוע</ManufacturerName><ManufactureCountry>ישראל</ManufactureCountry><ManufacturerItemDescription>מצת אלקטרוני</ManufacturerItemDescription><SoldByWeight/><Quantity>0.00</Quantity><UnitOfMeasure>יח'</UnitOfMeasure><QtyInPackage>לא ידוע</QtyInPackage><UnitOfMeasurePrice>0.0000</UnitOfMeasurePrice><AllowDiscount>1</AllowDiscount><ItemStatus>1</ItemStatus><ItemPrice>5.20</ItemPrice></item><item><PriceUpdateDate>2016-06-28 07:04:05</PriceUpdateDate><ItemCode>7290005168369</ItemCode><ItemType>1</ItemType><ItemName>מב יין תירוש 750 מ"ל</ItemName><ManufacturerName>לא ממותג</ManufacturerName><ManufactureCountry>ישראל</ManufactureCountry><ManufacturerItemDescription>מב יין תירוש 750 מ"ל</ManufacturerItemDescription><SoldByWeight/><Quantity>750.00</Quantity><UnitOfMeasure>מ"ל</UnitOfMeasure><QtyInPackage>לא ידוע</QtyInPackage><UnitOfMeasurePrice>0.0159</UnitOfMeasurePrice><AllowDiscount>1</AllowDiscount><ItemStatus>1</ItemStatus><ItemPrice>11.90</ItemPrice></item><item><PriceUpdateDate>2015-03-08 09:12:02</PriceUpdateDate><ItemCode>7290005168420</ItemCode><ItemType>1</ItemType><ItemName>יין תירוש 1 ליטר בית</ItemName><ManufacturerName>לא ממותג</ManufacturerName><ManufactureCountry>ישראל</ManufactureCountry><ManufacturerItemDescription>יין תירוש 1 ליטר בית</ManufacturerItemDescription><SoldByWeight/><Quantity>1000.00</Quantity><UnitOfMeasure>מ"ל</UnitOfMeasure><QtyInPackage>לא ידוע</QtyInPackage><UnitOfMeasurePrice>0.0203</UnitOfMeasurePrice><AllowDiscount>1</AllowDiscount><ItemStatus>1</ItemStatus><ItemPrice>20.30</ItemPrice></item><item><PriceUpdateDate>2016-01-05 07:14:08</PriceUpdateDate><ItemCode>7290005174551</ItemCode><ItemType>1</ItemType><ItemName>סלט חומוס יום יום 12</ItemName><ManufacturerName>אחלה</ManufacturerName><ManufactureCountry>ישראל</ManufactureCountry><ManufacturerItemDescription>סלט חומוס יום יום 125  גר</ManufacturerItemDescription><SoldByWeight/><Quantity>125.00</Quantity><UnitOfMeasure>גרם     </UnitOfMeasure><QtyInPackage>לא ידוע</QtyInPackage><UnitOfMeasurePrice>0.0440</UnitOfMeasurePrice><AllowDiscount>1</AllowDiscount><ItemStatus>1</ItemStatus><ItemPrice>5.50</ItemPrice></item><item><PriceUpdateDate>2015-10-19 10:44:34</PriceUpdateDate><ItemCode>7290005174841</ItemCode><ItemType>1</ItemType><ItemName>סלט חציל בטעם כבד 12</ItemName><ManufacturerName>אחלה</ManufacturerName><ManufactureCountry>ישראל</ManufactureCountry><ManufacturerItemDescription>חציל בטעם כבד 125 גרם</ManufacturerItemDescription><SoldByWeight/><Quantity>125.00</Quantity><UnitOfMeasure>גרם     </UnitOfMeasure><QtyInPackage>לא ידוע</QtyInPackage><UnitOfMeasurePrice>0.0488</UnitOfMeasurePrice><AllowDiscount>1</AllowDiscount><ItemStatus>1</ItemStatus><ItemPrice>6.10</ItemPrice></item><item><PriceUpdateDate>2016-03-01 07:00:52</PriceUpdateDate><ItemCode>7290005199578</ItemCode><ItemType>1</ItemType><ItemName>קפה נמס עלית נטול קפ</ItemName><ManufacturerName>עלית</ManufacturerName><ManufactureCountry>ישראל</ManufactureCountry><ManufacturerItemDescription>קפה נמס עלית נטול קפ</ManufacturerItemDescription><SoldByWeight/><Quantity>200.00</Quantity><UnitOfMeasure>גרם     </UnitOfMeasure><QtyInPackage>לא ידוע</QtyInPackage><UnitOfMeasurePrice>0.1845</UnitOfMeasurePrice><AllowDiscount>1</AllowDiscount><ItemStatus>1</ItemStatus><ItemPrice>36.90</ItemPrice></item><item><PriceUpdateDate>2016-05-01 10:32:40</PriceUpdateDate><ItemCode>7290005199622</ItemCode><ItemType>1</ItemType><ItemName>ביסקוויט עד חצות מרי</ItemName><ManufacturerName>לא ממותג</ManufacturerName><ManufactureCountry>ישראל</ManufactureCountry><ManufacturerItemDescription>ביסקוויט מריר  200 גר</ManufacturerItemDescription><SoldByWeight/><Quantity>200.00</Quantity><UnitOfMeasure>גרם     </UnitOfMeasure><QtyInPackage>לא ידוע</QtyInPackage><UnitOfMeasurePrice>0.0745</UnitOfMeasurePrice><AllowDiscount>1</AllowDiscount><ItemStatus>1</ItemStatus><ItemPrice>14.90</ItemPrice></item><item><PriceUpdateDate>2016-05-01 10:32:40</PriceUpdateDate><ItemCode>7290005199738</ItemCode><ItemType>1</ItemType><ItemName>מסטיק מאסט ריח לפה 2</ItemName><ManufacturerName>מאסט</ManufacturerName><ManufactureCountry>ישראל</ManufactureCountry><ManufacturerItemDescription>מסטיק מאסט ריח פה פפרמינט</ManufacturerItemDescription><SoldByWeight/><Quantity>0.00</Quantity><UnitOfMeasure>יח'</UnitOfMeasure><QtyInPackage>לא ידוע</QtyInPackage><UnitOfMeasurePrice>0.0000</UnitOfMeasurePrice><AllowDiscount>1</AllowDiscount><ItemStatus>1</ItemStatus><ItemPrice>4.50</ItemPrice></item><item><PriceUpdateDate>2015-02-18 07:18:34</PriceUpdateDate><ItemCode>7290005200595</ItemCode><ItemType>1</ItemType><ItemName>אפיפיות מצופות שוקול</ItemName><ManufacturerName>עלית</ManufacturerName><ManufactureCountry>ישראל</ManufactureCountry><ManufacturerItemDescription>וופל שוקולד מצופה 400 גר</ManufacturerItemDescription><SoldByWeight/><Quantity>400.00</Quantity><UnitOfMeasure>גרם     </UnitOfMeasure><QtyInPackage>לא ידוע</QtyInPackage><UnitOfMeasurePrice>0.0447</UnitOfMeasurePrice><AllowDiscount>1</AllowDiscount><ItemStatus>1</ItemStatus><ItemPrice>17.90</ItemPrice></item><item><PriceUpdateDate>2015-10-01 00:29:11</PriceUpdateDate><ItemCode>7290005200786</ItemCode><ItemType>1</ItemType><ItemName>חטיף תפוציפס שמנת בצ</ItemName><ManufacturerName>תפוצ'יפס</ManufacturerName><ManufactureCountry>ישראל</ManufactureCountry><ManufacturerItemDescription>תפוציפס טעם שמנת ובצל50 ג</ManufacturerItemDescription><SoldByWeight/><Quantity>50.00</Quantity><UnitOfMeasure>גרם     </UnitOfMeasure><QtyInPackage>לא ידוע</QtyInPackage><UnitOfMeasurePrice>0.0780</UnitOfMeasurePrice><AllowDiscount>1</AllowDiscount><ItemStatus>1</ItemStatus><ItemPrice>3.90</ItemPrice></item><item><PriceUpdateDate>2016-05-31 06:16:23</PriceUpdateDate><ItemCode>7290005201882</ItemCode><ItemType>1</ItemType><ItemName>קפה טורקי עלית שקית</ItemName><ManufacturerName>טורקי עלית</ManufacturerName><ManufactureCountry>ישראל</ManufactureCountry><ManufacturerItemDescription>קפה טורקי בצלופן 200 גרם</ManufacturerItemDescription><SoldByWeight/><Quantity>200.00</Quantity><UnitOfMeasure>גרם     </UnitOfMeasure><QtyInPackage>לא ידוע</QtyInPackage><UnitOfMeasurePrice>0.0795</UnitOfMeasurePrice><AllowDiscount>1</AllowDiscount><ItemStatus>1</ItemStatus><ItemPrice>15.90</ItemPrice></item><item><PriceUpdateDate>2016-05-31 06:16:23</PriceUpdateDate><ItemCode>7290005287206</ItemCode><ItemType>1</ItemType><ItemName>טונה סטארקיסט בשמן ר</ItemName><ManufacturerName>סטארקיסט</ManufacturerName><ManufactureCountry>ישראל</ManufactureCountry><ManufacturerItemDescription>טונה סטארקיסט בשמן</ManufacturerItemDescription><SoldByWeight/><Quantity>448.00</Quantity><UnitOfMeasure>גרם     </UnitOfMeasure><QtyInPackage>לא ידוע</QtyInPackage><UnitOfMeasurePrice>0.0511</UnitOfMeasurePrice><AllowDiscount>1</AllowDiscount><ItemStatus>1</ItemStatus><ItemPrice>22.90</ItemPrice></item><item><PriceUpdateDate>2016-05-31 06:16:23</PriceUpdateDate><ItemCode>7290005287251</ItemCode><ItemType>1</ItemType><ItemName>טונה סטארקיסט במים ר</ItemName><ManufacturerName>סטרקיסט</ManufacturerName><ManufactureCountry>ישראל</ManufactureCountry><ManufacturerItemDescription>טונה סטארקיסט במים 160X1/</ManufacturerItemDescription><SoldByWeight/><Quantity>640.00</Quantity><UnitOfMeasure>גרם     </UnitOfMeasure><QtyInPackage>לא ידוע</QtyInPackage><UnitOfMeasurePrice>0.0358</UnitOfMeasurePrice><AllowDiscount>1</AllowDiscount><ItemStatus>1</ItemStatus><ItemPrice>22.90</ItemPrice></item><item><PriceUpdateDate>2016-03-08 13:45:52</PriceUpdateDate><ItemCode>7290005287510</ItemCode><ItemType>1</ItemType><ItemName>טונה בשמן 160 גרם עם</ItemName><ManufacturerName>סטארקיסט</ManufacturerName><ManufactureCountry>ישראל</ManufactureCountry><ManufacturerItemDescription>טונה ס.ק.בשמן עם פלפל חרי</ManufacturerItemDescription><SoldByWeight/><Quantity>112.00</Quantity><UnitOfMeasure>גרם     </UnitOfMeasure><QtyInPackage>לא ידוע</QtyInPackage><UnitOfMeasurePrice>0.0705</UnitOfMeasurePrice><AllowDiscount>1</AllowDiscount><ItemStatus>1</ItemStatus><ItemPrice>7.90</ItemPrice></item><item><PriceUpdateDate>2016-03-08 13:45:52</PriceUpdateDate><ItemCode>7290005287541</ItemCode><ItemType>1</ItemType><ItemName>טונה 160 גרם בשמן קנ</ItemName><ManufacturerName>סטארקיסט</ManufacturerName><ManufactureCountry>ישראל</ManufactureCountry><ManufacturerItemDescription>טונה סטארקיסט בשמן קנולה1</ManufacturerItemDescription><SoldByWeight/><Quantity>160.00</Quantity><UnitOfMeasure>גרם     </UnitOfMeasure><QtyInPackage>לא ידוע</QtyInPackage><UnitOfMeasurePrice>0.0494</UnitOfMeasurePrice><AllowDiscount>1</AllowDiscount><ItemStatus>1</ItemStatus><ItemPrice>7.90</ItemPrice></item><item><PriceUpdateDate>2016-05-31 06:16:23</PriceUpdateDate><ItemCode>7290005296260</ItemCode><ItemType>1</ItemType><ItemName>מב אסטוניש רסס ונגב</ItemName><ManufacturerName>אסטוניש</ManufacturerName><ManufactureCountry>ישראל</ManufactureCountry><ManufacturerItemDescription>מב אסטוניש רסס ונגב</ManufacturerItemDescription><SoldByWeight/><Quantity>750.00</Quantity><UnitOfMeasure>מ"ל</UnitOfMeasure><QtyInPackage>לא ידוע</QtyInPackage><UnitOfMeasurePrice>0.0199</UnitOfMeasurePrice><AllowDiscount>1</AllowDiscount><ItemStatus>1</ItemStatus><ItemPrice>14.90</ItemPrice></item><item><PriceUpdateDate>2016-06-28 07:04:05</PriceUpdateDate><ItemCode>7290005296857</ItemCode><ItemType>1</ItemType><ItemName>הפי ספריי מנקה ומברי</ItemName><ManufacturerName>הפי</ManufacturerName><ManufactureCountry>ישראל</ManufactureCountry><ManufacturerItemDescription>הפי ספריי מנקה ומברי</ManufacturerItemDescription><SoldByWeight/><Quantity>300.00</Quantity><UnitOfMeasure>מ"ל</UnitOfMeasure><QtyInPackage>לא ידוע</QtyInPackage><UnitOfMeasurePrice>0.0650</UnitOfMeasurePrice><AllowDiscount>1</AllowDiscount><ItemStatus>1</ItemStatus><ItemPrice>19.50</ItemPrice></item><item><PriceUpdateDate>2016-06-28 07:04:05</PriceUpdateDate><ItemCode>7290005326387</ItemCode><ItemType>1</ItemType><ItemName>מב אוליביה עגבניות מ</ItemName><ManufacturerName>אוליביה</ManufacturerName><ManufactureCountry>ישראל</ManufactureCountry><ManufacturerItemDescription>עגבניות מיובשות בשמן זית2</ManufacturerItemDescription><SoldByWeight/><Quantity>270.00</Quantity><UnitOfMeasure>גרם     </UnitOfMeasure><QtyInPackage>לא ידוע</QtyInPackage><UnitOfMeasurePrice>0.0589</UnitOfMeasurePrice><AllowDiscount>1</AllowDiscount><ItemStatus>1</ItemStatus><ItemPrice>15.90</ItemPrice></item><item><PriceUpdateDate>2016-03-15 11:31:39</PriceUpdateDate><ItemCode>7290005358579</ItemCode><ItemType>3</ItemType><ItemName>שריר הזרוע בקר קפוא</ItemName><ManufacturerName>.N.Y.C</ManufacturerName><ManufactureCountry>ישראל</ManufactureCountry><ManufacturerItemDescription>שריר הזרוע בקר קפוא</ManufacturerItemDescription><SoldByWeight/><Quantity>1.00</Quantity><UnitOfMeasure>ק"ג</UnitOfMeasure><QtyInPackage>לא ידוע</QtyInPackage><UnitOfMeasurePrice>37.9000</UnitOfMeasurePrice><AllowDiscount>1</AllowDiscount><ItemStatus>1</ItemStatus><ItemPrice>37.90</ItemPrice></item><item><PriceUpdateDate>2015-11-10 07:32:30</PriceUpdateDate><ItemCode>7290005384943</ItemCode><ItemType>1</ItemType><ItemName>בסגנון דנאבלו 100 גר</ItemName><ManufacturerName>וילי פוד</ManufacturerName><ManufactureCountry>ישראל</ManufactureCountry><ManufacturerItemDescription>בסגנון דנאבלו 100 גר</ManufacturerItemDescription><SoldByWeight/><Quantity>100.00</Quantity><UnitOfMeasure>גרם     </UnitOfMeasure><QtyInPackage>לא ידוע</QtyInPackage><UnitOfMeasurePrice>0.1620</UnitOfMeasurePrice><AllowDiscount>0</AllowDiscount><ItemStatus>1</ItemStatus><ItemPrice>16.20</ItemPrice></item><item><PriceUpdateDate>2015-11-10 07:32:30</PriceUpdateDate><ItemCode>7290005423420</ItemCode><ItemType>1</ItemType><ItemName>סנו משמיד עש מבושם</ItemName><ManufacturerName>לא ידוע</ManufacturerName><ManufactureCountry>איטליה</ManufactureCountry><ManufacturerItemDescription>אדג' ג'ל גילוח  כתום200מ</ManufacturerItemDescription><SoldByWeight/><Quantity>750.00</Quantity><UnitOfMeasure>מ"ל</UnitOfMeasure><QtyInPackage>לא ידוע</QtyInPackage><UnitOfMeasurePrice>0.0299</UnitOfMeasurePrice><AllowDiscount>1</AllowDiscount><ItemStatus>1</ItemStatus><ItemPrice>22.40</ItemPrice></item><item><PriceUpdateDate>2015-01-27 10:35:28</PriceUpdateDate><ItemCode>7290005423444</ItemCode><ItemType>1</ItemType><ItemName>סנו ג'וול ג'ל קרם צמ</ItemName><ManufacturerName>ז'אוול</ManufacturerName><ManufactureCountry>ישראל</ManufactureCountry><ManufacturerItemDescription>סנו ג'וול ג'ל קרם צמ</ManufacturerItemDescription><SoldByWeight/><Quantity>1500.00</Quantity><UnitOfMeasure>מ"ל</UnitOfMeasure><QtyInPackage>לא ידוע</QtyInPackage><UnitOfMeasurePrice>0.0229</UnitOfMeasurePrice><AllowDiscount>1</AllowDiscount><ItemStatus>1</ItemStatus><ItemPrice>34.40</ItemPrice></item><item><PriceUpdateDate>2015-01-27 10:35:28</PriceUpdateDate><ItemCode>7290005424113</ItemCode><ItemType>1</ItemType><ItemName>מטלית לריצפה 4יח'</ItemName><ManufacturerName>סנו סושי</ManufacturerName><ManufactureCountry>ישראל</ManufactureCountry><ManufacturerItemDescription>מטלית לריצפה 4יח'</ManufacturerItemDescription><SoldByWeight/><Quantity>0.00</Quantity><UnitOfMeasure>יח'</UnitOfMeasure><QtyInPackage>לא ידוע</QtyInPackage><UnitOfMeasurePrice>0.0000</UnitOfMeasurePrice><AllowDiscount>1</AllowDiscount><ItemStatus>1</ItemStatus><ItemPrice>15.30</ItemPrice></item><item><PriceUpdateDate>2016-05-01 10:32:41</PriceUpdateDate><ItemCode>7290005425646</ItemCode><ItemType>1</ItemType><ItemName>סנוקליר נוזל לניקוי</ItemName><ManufacturerName>לא ממותג</ManufacturerName><ManufactureCountry>ישראל</ManufactureCountry><ManufacturerItemDescription>סנוקליר חלונות 1 ל</ManufacturerItemDescription><SoldByWeight/><Quantity>1000.00</Quantity><UnitOfMeasure>מ"ל</UnitOfMeasure><QtyInPackage>לא ידוע</QtyInPackage><UnitOfMeasurePrice>0.0100</UnitOfMeasurePrice><AllowDiscount>0</AllowDiscount><ItemStatus>1</ItemStatus><ItemPrice>10.00</ItemPrice></item><item><PriceUpdateDate>2016-06-28 07:04:06</PriceUpdateDate><ItemCode>7290005426193</ItemCode><ItemType>1</ItemType><ItemName>ספוגית הפלא סנו סושי</ItemName><ManufacturerName>סנו סושי</ManufacturerName><ManufactureCountry>ישראל</ManufactureCountry><ManufacturerItemDescription>ספוג הפלא סנו סושי</ManufacturerItemDescription><SoldByWeight/><Quantity>0.00</Quantity><UnitOfMeasure>יח'</UnitOfMeasure><QtyInPackage>לא ידוע</QtyInPackage><UnitOfMeasurePrice>0.0000</UnitOfMeasurePrice><AllowDiscount>1</AllowDiscount><ItemStatus>1</ItemStatus><ItemPrice>12.90</ItemPrice></item><item><PriceUpdateDate>2016-06-28 07:04:06</PriceUpdateDate><ItemCode>7290005426407</ItemCode><ItemType>1</ItemType><ItemName>סנו מור ERUSAERT</ItemName><ManufacturerName>סנומוד</ManufacturerName><ManufactureCountry>ישראל</ManufactureCountry><ManufacturerItemDescription>סנו מור ERUSAERT</ManufacturerItemDescription><SoldByWeight/><Quantity>150.00</Quantity><UnitOfMeasure>מ"ל</UnitOfMeasure><QtyInPackage>לא ידוע</QtyInPackage><UnitOfMeasurePrice>0.0993</UnitOfMeasurePrice><AllowDiscount>1</AllowDiscount><ItemStatus>1</ItemStatus><ItemPrice>14.90</ItemPrice></item><item><PriceUpdateDate>2016-05-31 06:16:24</PriceUpdateDate><ItemCode>7290005426971</ItemCode><ItemType>1</ItemType><ItemName>סנו סנובון שלישיה כח</ItemName><ManufacturerName>סנובון</ManufacturerName><ManufactureCountry>ישראל</ManufactureCountry><ManufacturerItemDescription>סנו סנובון שלישיה כח</ManufacturerItemDescription><SoldByWeight/><Quantity>55.00</Quantity><UnitOfMeasure>גרם     </UnitOfMeasure><QtyInPackage>לא ידוע</QtyInPackage><UnitOfMeasurePrice>0.3000</UnitOfMeasurePrice><AllowDiscount>1</AllowDiscount><ItemStatus>1</ItemStatus><ItemPrice>16.50</ItemPrice></item><item><PriceUpdateDate>2016-08-02 09:29:55</PriceUpdateDate><ItemCode>7290005427497</ItemCode><ItemType>1</ItemType><ItemName>מב מרכך כיף לשיער רג</ItemName><ManufacturerName>כיף</ManufacturerName><ManufactureCountry>ישראל</ManufactureCountry><ManufacturerItemDescription>כיף מרכך לשיער רגיל 750 מ</ManufacturerItemDescription><SoldByWeight/><Quantity>750.00</Quantity><UnitOfMeasure>מ"ל</UnitOfMeasure><QtyInPackage>לא ידוע</QtyInPackage><UnitOfMeasurePrice>0.0145</UnitOfMeasurePrice><AllowDiscount>1</AllowDiscount><ItemStatus>1</ItemStatus><ItemPrice>10.90</ItemPrice></item><item><PriceUpdateDate>2016-08-02 09:29:56</PriceUpdateDate><ItemCode>7290005427565</ItemCode><ItemType>1</ItemType><ItemName>מב שמפו כיף לשיער רג</ItemName><ManufacturerName>כיף</ManufacturerName><ManufactureCountry>ישראל</ManufactureCountry><ManufacturerItemDescription>כיף שמפו לשיער רגיל 750 מ</ManufacturerItemDescription><SoldByWeight/><Quantity>750.00</Quantity><UnitOfMeasure>מ"ל</UnitOfMeasure><QtyInPackage>לא ידוע</QtyInPackage><UnitOfMeasurePrice>0.0145</UnitOfMeasurePrice><AllowDiscount>1</AllowDiscount><ItemStatus>1</ItemStatus><ItemPrice>10.90</ItemPrice></item><item><PriceUpdateDate>2016-08-02 09:29:56</PriceUpdateDate><ItemCode>7290005429286</ItemCode><ItemType>1</ItemType><ItemName>מב אבקת כביסה מקסימה</ItemName><ManufacturerName>סנו מקסימה</ManufacturerName><ManufactureCountry>ישראל</ManufactureCountry><ManufacturerItemDescription>מב אבקת כביסה מקסימה</ManufacturerItemDescription><SoldByWeight/><Quantity>6000.00</Quantity><UnitOfMeasure>גרם     </UnitOfMeasure><QtyInPackage>לא ידוע</QtyInPackage><UnitOfMeasurePrice>0.0083</UnitOfMeasurePrice><AllowDiscount>1</AllowDiscount><ItemStatus>1</ItemStatus><ItemPrice>49.90</ItemPrice></item><item><PriceUpdateDate>2016-06-28 07:04:07</PriceUpdateDate><ItemCode>7290005430602</ItemCode><ItemType>1</ItemType><ItemName>מב מסיר כתמים אוקסיג</ItemName><ManufacturerName>סנו אוקסיגן</ManufacturerName><ManufactureCountry>ישראל</ManufactureCountry><ManufacturerItemDescription>מסיר כתמים אוקסיגן 750 מר</ManufacturerItemDescription><SoldByWeight/><Quantity>750.00</Quantity><UnitOfMeasure>מ"ל</UnitOfMeasure><QtyInPackage>לא ידוע</QtyInPackage><UnitOfMeasurePrice>0.0225</UnitOfMeasurePrice><AllowDiscount>1</AllowDiscount><ItemStatus>1</ItemStatus><ItemPrice>16.90</ItemPrice></item><item><PriceUpdateDate>2016-06-28 07:04:07</PriceUpdateDate><ItemCode>7290005431364</ItemCode><ItemType>1</ItemType><ItemName>מארז זוג עוגת גבינה</ItemName><ManufacturerName>עדן קינוחים</ManufacturerName><ManufactureCountry>ישראל</ManufactureCountry><ManufacturerItemDescription>עוגת גבינה פירורים זוג</ManufacturerItemDescription><SoldByWeight/><Quantity>184.00</Quantity><UnitOfMeasure>גרם     </UnitOfMeasure><QtyInPackage>לא ידוע</QtyInPackage><UnitOfMeasurePrice>0.0717</UnitOfMeasurePrice><AllowDiscount>1</AllowDiscount><ItemStatus>1</ItemStatus><ItemPrice>13.20</ItemPrice></item><item><PriceUpdateDate>2016-06-28 07:04:07</PriceUpdateDate><ItemCode>7290005431609</ItemCode><ItemType>1</ItemType><ItemName>מארז זוג עוגת טירמיס</ItemName><ManufacturerName>עדן קינוחים</ManufacturerName><ManufactureCountry>ישראל</ManufactureCountry><ManufacturerItemDescription>מארז זוג טרמיסו 172 גר</ManufacturerItemDescription><SoldByWeight/><Quantity>172.00</Quantity><UnitOfMeasure>גרם     </UnitOfMeasure><QtyInPackage>לא ידוע</QtyInPackage><UnitOfMeasurePrice>0.0767</UnitOfMeasurePrice><AllowDiscount>1</AllowDiscount><ItemStatus>1</ItemStatus><ItemPrice>13.20</ItemPrice></item><item><PriceUpdateDate>2015-11-10 07:32:31</PriceUpdateDate><ItemCode>7290005549618</ItemCode><ItemType>1</ItemType><ItemName>מרשמלו וניל תות 180</ItemName><ManufacturerName>לא ממותג</ManufacturerName><ManufactureCountry>ישראל</ManufactureCountry><ManufacturerItemDescription>מרשמלו וניל תות 180</ManufacturerItemDescription><SoldByWeight/><Quantity>180.00</Quantity><UnitOfMeasure>גרם     </UnitOfMeasure><QtyInPackage>לא ידוע</QtyInPackage><UnitOfMeasurePrice>0.0411</UnitOfMeasurePrice><AllowDiscount>1</AllowDiscount><ItemStatus>1</ItemStatus><ItemPrice>7.40</ItemPrice></item><item><PriceUpdateDate>2015-11-10 07:32:31</PriceUpdateDate><ItemCode>7290005549632</ItemCode><ItemType>1</ItemType><ItemName>מרשמלו תות בננה 180</ItemName><ManufacturerName>פינוקים</ManufacturerName><ManufactureCountry>ישראל</ManufactureCountry><ManufacturerItemDescription>מרשמלו תות בננה 180 גרם</ManufacturerItemDescription><SoldByWeight/><Quantity>180.00</Quantity><UnitOfMeasure>גרם     </UnitOfMeasure><QtyInPackage>לא ידוע</QtyInPackage><UnitOfMeasurePrice>0.0411</UnitOfMeasurePrice><AllowDiscount>1</AllowDiscount><ItemStatus>1</ItemStatus><ItemPrice>7.40</ItemPrice></item><item><PriceUpdateDate>2016-08-02 09:29:56</PriceUpdateDate><ItemCode>7290005559907</ItemCode><ItemType>1</ItemType><ItemName>מב פיצה משפחתית גבינ</ItemName><ManufacturerName>מעדנות</ManufacturerName><ManufactureCountry>ישראל</ManufactureCountry><ManufacturerItemDescription>פיצה משפחתית גבינה 500 גר</ManufacturerItemDescription><SoldByWeight/><Quantity>500.00</Quantity><UnitOfMeasure>גרם     </UnitOfMeasure><QtyInPackage>לא ידוע</QtyInPackage><UnitOfMeasurePrice>0.0318</UnitOfMeasurePrice><AllowDiscount>1</AllowDiscount><ItemStatus>1</ItemStatus><ItemPrice>15.90</ItemPrice></item><item><PriceUpdateDate>2016-08-02 09:29:56</PriceUpdateDate><ItemCode>7290005559990</ItemCode><ItemType>1</ItemType><ItemName>מב בצק פילאס תורכי 6</ItemName><ManufacturerName>מעדנות</ManufacturerName><ManufactureCountry>ישראל</ManufactureCountry><ManufacturerItemDescription>בצק פילאס תורכי</ManufacturerItemDescription><SoldByWeight/><Quantity>600.00</Quantity><UnitOfMeasure>גרם     </UnitOfMeasure><QtyInPackage>לא ידוע</QtyInPackage><UnitOfMeasurePrice>0.0283</UnitOfMeasurePrice><AllowDiscount>1</AllowDiscount><ItemStatus>1</ItemStatus><ItemPrice>17.00</ItemPrice></item><item><PriceUpdateDate>2016-05-31 06:16:25</PriceUpdateDate><ItemCode>7290005564253</ItemCode><ItemType>1</ItemType><ItemName>ספרינג 1.5 ליטר טעם</ItemName><ManufacturerName>ספרינג</ManufacturerName><ManufactureCountry>ישראל</ManufactureCountry><ManufacturerItemDescription>ספרינג אגס סברס תפוח1.5 ל</ManufacturerItemDescription><SoldByWeight/><Quantity>1500.00</Quantity><UnitOfMeasure>מ"ל</UnitOfMeasure><QtyInPackage>לא ידוע</QtyInPackage><UnitOfMeasurePrice>0.0039</UnitOfMeasurePrice><AllowDiscount>1</AllowDiscount><ItemStatus>1</ItemStatus><ItemPrice>5.90</ItemPrice></item><item><PriceUpdateDate>2016-02-26 06:49:19</PriceUpdateDate><ItemCode>7290005564680</ItemCode><ItemType>1</ItemType><ItemName>תפוזינה לימונדה 1.5</ItemName><ManufacturerName>תפוזינה</ManufacturerName><ManufactureCountry>ישראל</ManufactureCountry><ManufacturerItemDescription>תפוזינה לימון 1.5 ליטר</ManufacturerItemDescription><SoldByWeight/><Quantity>1500.00</Quantity><UnitOfMeasure>מ"ל</UnitOfMeasure><QtyInPackage>לא ידוע</QtyInPackage><UnitOfMeasurePrice>0.0050</UnitOfMeasurePrice><AllowDiscount>1</AllowDiscount><ItemStatus>1</ItemStatus><ItemPrice>7.50</ItemPrice></item><item><PriceUpdateDate>2016-05-31 06:16:25</PriceUpdateDate><ItemCode>7290005604133</ItemCode><ItemType>1</ItemType><ItemName>מיץ פריגת מנגו 1.5 ל</ItemName><ManufacturerName>פריגת</ManufacturerName><ManufactureCountry>ישראל</ManufactureCountry><ManufacturerItemDescription>משקל פריגת מנגו 1.5 ליטר</ManufacturerItemDescription><SoldByWeight/><Quantity>1500.00</Quantity><UnitOfMeasure>מ"ל</UnitOfMeasure><QtyInPackage>לא ידוע</QtyInPackage><UnitOfMeasurePrice>0.0045</UnitOfMeasurePrice><AllowDiscount>0</AllowDiscount><ItemStatus>1</ItemStatus><ItemPrice>6.80</ItemPrice></item><item><PriceUpdateDate>2016-03-15 11:31:39</PriceUpdateDate><ItemCode>7290005605901</ItemCode><ItemType>1</ItemType><ItemName>פאנטה אקזוטיק 1.5 לי</ItemName><ManufacturerName>פאנטה אקזוטיק</ManufacturerName><ManufactureCountry>ישראל</ManufactureCountry><ManufacturerItemDescription>פאנטה אקזוטיק 1.5 ליטר</ManufacturerItemDescription><SoldByWeight/><Quantity>1500.00</Quantity><UnitOfMeasure>מ"ל</UnitOfMeasure><QtyInPackage>לא ידוע</QtyInPackage><UnitOfMeasurePrice>0.0046</UnitOfMeasurePrice><AllowDiscount>1</AllowDiscount><ItemStatus>1</ItemStatus><ItemPrice>6.90</ItemPrice></item><item><PriceUpdateDate>2016-05-01 10:32:43</PriceUpdateDate><ItemCode>7290005613012</ItemCode><ItemType>1</ItemType><ItemName>גרנולה זהב אגוזים 40</ItemName><ManufacturerName>מזון העתיד בע"מ</ManufacturerName><ManufactureCountry>ישראל</ManufactureCountry><ManufacturerItemDescription>גרנולה זהב אגוזים 40</ManufacturerItemDescription><SoldByWeight/><Quantity>400.00</Quantity><UnitOfMeasure>גרם     </UnitOfMeasure><QtyInPackage>לא ידוע</QtyInPackage><UnitOfMeasurePrice>0.0323</UnitOfMeasurePrice><AllowDiscount>1</AllowDiscount><ItemStatus>1</ItemStatus><ItemPrice>12.90</ItemPrice></item><item><PriceUpdateDate>2016-03-10 07:12:10</PriceUpdateDate><ItemCode>7290005617379</ItemCode><ItemType>1</ItemType><ItemName>יעה נצמד גומי מולחם</ItemName><ManufacturerName>לא ממותג</ManufacturerName><ManufactureCountry>ישראל</ManufactureCountry><ManufacturerItemDescription>יעה נצמד גומי מולחם</ManufacturerItemDescription><SoldByWeight/><Quantity>1.00</Quantity><UnitOfMeasure>0</UnitOfMeasure><QtyInPackage>לא ידוע</QtyInPackage><UnitOfMeasurePrice>5.9000</UnitOfMeasurePrice><AllowDiscount>1</AllowDiscount><ItemStatus>1</ItemStatus><ItemPrice>5.90</ItemPrice></item><item><PriceUpdateDate>2015-01-27 10:36:18</PriceUpdateDate><ItemCode>7290005617560</ItemCode><ItemType>1</ItemType><ItemName>מגב מתכת 40 הברגה +</ItemName><ManufacturerName>לא ממותג</ManufacturerName><ManufactureCountry>ישראל</ManufactureCountry><ManufacturerItemDescription>מגב מתכת 40 הברגה +</ManufacturerItemDescription><SoldByWeight/><Quantity>1.00</Quantity><UnitOfMeasure>0</UnitOfMeasure><QtyInPackage>לא ידוע</QtyInPackage><UnitOfMeasurePrice>24.9000</UnitOfMeasurePrice><AllowDiscount>1</AllowDiscount><ItemStatus>1</ItemStatus><ItemPrice>24.90</ItemPrice></item><item><PriceUpdateDate>2016-05-01 06:11:32</PriceUpdateDate><ItemCode>7290005617621</ItemCode><ItemType>1</ItemType><ItemName>מגב פלסטיק + מקל מתכ</ItemName><ManufacturerName>לא ממותג</ManufacturerName><ManufactureCountry>ישראל</ManufactureCountry><ManufacturerItemDescription>מגב פלסטיק + מקל מתכ</ManufacturerItemDescription><SoldByWeight/><Quantity>1.00</Quantity><UnitOfMeasure>0</UnitOfMeasure><QtyInPackage>לא ידוע</QtyInPackage><UnitOfMeasurePrice>10.9000</UnitOfMeasurePrice><AllowDiscount>1</AllowDiscount><ItemStatus>1</ItemStatus><ItemPrice>10.90</ItemPrice></item><item><PriceUpdateDate>2016-05-01 10:32:44</PriceUpdateDate><ItemCode>7290005638206</ItemCode><ItemType>1</ItemType><ItemName>עוגיות מרוקאיות ללא</ItemName><ManufacturerName>לוגאני</ManufacturerName><ManufactureCountry>ישראל</ManufactureCountry><ManufacturerItemDescription>עוגיות מרוקאיות ללא סוכר</ManufacturerItemDescription><SoldByWeight/><Quantity>400.00</Quantity><UnitOfMeasure>גרם     </UnitOfMeasure><QtyInPackage>לא ידוע</QtyInPackage><UnitOfMeasurePrice>0.0570</UnitOfMeasurePrice><AllowDiscount>1</AllowDiscount><ItemStatus>1</ItemStatus><ItemPrice>22.80</ItemPrice></item><item><PriceUpdateDate>2016-03-23 06:46:48</PriceUpdateDate><ItemCode>7290005697272</ItemCode><ItemType>3</ItemType><ItemName>תום מונפורט  מדף  -</ItemName><ManufacturerName>לא ממותג</ManufacturerName><ManufactureCountry>לא ידוע</ManufactureCountry><ManufacturerItemDescription>תום מונפורט  מדף  -</ManufacturerItemDescription><SoldByWeight/><Quantity>1.00</Quantity><UnitOfMeasure>ק"ג</UnitOfMeasure><QtyInPackage>לא ידוע</QtyInPackage><UnitOfMeasurePrice>191.9000</UnitOfMeasurePrice><AllowDiscount>1</AllowDiscount><ItemStatus>1</ItemStatus><ItemPrice>191.90</ItemPrice></item><item><PriceUpdateDate>2016-03-23 06:46:48</PriceUpdateDate><ItemCode>7290005697340</ItemCode><ItemType>3</ItemType><ItemName>ברי עיזים  מנות מדף</ItemName><ManufacturerName>לא ממותג</ManufacturerName><ManufactureCountry>לא ידוע</ManufactureCountry><ManufacturerItemDescription>ברי עיזים  מנות מדף</ManufacturerItemDescription><SoldByWeight/><Quantity>1.00</Quantity><UnitOfMeasure>ק"ג</UnitOfMeasure><QtyInPackage>לא ידוע</QtyInPackage><UnitOfMeasurePrice>173.9000</UnitOfMeasurePrice><AllowDiscount>1</AllowDiscount><ItemStatus>1</ItemStatus><ItemPrice>173.90</ItemPrice></item><item><PriceUpdateDate>2016-03-23 06:46:48</PriceUpdateDate><ItemCode>7290005697517</ItemCode><ItemType>1</ItemType><ItemName>יוגואט עיזים טבעי בי</ItemName><ManufacturerName>לא ממותג</ManufacturerName><ManufactureCountry>לא ידוע</ManufactureCountry><ManufacturerItemDescription>יוגואט עיזים טבעי בי</ManufacturerItemDescription><SoldByWeight/><Quantity>500.00</Quantity><UnitOfMeasure>מ"ל</UnitOfMeasure><QtyInPackage>לא ידוע</QtyInPackage><UnitOfMeasurePrice>0.0338</UnitOfMeasurePrice><AllowDiscount>1</AllowDiscount><ItemStatus>1</ItemStatus><ItemPrice>16.90</ItemPrice></item><item><PriceUpdateDate>2016-03-23 06:46:48</PriceUpdateDate><ItemCode>7290005697524</ItemCode><ItemType>1</ItemType><ItemName>יוגואט עיזים תמרים ב</ItemName><ManufacturerName>לא ממותג</ManufacturerName><ManufactureCountry>לא ידוע</ManufactureCountry><ManufacturerItemDescription>יוגואט עיזים תמרים ב</ManufacturerItemDescription><SoldByWeight/><Quantity>500.00</Quantity><UnitOfMeasure>מ"ל</UnitOfMeasure><QtyInPackage>לא ידוע</QtyInPackage><UnitOfMeasurePrice>0.0358</UnitOfMeasurePrice><AllowDiscount>1</AllowDiscount><ItemStatus>1</ItemStatus><ItemPrice>17.90</ItemPrice></item><item><PriceUpdateDate>2015-10-11 06:43:57</PriceUpdateDate><ItemCode>7290005838002</ItemCode><ItemType>1</ItemType><ItemName>דניאלה וניל  150 מ"ל</ItemName><ManufacturerName>דניאלה</ManufacturerName><ManufactureCountry>ישראל</ManufactureCountry><ManufacturerItemDescription>דניאלה מעדן גבינה וניל 15</ManufacturerItemDescription><SoldByWeight/><Quantity>100.00</Quantity><UnitOfMeasure>מ"ל</UnitOfMeasure><QtyInPackage>לא ידוע</QtyInPackage><UnitOfMeasurePrice>0.0420</UnitOfMeasurePrice><AllowDiscount>1</AllowDiscount><ItemStatus>1</ItemStatus><ItemPrice>4.20</ItemPrice></item><item><PriceUpdateDate>2015-10-11 06:43:57</PriceUpdateDate><ItemCode>7290005838613</ItemCode><ItemType>1</ItemType><ItemName>גבינת סקי וניל 3% 12</ItemName><ManufacturerName>שטראוס</ManufacturerName><ManufactureCountry>ישראל</ManufactureCountry><ManufacturerItemDescription>גבינה סקי וניל125  גר</ManufacturerItemDescription><SoldByWeight/><Quantity>125.00</Quantity><UnitOfMeasure>גרם     </UnitOfMeasure><QtyInPackage>לא ידוע</QtyInPackage><UnitOfMeasurePrice>0.0304</UnitOfMeasurePrice><AllowDiscount>1</AllowDiscount><ItemStatus>1</ItemStatus><ItemPrice>3.80</ItemPrice></item><item><PriceUpdateDate>2015-10-11 06:43:57</PriceUpdateDate><ItemCode>7290005838972</ItemCode><ItemType>1</ItemType><ItemName>גבינת סקי 5% יום יום</ItemName><ManufacturerName>שטראוס</ManufacturerName><ManufactureCountry>ישראל</ManufactureCountry><ManufacturerItemDescription>גבינת סקי 5% יום יום</ManufacturerItemDescription><SoldByWeight/><Quantity>125.00</Quantity><UnitOfMeasure>גרם     </UnitOfMeasure><QtyInPackage>לא ידוע</QtyInPackage><UnitOfMeasurePrice>0.0280</UnitOfMeasurePrice><AllowDiscount>1</AllowDiscount><ItemStatus>1</ItemStatus><ItemPrice>3.50</ItemPrice></item><item><PriceUpdateDate>2015-10-11 06:43:57</PriceUpdateDate><ItemCode>7290005839078</ItemCode><ItemType>1</ItemType><ItemName>מארז שמינייה דנונה ב</ItemName><ManufacturerName>דנונה</ManufacturerName><ManufactureCountry>ישראל</ManufactureCountry><ManufacturerItemDescription>מארז שמינייה דנונה ב</ManufacturerItemDescription><SoldByWeight/><Quantity>1200.00</Quantity><UnitOfMeasure>מ"ל</UnitOfMeasure><QtyInPackage>לא ידוע</QtyInPackage><UnitOfMeasurePrice>0.0154</UnitOfMeasurePrice><AllowDiscount>1</AllowDiscount><ItemStatus>1</ItemStatus><ItemPrice>18.50</ItemPrice></item><item><PriceUpdateDate>2016-06-28 07:04:08</PriceUpdateDate><ItemCode>7290005839108</ItemCode><ItemType>1</ItemType><ItemName>סימפוניה 5% עם זיתים</ItemName><ManufacturerName>סימפוניה שטראוס</ManufacturerName><ManufactureCountry>ישראל</ManufactureCountry><ManufacturerItemDescription>סימפוניה 5% זיתים200 גר</ManufacturerItemDescription><SoldByWeight/><Quantity>200.00</Quantity><UnitOfMeasure>גרם     </UnitOfMeasure><QtyInPackage>לא ידוע</QtyInPackage><UnitOfMeasurePrice>0.0595</UnitOfMeasurePrice><AllowDiscount>0</AllowDiscount><ItemStatus>1</ItemStatus><ItemPrice>11.90</ItemPrice></item><item><PriceUpdateDate>2015-11-10 07:32:32</PriceUpdateDate><ItemCode>7290005896972</ItemCode><ItemType>1</ItemType><ItemName>פפסי מקס שישייה 1.5</ItemName><ManufacturerName>פפסי מקס</ManufacturerName><ManufactureCountry>ישראל</ManufactureCountry><ManufacturerItemDescription>פפסי מקס קולה 1.5 ל</ManufacturerItemDescription><SoldByWeight/><Quantity>9000.00</Quantity><UnitOfMeasure>מ"ל</UnitOfMeasure><QtyInPackage>לא ידוע</QtyInPackage><UnitOfMeasurePrice>0.0040</UnitOfMeasurePrice><AllowDiscount>1</AllowDiscount><ItemStatus>1</ItemStatus><ItemPrice>36.00</ItemPrice></item><item><PriceUpdateDate>2015-12-01 07:54:52</PriceUpdateDate><ItemCode>7290005938245</ItemCode><ItemType>1</ItemType><ItemName>ממרח פסטו קלאסי 220</ItemName><ManufacturerName>פרסקו</ManufacturerName><ManufactureCountry>ישראל</ManufactureCountry><ManufacturerItemDescription>פסטו קלאסי 220 ג</ManufacturerItemDescription><SoldByWeight/><Quantity>220.00</Quantity><UnitOfMeasure>גרם     </UnitOfMeasure><QtyInPackage>לא ידוע</QtyInPackage><UnitOfMeasurePrice>0.0986</UnitOfMeasurePrice><AllowDiscount>1</AllowDiscount><ItemStatus>1</ItemStatus><ItemPrice>21.70</ItemPrice></item><item><PriceUpdateDate>2016-08-02 09:29:57</PriceUpdateDate><ItemCode>7290005992018</ItemCode><ItemType>1</ItemType><ItemName>מב יוגורט עיזים3% 50</ItemName><ManufacturerName>גד</ManufacturerName><ManufactureCountry>ישראל</ManufactureCountry><ManufacturerItemDescription>יוגורט עזים 500  מל</ManufacturerItemDescription><SoldByWeight/><Quantity>500.00</Quantity><UnitOfMeasure>מ"ל</UnitOfMeasure><QtyInPackage>לא ידוע</QtyInPackage><UnitOfMeasurePrice>0.0218</UnitOfMeasurePrice><AllowDiscount>1</AllowDiscount><ItemStatus>1</ItemStatus><ItemPrice>10.90</ItemPrice></item><item><PriceUpdateDate>2016-05-31 06:16:25</PriceUpdateDate><ItemCode>7290005992575</ItemCode><ItemType>1</ItemType><ItemName>בולגרית למריחה 250 ג</ItemName><ManufacturerName>גד</ManufacturerName><ManufactureCountry>ישראל</ManufactureCountry><ManufacturerItemDescription>גבינה בולגרית למריחה 250</ManufacturerItemDescription><SoldByWeight/><Quantity>250.00</Quantity><UnitOfMeasure>גרם     </UnitOfMeasure><QtyInPackage>לא ידוע</QtyInPackage><UnitOfMeasurePrice>0.0596</UnitOfMeasurePrice><AllowDiscount>1</AllowDiscount><ItemStatus>1</ItemStatus><ItemPrice>14.90</ItemPrice></item><item><PriceUpdateDate>2016-03-01 07:00:54</PriceUpdateDate><ItemCode>7290005992735</ItemCode><ItemType>1</ItemType><ItemName>לאבנה 250 גרם</ItemName><ManufacturerName>גד</ManufacturerName><ManufactureCountry>ישראל</ManufactureCountry><ManufacturerItemDescription>גבינת לאבנה 250 5% גרם</ManufacturerItemDescription><SoldByWeight/><Quantity>250.00</Quantity><UnitOfMeasure>גרם     </UnitOfMeasure><QtyInPackage>לא ידוע</QtyInPackage><UnitOfMeasurePrice>0.0516</UnitOfMeasurePrice><AllowDiscount>0</AllowDiscount><ItemStatus>1</ItemStatus><ItemPrice>12.90</ItemPrice></item><item><PriceUpdateDate>2016-08-02 09:29:57</PriceUpdateDate><ItemCode>7290006229427</ItemCode><ItemType>1</ItemType><ItemName>מב שישיית מים סן בנד</ItemName><ManufacturerName>סאן בנדטו</ManufacturerName><ManufactureCountry>ישראל</ManufactureCountry><ManufacturerItemDescription>סן בנדטו0.5 ל 1/6 מים מינ</ManufacturerItemDescription><SoldByWeight/><Quantity>3000.00</Quantity><UnitOfMeasure>מ"ל</UnitOfMeasure><QtyInPackage>לא ידוע</QtyInPackage><UnitOfMeasurePrice>0.0046</UnitOfMeasurePrice><AllowDiscount>1</AllowDiscount><ItemStatus>1</ItemStatus><ItemPrice>13.90</ItemPrice></item><item><PriceUpdateDate>2015-12-01 07:54:53</PriceUpdateDate><ItemCode>7290006241153</ItemCode><ItemType>1</ItemType><ItemName>גת פקאן סיני בשקית 1</ItemName><ManufacturerName>ליימן חטיבת המותגים</ManufacturerName><ManufactureCountry>ישראל</ManufactureCountry><ManufacturerItemDescription>גת פקאן סיני בשקית 1</ManufacturerItemDescription><SoldByWeight/><Quantity>150.00</Quantity><UnitOfMeasure>גרם     </UnitOfMeasure><QtyInPackage>לא ידוע</QtyInPackage><UnitOfMeasurePrice>0.1827</UnitOfMeasurePrice><AllowDiscount>1</AllowDiscount><ItemStatus>1</ItemStatus><ItemPrice>27.40</ItemPrice></item><item><PriceUpdateDate>2016-08-02 09:29:57</PriceUpdateDate><ItemCode>7290006241191</ItemCode><ItemType>1</ItemType><ItemName>גת אגוזי מלך שקית 15</ItemName><ManufacturerName>ליימן חטיבת המותגים</ManufacturerName><ManufactureCountry>ישראל</ManufactureCountry><ManufacturerItemDescription>גת אגוזי מלך שקית 15</ManufacturerItemDescription><SoldByWeight/><Quantity>150.00</Quantity><UnitOfMeasure>גרם     </UnitOfMeasure><QtyInPackage>לא ידוע</QtyInPackage><UnitOfMeasurePrice>0.1440</UnitOfMeasurePrice><AllowDiscount>1</AllowDiscount><ItemStatus>1</ItemStatus><ItemPrice>21.60</ItemPrice></item><item><PriceUpdateDate>2016-06-28 07:04:09</PriceUpdateDate><ItemCode>7290006241214</ItemCode><ItemType>1</ItemType><ItemName>שקד טבעי שקית 200 גר</ItemName><ManufacturerName>ליימן חטיבת המותגים</ManufacturerName><ManufactureCountry>ישראל</ManufactureCountry><ManufacturerItemDescription>שקד טבעי 200 גרם</ManufacturerItemDescription><SoldByWeight/><Quantity>200.00</Quantity><UnitOfMeasure>גרם     </UnitOfMeasure><QtyInPackage>לא ידוע</QtyInPackage><UnitOfMeasurePrice>0.1135</UnitOfMeasurePrice><AllowDiscount>1</AllowDiscount><ItemStatus>1</ItemStatus><ItemPrice>22.70</ItemPrice></item><item><PriceUpdateDate>2015-10-19 10:44:35</PriceUpdateDate><ItemCode>7290006241504</ItemCode><ItemType>1</ItemType><ItemName>פריגת קפוא תפוזים 34</ItemName><ManufacturerName>פריגת קפוא</ManufacturerName><ManufactureCountry>ישראל</ManufactureCountry><ManufacturerItemDescription>פריגת תפוזים קפוא 340 מל</ManufacturerItemDescription><SoldByWeight/><Quantity>340.00</Quantity><UnitOfMeasure>מ"ל</UnitOfMeasure><QtyInPackage>לא ידוע</QtyInPackage><UnitOfMeasurePrice>0.0379</UnitOfMeasurePrice><AllowDiscount>1</AllowDiscount><ItemStatus>1</ItemStatus><ItemPrice>12.90</ItemPrice></item><item><PriceUpdateDate>2016-05-31 06:16:26</PriceUpdateDate><ItemCode>7290006271181</ItemCode><ItemType>1</ItemType><ItemName>ג'חנון אפוי 750 גרם</ItemName><ManufacturerName>מעדנות</ManufacturerName><ManufactureCountry>ישראל</ManufactureCountry><ManufacturerItemDescription>גחנון אפוי 750 גרם</ManufacturerItemDescription><SoldByWeight/><Quantity>750.00</Quantity><UnitOfMeasure>גרם     </UnitOfMeasure><QtyInPackage>לא ידוע</QtyInPackage><UnitOfMeasurePrice>0.0369</UnitOfMeasurePrice><AllowDiscount>1</AllowDiscount><ItemStatus>1</ItemStatus><ItemPrice>27.70</ItemPrice></item><item><PriceUpdateDate>2016-08-02 09:29:57</PriceUpdateDate><ItemCode>7290006273239</ItemCode><ItemType>1</ItemType><ItemName>מב עוגת שמרים בטעם ש</ItemName><ManufacturerName>לחמי</ManufacturerName><ManufactureCountry>ישראל</ManufactureCountry><ManufacturerItemDescription>מאפה שמרים בטעם שוקולד 45</ManufacturerItemDescription><SoldByWeight/><Quantity>450.00</Quantity><UnitOfMeasure>גרם     </UnitOfMeasure><QtyInPackage>לא ידוע</QtyInPackage><UnitOfMeasurePrice>0.0331</UnitOfMeasurePrice><AllowDiscount>1</AllowDiscount><ItemStatus>1</ItemStatus><ItemPrice>14.90</ItemPrice></item><item><PriceUpdateDate>2016-06-14 14:54:26</PriceUpdateDate><ItemCode>7290006306326</ItemCode><ItemType>1</ItemType><ItemName>רביולי פטריות 400 גר</ItemName><ManufacturerName>פסטה נונה</ManufacturerName><ManufactureCountry>ישראל</ManufactureCountry><ManufacturerItemDescription>רביולי פטריות ופרמזן 400</ManufacturerItemDescription><SoldByWeight/><Quantity>400.00</Quantity><UnitOfMeasure>גרם     </UnitOfMeasure><QtyInPackage>לא ידוע</QtyInPackage><UnitOfMeasurePrice>0.0622</UnitOfMeasurePrice><AllowDiscount>1</AllowDiscount><ItemStatus>1</ItemStatus><ItemPrice>24.90</ItemPrice></item><item><PriceUpdateDate>2016-05-31 06:16:28</PriceUpdateDate><ItemCode>7290006378453</ItemCode><ItemType>1</ItemType><ItemName>ניילון נצמד 30 מטר ז</ItemName><ManufacturerName>"המותג"</ManufacturerName><ManufactureCountry>ישראל</ManufactureCountry><ManufacturerItemDescription>ניילון נצמד 30 מטר ז</ManufacturerItemDescription><SoldByWeight/><Quantity>30.00</Quantity><UnitOfMeasure>מטר</UnitOfMeasure><QtyInPackage>לא ידוע</QtyInPackage><UnitOfMeasurePrice>0.3300</UnitOfMeasurePrice><AllowDiscount>1</AllowDiscount><ItemStatus>1</ItemStatus><ItemPrice>9.90</ItemPrice></item><item><PriceUpdateDate>2015-11-10 07:32:33</PriceUpdateDate><ItemCode>7290006492616</ItemCode><ItemType>1</ItemType><ItemName>גבינה בולגרית בפרוסו</ItemName><ManufacturerName>גד</ManufacturerName><ManufactureCountry>ישראל</ManufactureCountry><ManufacturerItemDescription>גבינה בולגרית בפרוסות</ManufacturerItemDescription><SoldByWeight/><Quantity>250.00</Quantity><UnitOfMeasure>גרם     </UnitOfMeasure><QtyInPackage>לא ידוע</QtyInPackage><UnitOfMeasurePrice>0.1196</UnitOfMeasurePrice><AllowDiscount>1</AllowDiscount><ItemStatus>1</ItemStatus><ItemPrice>29.90</ItemPrice></item><item><PriceUpdateDate>2015-11-10 07:32:33</PriceUpdateDate><ItemCode>7290006492852</ItemCode><ItemType>1</ItemType><ItemName>גבינה לבנה עיזים 250</ItemName><ManufacturerName>גד</ManufacturerName><ManufactureCountry>ישראל</ManufactureCountry><ManufacturerItemDescription>גבינה לבנה עיזים 250 5%גר</ManufacturerItemDescription><SoldByWeight/><Quantity>250.00</Quantity><UnitOfMeasure>גרם     </UnitOfMeasure><QtyInPackage>לא ידוע</QtyInPackage><UnitOfMeasurePrice>0.0816</UnitOfMeasurePrice><AllowDiscount>1</AllowDiscount><ItemStatus>1</ItemStatus><ItemPrice>20.40</ItemPrice></item><item><PriceUpdateDate>2015-01-27 10:36:33</PriceUpdateDate><ItemCode>7290006494801</ItemCode><ItemType>1</ItemType><ItemName>מרמולייט ג'לי תות שד</ItemName><ManufacturerName>מרמולייט</ManufacturerName><ManufactureCountry>ישראל</ManufactureCountry><ManufacturerItemDescription>מרמולייט ג'לי תות שד</ManufacturerItemDescription><SoldByWeight/><Quantity>25.00</Quantity><UnitOfMeasure>גרם     </UnitOfMeasure><QtyInPackage>לא ידוע</QtyInPackage><UnitOfMeasurePrice>0.3080</UnitOfMeasurePrice><AllowDiscount>1</AllowDiscount><ItemStatus>1</ItemStatus><ItemPrice>7.70</ItemPrice></item><item><PriceUpdateDate>2016-05-01 10:32:48</PriceUpdateDate><ItemCode>7290006494917</ItemCode><ItemType>1</ItemType><ItemName>וופל מרמולייט טעם שו</ItemName><ManufacturerName>מרמולייט</ManufacturerName><ManufactureCountry>ישראל</ManufactureCountry><ManufacturerItemDescription>וופל מרמולייט טעם שו</ManufacturerItemDescription><SoldByWeight/><Quantity>180.00</Quantity><UnitOfMeasure>גרם     </UnitOfMeasure><QtyInPackage>לא ידוע</QtyInPackage><UnitOfMeasurePrice>0.0628</UnitOfMeasurePrice><AllowDiscount>1</AllowDiscount><ItemStatus>1</ItemStatus><ItemPrice>11.30</ItemPrice></item><item><PriceUpdateDate>2016-05-31 06:16:28</PriceUpdateDate><ItemCode>7290006511157</ItemCode><ItemType>1</ItemType><ItemName>פטריות שלמות 400 גרם</ItemName><ManufacturerName>וילדה</ManufacturerName><ManufactureCountry>ישראל</ManufactureCountry><ManufacturerItemDescription>פטריות שלמות 400 גרם בדצ</ManufacturerItemDescription><SoldByWeight/><Quantity>230.00</Quantity><UnitOfMeasure>גרם     </UnitOfMeasure><QtyInPackage>לא ידוע</QtyInPackage><UnitOfMeasurePrice>0.0413</UnitOfMeasurePrice><AllowDiscount>1</AllowDiscount><ItemStatus>1</ItemStatus><ItemPrice>9.50</ItemPrice></item><item><PriceUpdateDate>2016-05-31 06:16:28</PriceUpdateDate><ItemCode>7290006511683</ItemCode><ItemType>1</ItemType><ItemName>מאנצ'ו פולי סויה קפו</ItemName><ManufacturerName>וילי פוד</ManufacturerName><ManufactureCountry>ישראל</ManufactureCountry><ManufacturerItemDescription>מאנצ'ו פולי סויה קפו</ManufacturerItemDescription><SoldByWeight/><Quantity>454.00</Quantity><UnitOfMeasure>גרם     </UnitOfMeasure><QtyInPackage>לא ידוע</QtyInPackage><UnitOfMeasurePrice>0.0240</UnitOfMeasurePrice><AllowDiscount>1</AllowDiscount><ItemStatus>1</ItemStatus><ItemPrice>10.90</ItemPrice></item><item><PriceUpdateDate>2016-05-31 06:16:29</PriceUpdateDate><ItemCode>7290006618085</ItemCode><ItemType>1</ItemType><ItemName>מב אסטוניש לאמבטיה מ</ItemName><ManufacturerName>אסטוניש</ManufacturerName><ManufactureCountry>ישראל</ManufactureCountry><ManufacturerItemDescription>מב אסטוניש לאמבטיה מ</ManufacturerItemDescription><SoldByWeight/><Quantity>750.00</Quantity><UnitOfMeasure>מ"ל</UnitOfMeasure><QtyInPackage>לא ידוע</QtyInPackage><UnitOfMeasurePrice>0.0199</UnitOfMeasurePrice><AllowDiscount>1</AllowDiscount><ItemStatus>1</ItemStatus><ItemPrice>14.90</ItemPrice></item><item><PriceUpdateDate>2016-05-31 06:16:29</PriceUpdateDate><ItemCode>7290006644626</ItemCode><ItemType>1</ItemType><ItemName>ספרינג 1.5 ליטר פירו</ItemName><ManufacturerName>ספרינג</ManufacturerName><ManufactureCountry>ישראל</ManufactureCountry><ManufacturerItemDescription>ספרינג פירות קיץ טרופיים</ManufacturerItemDescription><SoldByWeight/><Quantity>1500.00</Quantity><UnitOfMeasure>מ"ל</UnitOfMeasure><QtyInPackage>לא ידוע</QtyInPackage><UnitOfMeasurePrice>0.0039</UnitOfMeasurePrice><AllowDiscount>1</AllowDiscount><ItemStatus>1</ItemStatus><ItemPrice>5.90</ItemPrice></item><item><PriceUpdateDate>2016-05-01 06:11:33</PriceUpdateDate><ItemCode>7290006644732</ItemCode><ItemType>1</ItemType><ItemName>נקטר ספרינג פירות קי</ItemName><ManufacturerName>ספרינג</ManufacturerName><ManufactureCountry>ישראל</ManufactureCountry><ManufacturerItemDescription>נקטר ספרינג פירות קי</ManufacturerItemDescription><SoldByWeight/><Quantity>1000.00</Quantity><UnitOfMeasure>מ"ל</UnitOfMeasure><QtyInPackage>לא ידוע</QtyInPackage><UnitOfMeasurePrice>0.0067</UnitOfMeasurePrice><AllowDiscount>1</AllowDiscount><ItemStatus>1</ItemStatus><ItemPrice>6.70</ItemPrice></item><item><PriceUpdateDate>2015-01-27 10:35:16</PriceUpdateDate><ItemCode>7290006644817</ItemCode><ItemType>1</ItemType><ItemName>שוופס סודה רביעייה 1</ItemName><ManufacturerName>שוופס</ManufacturerName><ManufactureCountry>ישראל</ManufactureCountry><ManufacturerItemDescription>סודה שוופס 1.5 מארז</ManufacturerItemDescription><SoldByWeight/><Quantity>6000.00</Quantity><UnitOfMeasure>מ"ל</UnitOfMeasure><QtyInPackage>לא ידוע</QtyInPackage><UnitOfMeasurePrice>0.0018</UnitOfMeasurePrice><AllowDiscount>1</AllowDiscount><ItemStatus>1</ItemStatus><ItemPrice>11.00</ItemPrice></item><item><PriceUpdateDate>2016-05-01 06:11:33</PriceUpdateDate><ItemCode>7290006644848</ItemCode><ItemType>1</ItemType><ItemName>קרטונית ספרינג תפוחי</ItemName><ManufacturerName>ספרינג</ManufacturerName><ManufactureCountry>ישראל</ManufactureCountry><ManufacturerItemDescription>ספרינג נקטר תפוח דיאט 1 ל</ManufacturerItemDescription><SoldByWeight/><Quantity>1000.00</Quantity><UnitOfMeasure>מ"ל</UnitOfMeasure><QtyInPackage>לא ידוע</QtyInPackage><UnitOfMeasurePrice>0.0067</UnitOfMeasurePrice><AllowDiscount>1</AllowDiscount><ItemStatus>1</ItemStatus><ItemPrice>6.70</ItemPrice></item><item><PriceUpdateDate>2016-05-01 10:32:50</PriceUpdateDate><ItemCode>7290006653765</ItemCode><ItemType>1</ItemType><ItemName>פטוציני פרפקטו 500 ג</ItemName><ManufacturerName>פרפקטו</ManufacturerName><ManufactureCountry>איטליה</ManufactureCountry><ManufacturerItemDescription>שמרים יבשים     קום500ג</ManufacturerItemDescription><SoldByWeight/><Quantity>500.00</Quantity><UnitOfMeasure>גרם     </UnitOfMeasure><QtyInPackage>לא ידוע</QtyInPackage><UnitOfMeasurePrice>0.0198</UnitOfMeasurePrice><AllowDiscount>1</AllowDiscount><ItemStatus>1</ItemStatus><ItemPrice>9.90</ItemPrice></item><item><PriceUpdateDate>2016-05-31 06:16:29</PriceUpdateDate><ItemCode>7290006653857</ItemCode><ItemType>1</ItemType><ItemName>חטיף ארנבונים תפו"א</ItemName><ManufacturerName>דובונים</ManufacturerName><ManufactureCountry>ישראל</ManufactureCountry><ManufacturerItemDescription>חטיף ארנבונים תפו"א</ManufacturerItemDescription><SoldByWeight/><Quantity>14.00</Quantity><UnitOfMeasure>גרם     </UnitOfMeasure><QtyInPackage>לא ידוע</QtyInPackage><UnitOfMeasurePrice>0.2857</UnitOfMeasurePrice><AllowDiscount>1</AllowDiscount><ItemStatus>1</ItemStatus><ItemPrice>4.00</ItemPrice></item><item><PriceUpdateDate>2016-05-31 06:16:29</PriceUpdateDate><ItemCode>7290006664051</ItemCode><ItemType>1</ItemType><ItemName>מארז אקטימל טבעי 14</ItemName><ManufacturerName>אקטימל</ManufacturerName><ManufactureCountry>ישראל</ManufactureCountry><ManufacturerItemDescription>מארז אקטימל טבעי 14</ManufacturerItemDescription><SoldByWeight/><Quantity>1480.00</Quantity><UnitOfMeasure>מ"ל</UnitOfMeasure><QtyInPackage>לא ידוע</QtyInPackage><UnitOfMeasurePrice>0.0212</UnitOfMeasurePrice><AllowDiscount>1</AllowDiscount><ItemStatus>1</ItemStatus><ItemPrice>31.40</ItemPrice></item><item><PriceUpdateDate>2016-06-28 07:04:11</PriceUpdateDate><ItemCode>7290006664167</ItemCode><ItemType>1</ItemType><ItemName>סימפוניה 3% עם שום ש</ItemName><ManufacturerName>סימפוניה שטראוס</ManufacturerName><ManufactureCountry>ישראל</ManufactureCountry><ManufacturerItemDescription>סימפוניה 3% שום שמיר</ManufacturerItemDescription><SoldByWeight/><Quantity>200.00</Quantity><UnitOfMeasure>גרם     </UnitOfMeasure><QtyInPackage>לא ידוע</QtyInPackage><UnitOfMeasurePrice>0.0595</UnitOfMeasurePrice><AllowDiscount>0</AllowDiscount><ItemStatus>1</ItemStatus><ItemPrice>11.90</ItemPrice></item><item><PriceUpdateDate>2015-12-08 16:19:32</PriceUpdateDate><ItemCode>7290006664310</ItemCode><ItemType>1</ItemType><ItemName>גבינת סקי 3% 250 גרם</ItemName><ManufacturerName>שטראוס</ManufacturerName><ManufactureCountry>ישראל</ManufactureCountry><ManufacturerItemDescription>גבינה סקי 250 3% גרם</ManufacturerItemDescription><SoldByWeight/><Quantity>250.00</Quantity><UnitOfMeasure>גרם     </UnitOfMeasure><QtyInPackage>לא ידוע</QtyInPackage><UnitOfMeasurePrice>0.0192</UnitOfMeasurePrice><AllowDiscount>1</AllowDiscount><ItemStatus>1</ItemStatus><ItemPrice>4.80</ItemPrice></item><item><PriceUpdateDate>2016-02-11 06:58:46</PriceUpdateDate><ItemCode>7290006664402</ItemCode><ItemType>1</ItemType><ItemName>גבינת סקי 5% 750 גרם</ItemName><ManufacturerName>שטראוס</ManufacturerName><ManufactureCountry>ישראל</ManufactureCountry><ManufacturerItemDescription>גבינת סקי 5% 750 גרם</ManufacturerItemDescription><SoldByWeight/><Quantity>750.00</Quantity><UnitOfMeasure>גרם     </UnitOfMeasure><QtyInPackage>לא ידוע</QtyInPackage><UnitOfMeasurePrice>0.0184</UnitOfMeasurePrice><AllowDiscount>1</AllowDiscount><ItemStatus>1</ItemStatus><ItemPrice>13.80</ItemPrice></item><item><PriceUpdateDate>2015-12-17 06:50:18</PriceUpdateDate><ItemCode>7290006664631</ItemCode><ItemType>1</ItemType><ItemName>מארז אקטימל תות שמינ</ItemName><ManufacturerName>אקטימל</ManufacturerName><ManufactureCountry>ישראל</ManufactureCountry><ManufacturerItemDescription>מארז אקטימל תות 8 יח</ManufacturerItemDescription><SoldByWeight/><Quantity>850.00</Quantity><UnitOfMeasure>מ"ל</UnitOfMeasure><QtyInPackage>לא ידוע</QtyInPackage><UnitOfMeasurePrice>0.0258</UnitOfMeasurePrice><AllowDiscount>1</AllowDiscount><ItemStatus>1</ItemStatus><ItemPrice>21.90</ItemPrice></item><item><PriceUpdateDate>2015-12-17 06:50:18</PriceUpdateDate><ItemCode>7290006664655</ItemCode><ItemType>1</ItemType><ItemName>מארז אקטימל טבעי שמי</ItemName><ManufacturerName>אקטימל</ManufacturerName><ManufactureCountry>ישראל</ManufactureCountry><ManufacturerItemDescription>מארז אקטימל 8 יח</ManufacturerItemDescription><SoldByWeight/><Quantity>850.00</Quantity><UnitOfMeasure>מ"ל</UnitOfMeasure><QtyInPackage>לא ידוע</QtyInPackage><UnitOfMeasurePrice>0.0258</UnitOfMeasurePrice><AllowDiscount>1</AllowDiscount><ItemStatus>1</ItemStatus><ItemPrice>21.90</ItemPrice></item><item><PriceUpdateDate>2015-10-19 10:44:35</PriceUpdateDate><ItemCode>7290006664969</ItemCode><ItemType>1</ItemType><ItemName>מארז דנונה שמיניה במ</ItemName><ManufacturerName>דנונה</ManufacturerName><ManufactureCountry>ישראל</ManufactureCountry><ManufacturerItemDescription>מארז 1/8 מתיקות מעודנת</ManufacturerItemDescription><SoldByWeight/><Quantity>1200.00</Quantity><UnitOfMeasure>מ"ל</UnitOfMeasure><QtyInPackage>לא ידוע</QtyInPackage><UnitOfMeasurePrice>0.0170</UnitOfMeasurePrice><AllowDiscount>1</AllowDiscount><ItemStatus>1</ItemStatus><ItemPrice>20.40</ItemPrice></item><item><PriceUpdateDate>2015-10-01 00:29:11</PriceUpdateDate><ItemCode>7290006664990</ItemCode><ItemType>1</ItemType><ItemName>מארז דנונה ביו 1.7%</ItemName><ManufacturerName>דנונה</ManufacturerName><ManufactureCountry>ישראל</ManufactureCountry><ManufacturerItemDescription>מארז דנונה ביו 1.7%</ManufacturerItemDescription><SoldByWeight/><Quantity>1200.00</Quantity><UnitOfMeasure>מ"ל</UnitOfMeasure><QtyInPackage>לא ידוע</QtyInPackage><UnitOfMeasurePrice>0.0147</UnitOfMeasurePrice><AllowDiscount>1</AllowDiscount><ItemStatus>1</ItemStatus><ItemPrice>17.60</ItemPrice></item><item><PriceUpdateDate>2016-08-02 09:29:58</PriceUpdateDate><ItemCode>7290006681003</ItemCode><ItemType>1</ItemType><ItemName>גלידות קרמיסימו סורב</ItemName><ManufacturerName>קרמיסימו</ManufacturerName><ManufactureCountry>ישראל</ManufactureCountry><ManufacturerItemDescription>גלידות קרמיסימו סורב</ManufacturerItemDescription><SoldByWeight/><Quantity>1330.00</Quantity><UnitOfMeasure>מ"ל</UnitOfMeasure><QtyInPackage>לא ידוע</QtyInPackage><UnitOfMeasurePrice>0.0150</UnitOfMeasurePrice><AllowDiscount>1</AllowDiscount><ItemStatus>1</ItemStatus><ItemPrice>19.90</ItemPrice></item><item><PriceUpdateDate>2016-06-28 07:04:11</PriceUpdateDate><ItemCode>7290006681577</ItemCode><ItemType>1</ItemType><ItemName>מב אסקימו לימון דובד</ItemName><ManufacturerName>אסקימו</ManufacturerName><ManufactureCountry>ישראל</ManufactureCountry><ManufacturerItemDescription>מאגדת אסקימו לימון דובדבן</ManufacturerItemDescription><SoldByWeight/><Quantity>700.00</Quantity><UnitOfMeasure>גרם     </UnitOfMeasure><QtyInPackage>לא ידוע</QtyInPackage><UnitOfMeasurePrice>0.0184</UnitOfMeasurePrice><AllowDiscount>1</AllowDiscount><ItemStatus>1</ItemStatus><ItemPrice>12.90</ItemPrice></item><item><PriceUpdateDate>2016-03-01 07:00:56</PriceUpdateDate><ItemCode>7290006681843</ItemCode><ItemType>1</ItemType><ItemName>מאגדת לייט פרי  420</ItemName><ManufacturerName>שטראוס לייט</ManufacturerName><ManufactureCountry>ישראל</ManufactureCountry><ManufacturerItemDescription>מאגדת לייט פרי</ManufacturerItemDescription><SoldByWeight/><Quantity>300.00</Quantity><UnitOfMeasure>גרם     </UnitOfMeasure><QtyInPackage>לא ידוע</QtyInPackage><UnitOfMeasurePrice>0.0950</UnitOfMeasurePrice><AllowDiscount>1</AllowDiscount><ItemStatus>1</ItemStatus><ItemPrice>28.50</ItemPrice></item><item><PriceUpdateDate>2016-06-28 07:04:11</PriceUpdateDate><ItemCode>7290006696649</ItemCode><ItemType>1</ItemType><ItemName>יין זינפנדל 750 מ"ל</ItemName><ManufacturerName>יקבי אפרת</ManufacturerName><ManufactureCountry>ישראל</ManufactureCountry><ManufacturerItemDescription>יין זינפנדל 750 מ"ל</ManufacturerItemDescription><SoldByWeight/><Quantity>750.00</Quantity><UnitOfMeasure>מ"ל</UnitOfMeasure><QtyInPackage>לא ידוע</QtyInPackage><UnitOfMeasurePrice>0.0399</UnitOfMeasurePrice><AllowDiscount>1</AllowDiscount><ItemStatus>1</ItemStatus><ItemPrice>29.90</ItemPrice></item><item><PriceUpdateDate>2016-06-28 07:04:11</PriceUpdateDate><ItemCode>7290006696656</ItemCode><ItemType>1</ItemType><ItemName>יין אפרת ישראלי שירא</ItemName><ManufacturerName>ישראלי</ManufacturerName><ManufactureCountry>ישראל</ManufactureCountry><ManufacturerItemDescription>יין אפרת ישראלי שירא</ManufacturerItemDescription><SoldByWeight/><Quantity>750.00</Quantity><UnitOfMeasure>מ"ל</UnitOfMeasure><QtyInPackage>לא ידוע</QtyInPackage><UnitOfMeasurePrice>0.0399</UnitOfMeasurePrice><AllowDiscount>1</AllowDiscount><ItemStatus>1</ItemStatus><ItemPrice>29.90</ItemPrice></item><item><PriceUpdateDate>2016-08-02 09:29:58</PriceUpdateDate><ItemCode>7290006732668</ItemCode><ItemType>1</ItemType><ItemName>מב עוגת שמרים שושנים</ItemName><ManufacturerName>לחמי</ManufacturerName><ManufactureCountry>ישראל</ManufactureCountry><ManufacturerItemDescription>עוגת שמרים שושנים טריפל ש</ManufacturerItemDescription><SoldByWeight/><Quantity>400.00</Quantity><UnitOfMeasure>גרם     </UnitOfMeasure><QtyInPackage>לא ידוע</QtyInPackage><UnitOfMeasurePrice>0.0373</UnitOfMeasurePrice><AllowDiscount>1</AllowDiscount><ItemStatus>1</ItemStatus><ItemPrice>14.90</ItemPrice></item><item><PriceUpdateDate>2016-08-07 20:02:48</PriceUpdateDate><ItemCode>7290006738127</ItemCode><ItemType>1</ItemType><ItemName>חזה בקר דק דק 150 גר</ItemName><ManufacturerName>זוגלובק</ManufacturerName><ManufactureCountry>ישראל</ManufactureCountry><ManufacturerItemDescription>חזה בקר דק דק דק 150 גרם</ManufacturerItemDescription><SoldByWeight/><Quantity>150.00</Quantity><UnitOfMeasure>גרם     </UnitOfMeasure><QtyInPackage>לא ידוע</QtyInPackage><UnitOfMeasurePrice>0.1127</UnitOfMeasurePrice><AllowDiscount>1</AllowDiscount><ItemStatus>1</ItemStatus><ItemPrice>16.90</ItemPrice></item><item><PriceUpdateDate>2016-08-07 20:02:48</PriceUpdateDate><ItemCode>7290006738530</ItemCode><ItemType>1</ItemType><ItemName>פסטרמה חזה עוף דק דק</ItemName><ManufacturerName>זוגלובק</ManufacturerName><ManufactureCountry>ישראל</ManufactureCountry><ManufacturerItemDescription>פסטרמה חזה עוף 150 גר דק</ManufacturerItemDescription><SoldByWeight/><Quantity>150.00</Quantity><UnitOfMeasure>גרם     </UnitOfMeasure><QtyInPackage>לא ידוע</QtyInPackage><UnitOfMeasurePrice>0.1127</UnitOfMeasurePrice><AllowDiscount>1</AllowDiscount><ItemStatus>1</ItemStatus><ItemPrice>16.90</ItemPrice></item><item><PriceUpdateDate>2016-08-02 09:29:58</PriceUpdateDate><ItemCode>7290006739414</ItemCode><ItemType>1</ItemType><ItemName>מב נקניק קוניאק 300</ItemName><ManufacturerName>זוגלובק</ManufacturerName><ManufactureCountry>ישראל</ManufactureCountry><ManufacturerItemDescription>סלמי קוניאק 300 גרם</ManufacturerItemDescription><SoldByWeight/><Quantity>300.00</Quantity><UnitOfMeasure>גרם     </UnitOfMeasure><QtyInPackage>לא ידוע</QtyInPackage><UnitOfMeasurePrice>0.0863</UnitOfMeasurePrice><AllowDiscount>1</AllowDiscount><ItemStatus>1</ItemStatus><ItemPrice>25.90</ItemPrice></item><item><PriceUpdateDate>2016-08-02 09:29:59</PriceUpdateDate><ItemCode>7290006741363</ItemCode><ItemType>1</ItemType><ItemName>מב בורקס תפו"א בד"צ</ItemName><ManufacturerName>זוגלובק</ManufacturerName><ManufactureCountry>ישראל</ManufactureCountry><ManufacturerItemDescription>בורקס תפוא 800 גר</ManufacturerItemDescription><SoldByWeight/><Quantity>800.00</Quantity><UnitOfMeasure>גרם     </UnitOfMeasure><QtyInPackage>לא ידוע</QtyInPackage><UnitOfMeasurePrice>0.0211</UnitOfMeasurePrice><AllowDiscount>1</AllowDiscount><ItemStatus>1</ItemStatus><ItemPrice>16.90</ItemPrice></item><item><PriceUpdateDate>2016-08-02 09:29:59</PriceUpdateDate><ItemCode>7290006742308</ItemCode><ItemType>1</ItemType><ItemName>מב פסטרמה חזה עוף בר</ItemName><ManufacturerName>זוגלובק</ManufacturerName><ManufactureCountry>ישראל</ManufactureCountry><ManufacturerItemDescription>מב פסטרמה חזה עוף בר</ManufacturerItemDescription><SoldByWeight/><Quantity>300.00</Quantity><UnitOfMeasure>גרם     </UnitOfMeasure><QtyInPackage>לא ידוע</QtyInPackage><UnitOfMeasurePrice>0.0863</UnitOfMeasurePrice><AllowDiscount>1</AllowDiscount><ItemStatus>1</ItemStatus><ItemPrice>25.90</ItemPrice></item><item><PriceUpdateDate>2016-05-01 10:32:52</PriceUpdateDate><ItemCode>7290006764058</ItemCode><ItemType>1</ItemType><ItemName>בירה נשר לבן 500 מ"ל</ItemName><ManufacturerName>נשר</ManufacturerName><ManufactureCountry>ישראל</ManufactureCountry><ManufacturerItemDescription>בירה נשר לבן 500 מ"ל</ManufacturerItemDescription><SoldByWeight/><Quantity>500.00</Quantity><UnitOfMeasure>מ"ל</UnitOfMeasure><QtyInPackage>לא ידוע</QtyInPackage><UnitOfMeasurePrice>0.0152</UnitOfMeasurePrice><AllowDiscount>1</AllowDiscount><ItemStatus>1</ItemStatus><ItemPrice>7.60</ItemPrice></item><item><PriceUpdateDate>2016-05-01 10:32:52</PriceUpdateDate><ItemCode>7290006764065</ItemCode><ItemType>1</ItemType><ItemName>בירה מאלט 500 מ''ל</ItemName><ManufacturerName>נשר מאלט</ManufacturerName><ManufactureCountry>ישראל</ManufactureCountry><ManufacturerItemDescription>בירה נשר מאלט 500 מל בקב.</ManufacturerItemDescription><SoldByWeight/><Quantity>500.00</Quantity><UnitOfMeasure>מ"ל</UnitOfMeasure><QtyInPackage>לא ידוע</QtyInPackage><UnitOfMeasurePrice>0.0114</UnitOfMeasurePrice><AllowDiscount>1</AllowDiscount><ItemStatus>1</ItemStatus><ItemPrice>5.70</ItemPrice></item><item><PriceUpdateDate>2016-05-31 06:16:32</PriceUpdateDate><ItemCode>7290006764072</ItemCode><ItemType>1</ItemType><ItemName>בירה גולדסטאר 500 מ"</ItemName><ManufacturerName>גולדסטאר</ManufacturerName><ManufactureCountry>ישראל</ManufactureCountry><ManufacturerItemDescription>בירה גולדסטאר.500 מל בק ח</ManufacturerItemDescription><SoldByWeight/><Quantity>500.00</Quantity><UnitOfMeasure>מ"ל</UnitOfMeasure><QtyInPackage>לא ידוע</QtyInPackage><UnitOfMeasurePrice>0.0138</UnitOfMeasurePrice><AllowDiscount>1</AllowDiscount><ItemStatus>1</ItemStatus><ItemPrice>6.90</ItemPrice></item><item><PriceUpdateDate>2016-08-02 09:29:59</PriceUpdateDate><ItemCode>7290006764485</ItemCode><ItemType>1</ItemType><ItemName>מב בירה מאלט שישייה</ItemName><ManufacturerName>נשר מאלט</ManufacturerName><ManufactureCountry>ישראל</ManufactureCountry><ManufacturerItemDescription>מב בירה מאלט שישייה</ManufacturerItemDescription><SoldByWeight/><Quantity>1980.00</Quantity><UnitOfMeasure>מ"ל</UnitOfMeasure><QtyInPackage>לא ידוע</QtyInPackage><UnitOfMeasurePrice>0.0127</UnitOfMeasurePrice><AllowDiscount>1</AllowDiscount><ItemStatus>1</ItemStatus><ItemPrice>25.20</ItemPrice></item><item><PriceUpdateDate>2016-05-01 10:32:53</PriceUpdateDate><ItemCode>7290006775047</ItemCode><ItemType>1</ItemType><ItemName>עוגת אחווה שוקולד 45</ItemName><ManufacturerName>אחוה</ManufacturerName><ManufactureCountry>ישראל</ManufactureCountry><ManufacturerItemDescription>עוגת אחווה שוקולד 45</ManufacturerItemDescription><SoldByWeight/><Quantity>450.00</Quantity><UnitOfMeasure>גרם     </UnitOfMeasure><QtyInPackage>לא ידוע</QtyInPackage><UnitOfMeasurePrice>0.0280</UnitOfMeasurePrice><AllowDiscount>1</AllowDiscount><ItemStatus>1</ItemStatus><ItemPrice>12.60</ItemPrice></item><item><PriceUpdateDate>2016-05-01 10:32:53</PriceUpdateDate><ItemCode>7290006775085</ItemCode><ItemType>1</ItemType><ItemName>עוגת אחווה שמרים שוק</ItemName><ManufacturerName>אחוה</ManufacturerName><ManufactureCountry>ישראל</ManufactureCountry><ManufacturerItemDescription>עוגת אחווה שמרים שוק</ManufacturerItemDescription><SoldByWeight/><Quantity>400.00</Quantity><UnitOfMeasure>גרם     </UnitOfMeasure><QtyInPackage>לא ידוע</QtyInPackage><UnitOfMeasurePrice>0.0373</UnitOfMeasurePrice><AllowDiscount>1</AllowDiscount><ItemStatus>1</ItemStatus><ItemPrice>14.90</ItemPrice></item><item><PriceUpdateDate>2016-06-28 07:04:13</PriceUpdateDate><ItemCode>7290006775900</ItemCode><ItemType>1</ItemType><ItemName>עוגיות מיני מרוקאיות</ItemName><ManufacturerName>אחווה</ManufacturerName><ManufactureCountry>ישראל</ManufactureCountry><ManufacturerItemDescription>עוגיות מיני מרוקאיות</ManufacturerItemDescription><SoldByWeight/><Quantity>500.00</Quantity><UnitOfMeasure>גרם     </UnitOfMeasure><QtyInPackage>לא ידוע</QtyInPackage><UnitOfMeasurePrice>0.0318</UnitOfMeasurePrice><AllowDiscount>1</AllowDiscount><ItemStatus>1</ItemStatus><ItemPrice>15.90</ItemPrice></item><item><PriceUpdateDate>2016-05-01 10:33:00</PriceUpdateDate><ItemCode>7290006822840</ItemCode><ItemType>1</ItemType><ItemName>בירה מאלט 1.5 ליטר</ItemName><ManufacturerName>מאלטי</ManufacturerName><ManufactureCountry>ישראל</ManufactureCountry><ManufacturerItemDescription>בירה מאלטי 1.5 ליטר</ManufacturerItemDescription><SoldByWeight/><Quantity>1500.00</Quantity><UnitOfMeasure>מ"ל</UnitOfMeasure><QtyInPackage>לא ידוע</QtyInPackage><UnitOfMeasurePrice>0.0062</UnitOfMeasurePrice><AllowDiscount>0</AllowDiscount><ItemStatus>1</ItemStatus><ItemPrice>9.30</ItemPrice></item><item><PriceUpdateDate>2016-05-01 10:33:00</PriceUpdateDate><ItemCode>7290006822857</ItemCode><ItemType>1</ItemType><ItemName>בירה מאלט דיאט 1.5 ל</ItemName><ManufacturerName>מאלטי דיאט</ManufacturerName><ManufactureCountry>ישראל</ManufactureCountry><ManufacturerItemDescription>בירה מאלט דיאט 1.5 ל</ManufacturerItemDescription><SoldByWeight/><Quantity>1500.00</Quantity><UnitOfMeasure>מ"ל</UnitOfMeasure><QtyInPackage>לא ידוע</QtyInPackage><UnitOfMeasurePrice>0.0062</UnitOfMeasurePrice><AllowDiscount>0</AllowDiscount><ItemStatus>1</ItemStatus><ItemPrice>9.30</ItemPrice></item><item><PriceUpdateDate>2016-08-02 09:29:59</PriceUpdateDate><ItemCode>7290006855183</ItemCode><ItemType>1</ItemType><ItemName>חטיף ברבריא תמרים אג</ItemName><ManufacturerName>לא ממותג</ManufacturerName><ManufactureCountry>ישראל</ManufactureCountry><ManufacturerItemDescription>מאגדת ברבריא תמרים ואגוזי</ManufacturerItemDescription><SoldByWeight/><Quantity>108.00</Quantity><UnitOfMeasure>גרם     </UnitOfMeasure><QtyInPackage>לא ידוע</QtyInPackage><UnitOfMeasurePrice>0.1843</UnitOfMeasurePrice><AllowDiscount>1</AllowDiscount><ItemStatus>1</ItemStatus><ItemPrice>19.90</ItemPrice></item><item><PriceUpdateDate>2016-08-02 09:29:59</PriceUpdateDate><ItemCode>7290006855244</ItemCode><ItemType>1</ItemType><ItemName>חטיף ברבריא אגוזים ש</ItemName><ManufacturerName>לא ממותג</ManufacturerName><ManufactureCountry>ישראל</ManufactureCountry><ManufacturerItemDescription>מאגדת ברבריא אגוזים וצימו</ManufacturerItemDescription><SoldByWeight/><Quantity>108.00</Quantity><UnitOfMeasure>גרם     </UnitOfMeasure><QtyInPackage>לא ידוע</QtyInPackage><UnitOfMeasurePrice>0.1843</UnitOfMeasurePrice><AllowDiscount>1</AllowDiscount><ItemStatus>1</ItemStatus><ItemPrice>19.90</ItemPrice></item><item><PriceUpdateDate>2016-08-02 09:29:59</PriceUpdateDate><ItemCode>7290006855251</ItemCode><ItemType>1</ItemType><ItemName>חטיף ברבריא קשיו אגו</ItemName><ManufacturerName>לא ממותג</ManufacturerName><ManufactureCountry>ישראל</ManufactureCountry><ManufacturerItemDescription>מאגדת ברבריא קשיו וחמוציו</ManufacturerItemDescription><SoldByWeight/><Quantity>108.00</Quantity><UnitOfMeasure>גרם     </UnitOfMeasure><QtyInPackage>לא ידוע</QtyInPackage><UnitOfMeasurePrice>0.1843</UnitOfMeasurePrice><AllowDiscount>1</AllowDiscount><ItemStatus>1</ItemStatus><ItemPrice>19.90</ItemPrice></item><item><PriceUpdateDate>2016-03-29 07:51:14</PriceUpdateDate><ItemCode>7290006866363</ItemCode><ItemType>1</ItemType><ItemName>מיץ סחוט אשכוליות אד</ItemName><ManufacturerName>פרימור</ManufacturerName><ManufactureCountry>ישראל</ManufactureCountry><ManufacturerItemDescription>מיץ סחוט אשכוליות אד</ManufacturerItemDescription><SoldByWeight/><Quantity>1000.00</Quantity><UnitOfMeasure>מ"ל</UnitOfMeasure><QtyInPackage>לא ידוע</QtyInPackage><UnitOfMeasurePrice>0.0152</UnitOfMeasurePrice><AllowDiscount>1</AllowDiscount><ItemStatus>1</ItemStatus><ItemPrice>15.20</ItemPrice></item><item><PriceUpdateDate>2016-08-02 09:29:59</PriceUpdateDate><ItemCode>7290006895745</ItemCode><ItemType>1</ItemType><ItemName>מב קציצות עוף וכרישה</ItemName><ManufacturerName>מאמא עוף קפוא</ManufacturerName><ManufactureCountry>ישראל</ManufactureCountry><ManufacturerItemDescription>קציצות עוף וכרישה 600 גר</ManufacturerItemDescription><SoldByWeight/><Quantity>600.00</Quantity><UnitOfMeasure>גרם     </UnitOfMeasure><QtyInPackage>לא ידוע</QtyInPackage><UnitOfMeasurePrice>0.0448</UnitOfMeasurePrice><AllowDiscount>1</AllowDiscount><ItemStatus>1</ItemStatus><ItemPrice>26.90</ItemPrice></item><item><PriceUpdateDate>2016-05-01 10:33:01</PriceUpdateDate><ItemCode>7290006983152</ItemCode><ItemType>1</ItemType><ItemName>קרוטונים מתובלים למר</ItemName><ManufacturerName>אסם</ManufacturerName><ManufactureCountry>ישראל</ManufactureCountry><ManufacturerItemDescription>קרוטונים מתובלים למר</ManufacturerItemDescription><SoldByWeight/><Quantity>400.00</Quantity><UnitOfMeasure>גרם     </UnitOfMeasure><QtyInPackage>לא ידוע</QtyInPackage><UnitOfMeasurePrice>0.0525</UnitOfMeasurePrice><AllowDiscount>1</AllowDiscount><ItemStatus>1</ItemStatus><ItemPrice>21.00</ItemPrice></item><item><PriceUpdateDate>2016-08-02 09:29:59</PriceUpdateDate><ItemCode>7290006983176</ItemCode><ItemType>1</ItemType><ItemName>לחמית שיפון  230 גרם</ItemName><ManufacturerName>לחמית</ManufacturerName><ManufactureCountry>ישראל</ManufactureCountry><ManufacturerItemDescription>לחמית עם שיפון 230 גרם</ManufacturerItemDescription><SoldByWeight/><Quantity>230.00</Quantity><UnitOfMeasure>גרם     </UnitOfMeasure><QtyInPackage>לא ידוע</QtyInPackage><UnitOfMeasurePrice>0.0430</UnitOfMeasurePrice><AllowDiscount>1</AllowDiscount><ItemStatus>1</ItemStatus><ItemPrice>9.90</ItemPrice></item><item><PriceUpdateDate>2016-05-31 06:16:34</PriceUpdateDate><ItemCode>7290006983763</ItemCode><ItemType>1</ItemType><ItemName>עוגת הבית שוקולד 400</ItemName><ManufacturerName>עוגות הבית</ManufacturerName><ManufactureCountry>ישראל</ManufactureCountry><ManufacturerItemDescription>עוגת הבית שוקולד 400 גר</ManufacturerItemDescription><SoldByWeight/><Quantity>400.00</Quantity><UnitOfMeasure>גרם     </UnitOfMeasure><QtyInPackage>לא ידוע</QtyInPackage><UnitOfMeasurePrice>0.0273</UnitOfMeasurePrice><AllowDiscount>0</AllowDiscount><ItemStatus>1</ItemStatus><ItemPrice>10.90</ItemPrice></item><item><PriceUpdateDate>2016-05-31 06:16:35</PriceUpdateDate><ItemCode>7290006983787</ItemCode><ItemType>1</ItemType><ItemName>עוגת הבית שוקוצ'יפס</ItemName><ManufacturerName>עוגות הבית</ManufacturerName><ManufactureCountry>ישראל</ManufactureCountry><ManufacturerItemDescription>עוגת הבית שוקוציפס 400 גר</ManufacturerItemDescription><SoldByWeight/><Quantity>400.00</Quantity><UnitOfMeasure>גרם     </UnitOfMeasure><QtyInPackage>לא ידוע</QtyInPackage><UnitOfMeasurePrice>0.0273</UnitOfMeasurePrice><AllowDiscount>0</AllowDiscount><ItemStatus>1</ItemStatus><ItemPrice>10.90</ItemPrice></item><item><PriceUpdateDate>2016-05-31 06:16:35</PriceUpdateDate><ItemCode>7290006983794</ItemCode><ItemType>1</ItemType><ItemName>עוגת הבית תפוז 400 ג</ItemName><ManufacturerName>עוגות הבית</ManufacturerName><ManufactureCountry>ישראל</ManufactureCountry><ManufacturerItemDescription>עוגת הבית תפוז 400 גר</ManufacturerItemDescription><SoldByWeight/><Quantity>400.00</Quantity><UnitOfMeasure>גרם     </UnitOfMeasure><QtyInPackage>לא ידוע</QtyInPackage><UnitOfMeasurePrice>0.0273</UnitOfMeasurePrice><AllowDiscount>0</AllowDiscount><ItemStatus>1</ItemStatus><ItemPrice>10.90</ItemPrice></item><item><PriceUpdateDate>2015-10-19 10:44:36</PriceUpdateDate><ItemCode>7290006984647</ItemCode><ItemType>1</ItemType><ItemName>חטיפי פריכונים בטעם</ItemName><ManufacturerName>פריכונים</ManufacturerName><ManufactureCountry>ישראל</ManufactureCountry><ManufacturerItemDescription>חטיפי פריכונים בטעם</ManufacturerItemDescription><SoldByWeight/><Quantity>14.00</Quantity><UnitOfMeasure>גרם     </UnitOfMeasure><QtyInPackage>לא ידוע</QtyInPackage><UnitOfMeasurePrice>0.6643</UnitOfMeasurePrice><AllowDiscount>1</AllowDiscount><ItemStatus>1</ItemStatus><ItemPrice>9.30</ItemPrice></item><item><PriceUpdateDate>2016-05-31 06:16:35</PriceUpdateDate><ItemCode>7290006992390</ItemCode><ItemType>1</ItemType><ItemName>דייסת מטרנה וניל בד"</ItemName><ManufacturerName>מטרנה</ManufacturerName><ManufactureCountry>ישראל</ManufactureCountry><ManufacturerItemDescription>דייסת וניל מטרנה 200 גרם</ManufacturerItemDescription><SoldByWeight/><Quantity>200.00</Quantity><UnitOfMeasure>גרם     </UnitOfMeasure><QtyInPackage>לא ידוע</QtyInPackage><UnitOfMeasurePrice>0.0725</UnitOfMeasurePrice><AllowDiscount>1</AllowDiscount><ItemStatus>1</ItemStatus><ItemPrice>14.50</ItemPrice></item><item><PriceUpdateDate>2016-05-01 10:33:02</PriceUpdateDate><ItemCode>7290007008146</ItemCode><ItemType>1</ItemType><ItemName>חרדל לחיץ רגיל פלוכמ</ItemName><ManufacturerName>לא ידוע</ManufacturerName><ManufactureCountry>ישראל</ManufactureCountry><ManufacturerItemDescription>חרדל לחיץ רגיל פלוכמ</ManufacturerItemDescription><SoldByWeight/><Quantity>297.00</Quantity><UnitOfMeasure>גרם     </UnitOfMeasure><QtyInPackage>לא ידוע</QtyInPackage><UnitOfMeasurePrice>0.0441</UnitOfMeasurePrice><AllowDiscount>1</AllowDiscount><ItemStatus>1</ItemStatus><ItemPrice>13.10</ItemPrice></item><item><PriceUpdateDate>2016-03-29 07:51:15</PriceUpdateDate><ItemCode>7290008021104</ItemCode><ItemType>1</ItemType><ItemName>מרכך פינוק לשיער רגי</ItemName><ManufacturerName>פינוק</ManufacturerName><ManufactureCountry>ישראל</ManufactureCountry><ManufacturerItemDescription>מרכך פינוק לשיער רגי</ManufacturerItemDescription><SoldByWeight/><Quantity>700.00</Quantity><UnitOfMeasure>מ"ל</UnitOfMeasure><QtyInPackage>לא ידוע</QtyInPackage><UnitOfMeasurePrice>0.0184</UnitOfMeasurePrice><AllowDiscount>1</AllowDiscount><ItemStatus>1</ItemStatus><ItemPrice>12.90</ItemPrice></item><item><PriceUpdateDate>2016-03-29 07:51:15</PriceUpdateDate><ItemCode>7290008021111</ItemCode><ItemType>1</ItemType><ItemName>מרכך פינוק לשיער יבש</ItemName><ManufacturerName>פינוק</ManufacturerName><ManufactureCountry>ישראל</ManufactureCountry><ManufacturerItemDescription>מרכך פינוק לשיער יבש</ManufacturerItemDescription><SoldByWeight/><Quantity>700.00</Quantity><UnitOfMeasure>מ"ל</UnitOfMeasure><QtyInPackage>לא ידוע</QtyInPackage><UnitOfMeasurePrice>0.0184</UnitOfMeasurePrice><AllowDiscount>1</AllowDiscount><ItemStatus>1</ItemStatus><ItemPrice>12.90</ItemPrice></item><item><PriceUpdateDate>2016-03-29 07:51:15</PriceUpdateDate><ItemCode>7290008021135</ItemCode><ItemType>1</ItemType><ItemName>שמפו פינוק לשיער רגי</ItemName><ManufacturerName>פינוק</ManufacturerName><ManufactureCountry>ישראל</ManufactureCountry><ManufacturerItemDescription>שמפו פינוק לשיער רגי</ManufacturerItemDescription><SoldByWeight/><Quantity>700.00</Quantity><UnitOfMeasure>מ"ל</UnitOfMeasure><QtyInPackage>לא ידוע</QtyInPackage><UnitOfMeasurePrice>0.0184</UnitOfMeasurePrice><AllowDiscount>1</AllowDiscount><ItemStatus>1</ItemStatus><ItemPrice>12.90</ItemPrice></item><item><PriceUpdateDate>2016-08-02 09:30:00</PriceUpdateDate><ItemCode>7290008175494</ItemCode><ItemType>1</ItemType><ItemName>מב ממרח חמאה לורפק ע</ItemName><ManufacturerName>לורפק</ManufacturerName><ManufactureCountry>ישראל</ManufactureCountry><ManufacturerItemDescription>ממרח חמאה 250 גר LURPAKעם</ManufacturerItemDescription><SoldByWeight/><Quantity>250.00</Quantity><UnitOfMeasure>גרם     </UnitOfMeasure><QtyInPackage>לא ידוע</QtyInPackage><UnitOfMeasurePrice>0.0480</UnitOfMeasurePrice><AllowDiscount>1</AllowDiscount><ItemStatus>1</ItemStatus><ItemPrice>12.00</ItemPrice></item><item><PriceUpdateDate>2016-05-01 10:33:02</PriceUpdateDate><ItemCode>7290008190640</ItemCode><ItemType>1</ItemType><ItemName>וופל אגו אגוזים 130</ItemName><ManufacturerName>אגו</ManufacturerName><ManufactureCountry>ישראל</ManufactureCountry><ManufacturerItemDescription>וופל אגו אגוזים 130</ManufacturerItemDescription><SoldByWeight/><Quantity>130.00</Quantity><UnitOfMeasure>גרם     </UnitOfMeasure><QtyInPackage>לא ידוע</QtyInPackage><UnitOfMeasurePrice>0.0762</UnitOfMeasurePrice><AllowDiscount>1</AllowDiscount><ItemStatus>1</ItemStatus><ItemPrice>9.90</ItemPrice></item><item><PriceUpdateDate>2016-08-02 09:30:00</PriceUpdateDate><ItemCode>7290008213493</ItemCode><ItemType>1</ItemType><ItemName>מב משחת שיניים קולגי</ItemName><ManufacturerName>קולגייט</ManufacturerName><ManufactureCountry>פולין</ManufactureCountry><ManufacturerItemDescription>קולגייט טוטל פלוס הלבנה10</ManufacturerItemDescription><SoldByWeight/><Quantity>100.00</Quantity><UnitOfMeasure>מ"ל</UnitOfMeasure><QtyInPackage>לא ידוע</QtyInPackage><UnitOfMeasurePrice>0.1590</UnitOfMeasurePrice><AllowDiscount>1</AllowDiscount><ItemStatus>1</ItemStatus><ItemPrice>15.90</ItemPrice></item><item><PriceUpdateDate>2016-05-31 06:16:36</PriceUpdateDate><ItemCode>7290008330381</ItemCode><ItemType>1</ItemType><ItemName>דפים למייבש בדין ורו</ItemName><ManufacturerName>בדין</ManufacturerName><ManufactureCountry>ישראל</ManufactureCountry><ManufacturerItemDescription>דפים למייבש בדין ורו</ManufacturerItemDescription><SoldByWeight/><Quantity>1.00</Quantity><UnitOfMeasure>יח'</UnitOfMeasure><QtyInPackage>לא ידוע</QtyInPackage><UnitOfMeasurePrice>18.9000</UnitOfMeasurePrice><AllowDiscount>1</AllowDiscount><ItemStatus>1</ItemStatus><ItemPrice>18.90</ItemPrice></item><item><PriceUpdateDate>2015-11-10 07:32:39</PriceUpdateDate><ItemCode>7290008333115</ItemCode><ItemType>1</ItemType><ItemName>ג'לטין טהור ויליגר 2</ItemName><ManufacturerName>ויליגר</ManufacturerName><ManufactureCountry>ישראל</ManufactureCountry><ManufacturerItemDescription>גלטין טהור 28 גר</ManufacturerItemDescription><SoldByWeight/><Quantity>14.00</Quantity><UnitOfMeasure>גרם     </UnitOfMeasure><QtyInPackage>לא ידוע</QtyInPackage><UnitOfMeasurePrice>0.7286</UnitOfMeasurePrice><AllowDiscount>1</AllowDiscount><ItemStatus>1</ItemStatus><ItemPrice>10.20</ItemPrice></item><item><PriceUpdateDate>2016-05-01 10:33:04</PriceUpdateDate><ItemCode>7290008335577</ItemCode><ItemType>1</ItemType><ItemName>פסטלים  600 גרם תפו"</ItemName><ManufacturerName>שלושת האופים</ManufacturerName><ManufactureCountry>ישראל</ManufactureCountry><ManufacturerItemDescription>פסטלים תפוא 600 גרם</ManufacturerItemDescription><SoldByWeight/><Quantity>600.00</Quantity><UnitOfMeasure>גרם     </UnitOfMeasure><QtyInPackage>לא ידוע</QtyInPackage><UnitOfMeasurePrice>0.0182</UnitOfMeasurePrice><AllowDiscount>1</AllowDiscount><ItemStatus>1</ItemStatus><ItemPrice>10.90</ItemPrice></item><item><PriceUpdateDate>2016-05-29 15:09:21</PriceUpdateDate><ItemCode>7290008340618</ItemCode><ItemType>1</ItemType><ItemName>סלמון מעושן מצונן 10</ItemName><ManufacturerName>דלידג</ManufacturerName><ManufactureCountry>ישראל</ManufactureCountry><ManufacturerItemDescription>סלמון מעושן מצונן 100 גרם</ManufacturerItemDescription><SoldByWeight/><Quantity>100.00</Quantity><UnitOfMeasure>גרם     </UnitOfMeasure><QtyInPackage>לא ידוע</QtyInPackage><UnitOfMeasurePrice>0.1990</UnitOfMeasurePrice><AllowDiscount>1</AllowDiscount><ItemStatus>1</ItemStatus><ItemPrice>19.90</ItemPrice></item><item><PriceUpdateDate>2016-08-02 09:30:00</PriceUpdateDate><ItemCode>7290008344272</ItemCode><ItemType>1</ItemType><ItemName>מב המבורגר 100% 400</ItemName><ManufacturerName>טיבון ויל</ManufacturerName><ManufactureCountry>ישראל</ManufactureCountry><ManufacturerItemDescription>המבורגר 400 100% גרם</ManufacturerItemDescription><SoldByWeight/><Quantity>400.00</Quantity><UnitOfMeasure>גרם     </UnitOfMeasure><QtyInPackage>לא ידוע</QtyInPackage><UnitOfMeasurePrice>0.0472</UnitOfMeasurePrice><AllowDiscount>1</AllowDiscount><ItemStatus>1</ItemStatus><ItemPrice>18.90</ItemPrice></item><item><PriceUpdateDate>2016-05-31 06:16:36</PriceUpdateDate><ItemCode>7290008345576</ItemCode><ItemType>1</ItemType><ItemName>איקרה ביתית לבנה 300</ItemName><ManufacturerName>דלידג</ManufacturerName><ManufactureCountry>ישראל</ManufactureCountry><ManufacturerItemDescription>סלט איקרה לבנה 300 גר</ManufacturerItemDescription><SoldByWeight/><Quantity>300.00</Quantity><UnitOfMeasure>גרם     </UnitOfMeasure><QtyInPackage>לא ידוע</QtyInPackage><UnitOfMeasurePrice>0.0663</UnitOfMeasurePrice><AllowDiscount>1</AllowDiscount><ItemStatus>1</ItemStatus><ItemPrice>19.90</ItemPrice></item><item><PriceUpdateDate>2016-05-31 06:16:36</PriceUpdateDate><ItemCode>7290008345583</ItemCode><ItemType>1</ItemType><ItemName>איקרה ביתית ורודה 30</ItemName><ManufacturerName>דלידג</ManufacturerName><ManufactureCountry>ישראל</ManufactureCountry><ManufacturerItemDescription>סלט איקרה ורודה 300 גרם</ManufacturerItemDescription><SoldByWeight/><Quantity>300.00</Quantity><UnitOfMeasure>גרם     </UnitOfMeasure><QtyInPackage>לא ידוע</QtyInPackage><UnitOfMeasurePrice>0.0663</UnitOfMeasurePrice><AllowDiscount>1</AllowDiscount><ItemStatus>1</ItemStatus><ItemPrice>19.90</ItemPrice></item><item><PriceUpdateDate>2016-05-31 06:16:37</PriceUpdateDate><ItemCode>7290008409216</ItemCode><ItemType>1</ItemType><ItemName>שניצל דק דק פריך 700</ItemName><ManufacturerName>מאמא עוף קפוא</ManufacturerName><ManufactureCountry>ישראל</ManufactureCountry><ManufacturerItemDescription>שניצל דק דק פריך 700 גרם</ManufacturerItemDescription><SoldByWeight/><Quantity>700.00</Quantity><UnitOfMeasure>גרם     </UnitOfMeasure><QtyInPackage>לא ידוע</QtyInPackage><UnitOfMeasurePrice>0.0527</UnitOfMeasurePrice><AllowDiscount>1</AllowDiscount><ItemStatus>1</ItemStatus><ItemPrice>36.90</ItemPrice></item><item><PriceUpdateDate>2016-06-28 07:04:15</PriceUpdateDate><ItemCode>7290008409544</ItemCode><ItemType>1</ItemType><ItemName>מב שניצל עוף אמיתי מ</ItemName><ManufacturerName>מאמא עוף קפוא</ManufacturerName><ManufactureCountry>ישראל</ManufactureCountry><ManufacturerItemDescription>שניצל עוף אמיתי 700 גרם</ManufacturerItemDescription><SoldByWeight/><Quantity>700.00</Quantity><UnitOfMeasure>גרם     </UnitOfMeasure><QtyInPackage>לא ידוע</QtyInPackage><UnitOfMeasurePrice>0.0499</UnitOfMeasurePrice><AllowDiscount>1</AllowDiscount><ItemStatus>1</ItemStatus><ItemPrice>34.90</ItemPrice></item><item><PriceUpdateDate>2016-08-02 09:30:00</PriceUpdateDate><ItemCode>7290008409582</ItemCode><ItemType>1</ItemType><ItemName>מב שניצל אמיתי ביתי</ItemName><ManufacturerName>מאמא עוף קפוא</ManufacturerName><ManufactureCountry>ישראל</ManufactureCountry><ManufacturerItemDescription>שניצל אמיתי ביתי 700 גרם</ManufacturerItemDescription><SoldByWeight/><Quantity>700.00</Quantity><UnitOfMeasure>גרם     </UnitOfMeasure><QtyInPackage>לא ידוע</QtyInPackage><UnitOfMeasurePrice>0.0499</UnitOfMeasurePrice><AllowDiscount>1</AllowDiscount><ItemStatus>1</ItemStatus><ItemPrice>34.90</ItemPrice></item><item><PriceUpdateDate>2016-05-01 07:07:58</PriceUpdateDate><ItemCode>7290008409605</ItemCode><ItemType>1</ItemType><ItemName>מב כוכבי עוף 700 גרם</ItemName><ManufacturerName>מאמא עוף קפוא</ManufacturerName><ManufactureCountry>ישראל</ManufactureCountry><ManufacturerItemDescription>מב כוכבי עוף 700 גרם</ManufacturerItemDescription><SoldByWeight/><Quantity>700.00</Quantity><UnitOfMeasure>גרם     </UnitOfMeasure><QtyInPackage>לא ידוע</QtyInPackage><UnitOfMeasurePrice>0.0427</UnitOfMeasurePrice><AllowDiscount>1</AllowDiscount><ItemStatus>1</ItemStatus><ItemPrice>29.90</ItemPrice></item><item><PriceUpdateDate>2016-08-02 09:30:00</PriceUpdateDate><ItemCode>7290008409841</ItemCode><ItemType>1</ItemType><ItemName>רצועוף שומשום 65 מאמ</ItemName><ManufacturerName>מאמא עוף קפוא</ManufacturerName><ManufactureCountry>ישראל</ManufactureCountry><ManufacturerItemDescription>רצועוף שומשום 650 גרם</ManufacturerItemDescription><SoldByWeight/><Quantity>650.00</Quantity><UnitOfMeasure>גרם     </UnitOfMeasure><QtyInPackage>לא ידוע</QtyInPackage><UnitOfMeasurePrice>0.0725</UnitOfMeasurePrice><AllowDiscount>1</AllowDiscount><ItemStatus>1</ItemStatus><ItemPrice>47.10</ItemPrice></item><item><PriceUpdateDate>2016-01-05 07:14:11</PriceUpdateDate><ItemCode>7290008415071</ItemCode><ItemType>1</ItemType><ItemName>חומוס עם טחינה צבר 1</ItemName><ManufacturerName>צבר</ManufacturerName><ManufactureCountry>ישראל</ManufactureCountry><ManufacturerItemDescription>סלט חומוס וטחינה 150 גרם</ManufacturerItemDescription><SoldByWeight/><Quantity>150.00</Quantity><UnitOfMeasure>גרם     </UnitOfMeasure><QtyInPackage>לא ידוע</QtyInPackage><UnitOfMeasurePrice>0.0367</UnitOfMeasurePrice><AllowDiscount>1</AllowDiscount><ItemStatus>1</ItemStatus><ItemPrice>5.50</ItemPrice></item><item><PriceUpdateDate>2016-01-05 07:14:11</PriceUpdateDate><ItemCode>7290008415514</ItemCode><ItemType>1</ItemType><ItemName>חומוס עם חריף 150 גר</ItemName><ManufacturerName>צבר</ManufacturerName><ManufactureCountry>ישראל</ManufactureCountry><ManufacturerItemDescription>סלט חומוס וחריף 150 גרם</ManufacturerItemDescription><SoldByWeight/><Quantity>150.00</Quantity><UnitOfMeasure>גרם     </UnitOfMeasure><QtyInPackage>לא ידוע</QtyInPackage><UnitOfMeasurePrice>0.0367</UnitOfMeasurePrice><AllowDiscount>1</AllowDiscount><ItemStatus>1</ItemStatus><ItemPrice>5.50</ItemPrice></item><item><PriceUpdateDate>2016-08-02 09:30:00</PriceUpdateDate><ItemCode>7290008415576</ItemCode><ItemType>1</ItemType><ItemName>סלט חומוס 850 גרם צב</ItemName><ManufacturerName>צבר</ManufacturerName><ManufactureCountry>ישראל</ManufactureCountry><ManufacturerItemDescription>סלט חומוס 850 גרם צב</ManufacturerItemDescription><SoldByWeight/><Quantity>850.00</Quantity><UnitOfMeasure>גרם     </UnitOfMeasure><QtyInPackage>לא ידוע</QtyInPackage><UnitOfMeasurePrice>0.0194</UnitOfMeasurePrice><AllowDiscount>1</AllowDiscount><ItemStatus>1</ItemStatus><ItemPrice>16.50</ItemPrice></item><item><PriceUpdateDate>2015-03-06 08:55:52</PriceUpdateDate><ItemCode>7290008453981</ItemCode><ItemType>1</ItemType><ItemName>גביע 250 מל'+מכסה 10</ItemName><ManufacturerName>לא ממותג</ManufacturerName><ManufactureCountry>ישראל</ManufactureCountry><ManufacturerItemDescription>גביע 250 מל'+מכסה 10</ManufacturerItemDescription><SoldByWeight/><Quantity>0.00</Quantity><UnitOfMeasure>מ"ל</UnitOfMeasure><QtyInPackage>לא ידוע</QtyInPackage><UnitOfMeasurePrice>0.0000</UnitOfMeasurePrice><AllowDiscount>1</AllowDiscount><ItemStatus>1</ItemStatus><ItemPrice>5.00</ItemPrice></item><item><PriceUpdateDate>2016-05-01 10:33:06</PriceUpdateDate><ItemCode>7290008464475</ItemCode><ItemType>1</ItemType><ItemName>בירה מכבי פחית 500 מ</ItemName><ManufacturerName>מכבי</ManufacturerName><ManufactureCountry>ישראל</ManufactureCountry><ManufacturerItemDescription>בירה מכבי פחית500 מל</ManufacturerItemDescription><SoldByWeight/><Quantity>500.00</Quantity><UnitOfMeasure>מ"ל</UnitOfMeasure><QtyInPackage>לא ידוע</QtyInPackage><UnitOfMeasurePrice>0.0184</UnitOfMeasurePrice><AllowDiscount>1</AllowDiscount><ItemStatus>1</ItemStatus><ItemPrice>9.20</ItemPrice></item><item><PriceUpdateDate>2016-08-02 09:30:00</PriceUpdateDate><ItemCode>7290008464697</ItemCode><ItemType>1</ItemType><ItemName>מב שישיות בירה מכבי</ItemName><ManufacturerName>לא ממותג</ManufacturerName><ManufactureCountry>ישראל</ManufactureCountry><ManufacturerItemDescription>בירה מכבי 7.9% מארז 330*6</ManufacturerItemDescription><SoldByWeight/><Quantity>1980.00</Quantity><UnitOfMeasure>מ"ל</UnitOfMeasure><QtyInPackage>לא ידוע</QtyInPackage><UnitOfMeasurePrice>0.0164</UnitOfMeasurePrice><AllowDiscount>1</AllowDiscount><ItemStatus>1</ItemStatus><ItemPrice>32.50</ItemPrice></item><item><PriceUpdateDate>2016-05-01 10:33:07</PriceUpdateDate><ItemCode>7290008470889</ItemCode><ItemType>1</ItemType><ItemName>מארז שמינייה אורביט</ItemName><ManufacturerName>אורביט</ManufacturerName><ManufactureCountry>ישראל</ManufactureCountry><ManufacturerItemDescription>מארז שמינייה אורביט</ManufacturerItemDescription><SoldByWeight/><Quantity>40.00</Quantity><UnitOfMeasure>יח</UnitOfMeasure><QtyInPackage>לא ידוע</QtyInPackage><UnitOfMeasurePrice>0.4100</UnitOfMeasurePrice><AllowDiscount>1</AllowDiscount><ItemStatus>1</ItemStatus><ItemPrice>16.40</ItemPrice></item><item><PriceUpdateDate>2016-08-02 09:30:01</PriceUpdateDate><ItemCode>7290008493345</ItemCode><ItemType>1</ItemType><ItemName>בייגלה מקלות מלח 400</ItemName><ManufacturerName>מאיר את בייגל</ManufacturerName><ManufactureCountry>ישראל</ManufactureCountry><ManufacturerItemDescription>בייגלה מקלות מלח 400</ManufacturerItemDescription><SoldByWeight/><Quantity>400.00</Quantity><UnitOfMeasure>גרם     </UnitOfMeasure><QtyInPackage>לא ידוע</QtyInPackage><UnitOfMeasurePrice>0.0273</UnitOfMeasurePrice><AllowDiscount>0</AllowDiscount><ItemStatus>1</ItemStatus><ItemPrice>10.90</ItemPrice></item><item><PriceUpdateDate>2016-08-02 09:30:01</PriceUpdateDate><ItemCode>7290008493369</ItemCode><ItemType>1</ItemType><ItemName>בייגלה טבעות שומשום</ItemName><ManufacturerName>מאיר את בייגל</ManufacturerName><ManufactureCountry>ישראל</ManufactureCountry><ManufacturerItemDescription>בייגלה טבעות שומשום</ManufacturerItemDescription><SoldByWeight/><Quantity>330.00</Quantity><UnitOfMeasure>גרם     </UnitOfMeasure><QtyInPackage>לא ידוע</QtyInPackage><UnitOfMeasurePrice>0.0330</UnitOfMeasurePrice><AllowDiscount>0</AllowDiscount><ItemStatus>1</ItemStatus><ItemPrice>10.90</ItemPrice></item><item><PriceUpdateDate>2016-08-02 09:30:01</PriceUpdateDate><ItemCode>7290008493406</ItemCode><ItemType>1</ItemType><ItemName>מב גריסיני שומשום 17</ItemName><ManufacturerName>מאיר את בייגל</ManufacturerName><ManufactureCountry>ישראל</ManufactureCountry><ManufacturerItemDescription>מב גריסיני שומשום 17</ManufacturerItemDescription><SoldByWeight/><Quantity>175.00</Quantity><UnitOfMeasure>גרם     </UnitOfMeasure><QtyInPackage>לא ידוע</QtyInPackage><UnitOfMeasurePrice>0.0451</UnitOfMeasurePrice><AllowDiscount>1</AllowDiscount><ItemStatus>1</ItemStatus><ItemPrice>7.90</ItemPrice></item><item><PriceUpdateDate>2016-08-02 09:30:01</PriceUpdateDate><ItemCode>7290008493765</ItemCode><ItemType>1</ItemType><ItemName>בייגלה שטוחל'ה צ'ילי</ItemName><ManufacturerName>מאיר את בייגל</ManufacturerName><ManufactureCountry>ישראל</ManufactureCountry><ManufacturerItemDescription>שטוחלה מלח 350גרם</ManufacturerItemDescription><SoldByWeight/><Quantity>300.00</Quantity><UnitOfMeasure>גרם     </UnitOfMeasure><QtyInPackage>לא ידוע</QtyInPackage><UnitOfMeasurePrice>0.0363</UnitOfMeasurePrice><AllowDiscount>1</AllowDiscount><ItemStatus>1</ItemStatus><ItemPrice>10.90</ItemPrice></item><item><PriceUpdateDate>2016-05-01 10:33:08</PriceUpdateDate><ItemCode>7290008645935</ItemCode><ItemType>1</ItemType><ItemName>סלט חומוס אחלה 750 ג</ItemName><ManufacturerName>אחלה</ManufacturerName><ManufactureCountry>ישראל</ManufactureCountry><ManufacturerItemDescription>סלט חומוס אחלה 750 ג</ManufacturerItemDescription><SoldByWeight/><Quantity>750.00</Quantity><UnitOfMeasure>גרם     </UnitOfMeasure><QtyInPackage>לא ידוע</QtyInPackage><UnitOfMeasurePrice>0.0132</UnitOfMeasurePrice><AllowDiscount>1</AllowDiscount><ItemStatus>1</ItemStatus><ItemPrice>9.90</ItemPrice></item><item><PriceUpdateDate>2016-02-01 19:33:08</PriceUpdateDate><ItemCode>7290008690713</ItemCode><ItemType>1</ItemType><ItemName>נקטר חמוציות 1 ליטר</ItemName><ManufacturerName>אושן ספרי</ManufacturerName><ManufactureCountry>ישראל</ManufactureCountry><ManufacturerItemDescription>נקטר חמוציות</ManufacturerItemDescription><SoldByWeight/><Quantity>1000.00</Quantity><UnitOfMeasure>מ"ל</UnitOfMeasure><QtyInPackage>לא ידוע</QtyInPackage><UnitOfMeasurePrice>0.0132</UnitOfMeasurePrice><AllowDiscount>1</AllowDiscount><ItemStatus>1</ItemStatus><ItemPrice>13.20</ItemPrice></item><item><PriceUpdateDate>2015-10-11 06:43:59</PriceUpdateDate><ItemCode>7290008693134</ItemCode><ItemType>1</ItemType><ItemName>דניאלה תות 150 מ"ל</ItemName><ManufacturerName>דניאלה</ManufacturerName><ManufactureCountry>ישראל</ManufactureCountry><ManufacturerItemDescription>דניאלה מעדן גבינה תות 150</ManufacturerItemDescription><SoldByWeight/><Quantity>150.00</Quantity><UnitOfMeasure>מ"ל</UnitOfMeasure><QtyInPackage>לא ידוע</QtyInPackage><UnitOfMeasurePrice>0.0280</UnitOfMeasurePrice><AllowDiscount>1</AllowDiscount><ItemStatus>1</ItemStatus><ItemPrice>4.20</ItemPrice></item><item><PriceUpdateDate>2016-08-02 09:30:01</PriceUpdateDate><ItemCode>7290008713016</ItemCode><ItemType>1</ItemType><ItemName>מב לחם שבעה דגנים קל</ItemName><ManufacturerName>אנג'ל</ManufacturerName><ManufactureCountry>ישראל</ManufactureCountry><ManufacturerItemDescription>לחם שבעה דגנים קל 500 גרם</ManufacturerItemDescription><SoldByWeight/><Quantity>500.00</Quantity><UnitOfMeasure>גרם     </UnitOfMeasure><QtyInPackage>לא ידוע</QtyInPackage><UnitOfMeasurePrice>0.0278</UnitOfMeasurePrice><AllowDiscount>1</AllowDiscount><ItemStatus>1</ItemStatus><ItemPrice>13.90</ItemPrice></item><item><PriceUpdateDate>2016-05-01 10:33:08</PriceUpdateDate><ItemCode>7290008713184</ItemCode><ItemType>1</ItemType><ItemName>פיתות בשקית 10 יח''</ItemName><ManufacturerName>אנג'ל</ManufacturerName><ManufactureCountry>ישראל</ManufactureCountry><ManufacturerItemDescription>פיתות בשקית 10 יח''</ManufacturerItemDescription><SoldByWeight/><Quantity>1000.00</Quantity><UnitOfMeasure>גרם     </UnitOfMeasure><QtyInPackage>לא ידוע</QtyInPackage><UnitOfMeasurePrice>0.0099</UnitOfMeasurePrice><AllowDiscount>1</AllowDiscount><ItemStatus>1</ItemStatus><ItemPrice>9.90</ItemPrice></item><item><PriceUpdateDate>2016-05-01 10:33:09</PriceUpdateDate><ItemCode>7290008713498</ItemCode><ItemType>1</ItemType><ItemName>לחם עינן מסורתי 750</ItemName><ManufacturerName>עינן</ManufacturerName><ManufactureCountry>ישראל</ManufactureCountry><ManufacturerItemDescription>לחם עינן מסורתי 750 גר</ManufacturerItemDescription><SoldByWeight/><Quantity>750.00</Quantity><UnitOfMeasure>גרם     </UnitOfMeasure><QtyInPackage>לא ידוע</QtyInPackage><UnitOfMeasurePrice>0.0225</UnitOfMeasurePrice><AllowDiscount>1</AllowDiscount><ItemStatus>1</ItemStatus><ItemPrice>16.90</ItemPrice></item><item><PriceUpdateDate>2016-06-28 07:04:17</PriceUpdateDate><ItemCode>7290008713696</ItemCode><ItemType>1</ItemType><ItemName>הלחמניה המלאה אנג'ל</ItemName><ManufacturerName>אנג'ל</ManufacturerName><ManufactureCountry>ישראל</ManufactureCountry><ManufacturerItemDescription>הלחמניה  המלאה מקמח מלא 4</ManufacturerItemDescription><SoldByWeight/><Quantity>450.00</Quantity><UnitOfMeasure>גרם     </UnitOfMeasure><QtyInPackage>לא ידוע</QtyInPackage><UnitOfMeasurePrice>0.0296</UnitOfMeasurePrice><AllowDiscount>1</AllowDiscount><ItemStatus>1</ItemStatus><ItemPrice>13.30</ItemPrice></item><item><PriceUpdateDate>2016-05-01 10:33:09</PriceUpdateDate><ItemCode>7290008713917</ItemCode><ItemType>1</ItemType><ItemName>לחם שיפון כהה אנג''ל</ItemName><ManufacturerName>אנג'ל</ManufacturerName><ManufactureCountry>ישראל</ManufactureCountry><ManufacturerItemDescription>לחם שיפון כהה 750 גרם</ManufacturerItemDescription><SoldByWeight/><Quantity>750.00</Quantity><UnitOfMeasure>גרם     </UnitOfMeasure><QtyInPackage>לא ידוע</QtyInPackage><UnitOfMeasurePrice>0.0172</UnitOfMeasurePrice><AllowDiscount>1</AllowDiscount><ItemStatus>1</ItemStatus><ItemPrice>12.90</ItemPrice></item><item><PriceUpdateDate>2016-04-18 15:33:45</PriceUpdateDate><ItemCode>7290008746038</ItemCode><ItemType>1</ItemType><ItemName>בונבוניירה לבבות חלב</ItemName><ManufacturerName>ספלנדיד</ManufacturerName><ManufactureCountry>ישראל</ManufactureCountry><ManufacturerItemDescription>בונבוניירת לבבות חלב162 ג</ManufacturerItemDescription><SoldByWeight/><Quantity>162.00</Quantity><UnitOfMeasure>גרם     </UnitOfMeasure><QtyInPackage>לא ידוע</QtyInPackage><UnitOfMeasurePrice>0.1846</UnitOfMeasurePrice><AllowDiscount>1</AllowDiscount><ItemStatus>1</ItemStatus><ItemPrice>29.90</ItemPrice></item><item><PriceUpdateDate>2016-05-01 10:33:09</PriceUpdateDate><ItemCode>7290008750264</ItemCode><ItemType>1</ItemType><ItemName>מסטיק מאסט דובדבן 28</ItemName><ManufacturerName>לא ידוע</ManufacturerName><ManufactureCountry>ישראל</ManufactureCountry><ManufacturerItemDescription>מסטיק מאסט ציקלס דובדבן 2</ManufacturerItemDescription><SoldByWeight/><Quantity>0.00</Quantity><UnitOfMeasure>יח'</UnitOfMeasure><QtyInPackage>לא ידוע</QtyInPackage><UnitOfMeasurePrice>0.0000</UnitOfMeasurePrice><AllowDiscount>1</AllowDiscount><ItemStatus>1</ItemStatus><ItemPrice>4.50</ItemPrice></item><item><PriceUpdateDate>2016-05-01 10:33:10</PriceUpdateDate><ItemCode>7290008750400</ItemCode><ItemType>1</ItemType><ItemName>שוקולד פרה לבן עם עו</ItemName><ManufacturerName>פרה</ManufacturerName><ManufactureCountry>ישראל</ManufactureCountry><ManufacturerItemDescription>שוקולד פרה לבן עם עוגיות</ManufacturerItemDescription><SoldByWeight/><Quantity>100.00</Quantity><UnitOfMeasure>גרם     </UnitOfMeasure><QtyInPackage>לא ידוע</QtyInPackage><UnitOfMeasurePrice>0.0690</UnitOfMeasurePrice><AllowDiscount>0</AllowDiscount><ItemStatus>1</ItemStatus><ItemPrice>6.90</ItemPrice></item><item><PriceUpdateDate>2016-05-01 10:33:10</PriceUpdateDate><ItemCode>7290008750677</ItemCode><ItemType>1</ItemType><ItemName>שוקולד פרה במילוי קר</ItemName><ManufacturerName>פרה</ManufacturerName><ManufactureCountry>ישראל</ManufactureCountry><ManufacturerItemDescription>שוקולד פרה במילוי קר</ManufacturerItemDescription><SoldByWeight/><Quantity>100.00</Quantity><UnitOfMeasure>גרם     </UnitOfMeasure><QtyInPackage>לא ידוע</QtyInPackage><UnitOfMeasurePrice>0.0690</UnitOfMeasurePrice><AllowDiscount>0</AllowDiscount><ItemStatus>1</ItemStatus><ItemPrice>6.90</ItemPrice></item><item><PriceUpdateDate>2016-05-01 10:33:10</PriceUpdateDate><ItemCode>7290008752244</ItemCode><ItemType>1</ItemType><ItemName>חטיף תפוציפס קראנצ'</ItemName><ManufacturerName>תפוצ'יפס</ManufacturerName><ManufactureCountry>ישראל</ManufactureCountry><ManufacturerItemDescription>תפוציפס קראנץ גריל 50 גרם</ManufacturerItemDescription><SoldByWeight/><Quantity>14.00</Quantity><UnitOfMeasure>גרם     </UnitOfMeasure><QtyInPackage>לא ידוע</QtyInPackage><UnitOfMeasurePrice>0.2786</UnitOfMeasurePrice><AllowDiscount>1</AllowDiscount><ItemStatus>1</ItemStatus><ItemPrice>3.90</ItemPrice></item><item><PriceUpdateDate>2015-10-11 06:44:00</PriceUpdateDate><ItemCode>7290008753364</ItemCode><ItemType>1</ItemType><ItemName>חטיף דוריטוס גריל 55</ItemName><ManufacturerName>דוריטוס</ManufacturerName><ManufactureCountry>ישראל</ManufactureCountry><ManufacturerItemDescription>דוריטוס גריל 55 גרם</ManufacturerItemDescription><SoldByWeight/><Quantity>14.00</Quantity><UnitOfMeasure>גרם     </UnitOfMeasure><QtyInPackage>לא ידוע</QtyInPackage><UnitOfMeasurePrice>0.2571</UnitOfMeasurePrice><AllowDiscount>1</AllowDiscount><ItemStatus>1</ItemStatus><ItemPrice>3.60</ItemPrice></item><item><PriceUpdateDate>2016-05-01 10:33:10</PriceUpdateDate><ItemCode>7290008754422</ItemCode><ItemType>1</ItemType><ItemName>מסטיק מאסט קלאסי 28</ItemName><ManufacturerName>מאסט</ManufacturerName><ManufactureCountry>ישראל</ManufactureCountry><ManufacturerItemDescription>מסטיק מאסט קלאסי פפרמינט</ManufacturerItemDescription><SoldByWeight/><Quantity>0.00</Quantity><UnitOfMeasure>יח'</UnitOfMeasure><QtyInPackage>לא ידוע</QtyInPackage><UnitOfMeasurePrice>0.0000</UnitOfMeasurePrice><AllowDiscount>1</AllowDiscount><ItemStatus>1</ItemStatus><ItemPrice>4.50</ItemPrice></item><item><PriceUpdateDate>2016-05-26 07:17:02</PriceUpdateDate><ItemCode>7290008754613</ItemCode><ItemType>1</ItemType><ItemName>עוגת רולדה מצופה שוק</ItemName><ManufacturerName>עלית</ManufacturerName><ManufactureCountry>פולין</ManufactureCountry><ManufacturerItemDescription>חטיפי דגנים מרבהיער 5יח'</ManufacturerItemDescription><SoldByWeight/><Quantity>350.00</Quantity><UnitOfMeasure>גרם     </UnitOfMeasure><QtyInPackage>לא ידוע</QtyInPackage><UnitOfMeasurePrice>0.0483</UnitOfMeasurePrice><AllowDiscount>1</AllowDiscount><ItemStatus>1</ItemStatus><ItemPrice>16.90</ItemPrice></item><item><PriceUpdateDate>2016-05-31 06:16:39</PriceUpdateDate><ItemCode>7290008775816</ItemCode><ItemType>1</ItemType><ItemName>ערגליות שוקו 300 גרם</ItemName><ManufacturerName>אסם</ManufacturerName><ManufactureCountry>ישראל</ManufactureCountry><ManufacturerItemDescription>ערגליות שוקו 300 גר</ManufacturerItemDescription><SoldByWeight/><Quantity>300.00</Quantity><UnitOfMeasure>גרם     </UnitOfMeasure><QtyInPackage>לא ידוע</QtyInPackage><UnitOfMeasurePrice>0.0357</UnitOfMeasurePrice><AllowDiscount>0</AllowDiscount><ItemStatus>1</ItemStatus><ItemPrice>10.70</ItemPrice></item><item><PriceUpdateDate>2016-05-31 06:16:39</PriceUpdateDate><ItemCode>7290008775823</ItemCode><ItemType>1</ItemType><ItemName>ערגליות תות 300 גרם</ItemName><ManufacturerName>אסם</ManufacturerName><ManufactureCountry>ישראל</ManufactureCountry><ManufacturerItemDescription>ערגליות תות 300 גר</ManufacturerItemDescription><SoldByWeight/><Quantity>300.00</Quantity><UnitOfMeasure>גרם     </UnitOfMeasure><QtyInPackage>לא ידוע</QtyInPackage><UnitOfMeasurePrice>0.0357</UnitOfMeasurePrice><AllowDiscount>0</AllowDiscount><ItemStatus>1</ItemStatus><ItemPrice>10.70</ItemPrice></item><item><PriceUpdateDate>2015-01-27 10:35:17</PriceUpdateDate><ItemCode>7290008801478</ItemCode><ItemType>1</ItemType><ItemName>יין טופז זהב 750מ"ל</ItemName><ManufacturerName>לא ידוע</ManufacturerName><ManufactureCountry>ישראל</ManufactureCountry><ManufacturerItemDescription>יין טופז זהב 750מ"ל</ManufacturerItemDescription><SoldByWeight/><Quantity>750.00</Quantity><UnitOfMeasure>מ"ל</UnitOfMeasure><QtyInPackage>לא ידוע</QtyInPackage><UnitOfMeasurePrice>0.0312</UnitOfMeasurePrice><AllowDiscount>1</AllowDiscount><ItemStatus>1</ItemStatus><ItemPrice>23.40</ItemPrice></item><item><PriceUpdateDate>2016-01-18 16:40:15</PriceUpdateDate><ItemCode>7290008801843</ItemCode><ItemType>1</ItemType><ItemName>יין סלקטד קברנה סובי</ItemName><ManufacturerName>סלקטד יקבי כרמל</ManufacturerName><ManufactureCountry>ישראל</ManufactureCountry><ManufacturerItemDescription>יין סלקטד קברנה סוביניון7</ManufacturerItemDescription><SoldByWeight/><Quantity>750.00</Quantity><UnitOfMeasure>מ"ל</UnitOfMeasure><QtyInPackage>לא ידוע</QtyInPackage><UnitOfMeasurePrice>0.0399</UnitOfMeasurePrice><AllowDiscount>1</AllowDiscount><ItemStatus>1</ItemStatus><ItemPrice>29.90</ItemPrice></item><item><PriceUpdateDate>2016-07-25 07:52:50</PriceUpdateDate><ItemCode>7290008806268</ItemCode><ItemType>1</ItemType><ItemName>מאגדת קורנטו ביס</ItemName><ManufacturerName>קורנטו</ManufacturerName><ManufactureCountry>ישראל</ManufactureCountry><ManufacturerItemDescription>קורנטו ביס 240   גרם</ManufacturerItemDescription><SoldByWeight/><Quantity>1.00</Quantity><UnitOfMeasure>יחי</UnitOfMeasure><QtyInPackage>לא ידוע</QtyInPackage><UnitOfMeasurePrice>34.9000</UnitOfMeasurePrice><AllowDiscount>1</AllowDiscount><ItemStatus>1</ItemStatus><ItemPrice>34.90</ItemPrice></item><item><PriceUpdateDate>2016-05-31 06:16:40</PriceUpdateDate><ItemCode>7290008806985</ItemCode><ItemType>1</ItemType><ItemName>נשנושים גלידה שוקו ו</ItemName><ManufacturerName>קרמיסימו</ManufacturerName><ManufactureCountry>ישראל</ManufactureCountry><ManufacturerItemDescription>נשנושים גלידה שוקו ו</ManufacturerItemDescription><SoldByWeight/><Quantity>630.00</Quantity><UnitOfMeasure>גרם     </UnitOfMeasure><QtyInPackage>לא ידוע</QtyInPackage><UnitOfMeasurePrice>0.0681</UnitOfMeasurePrice><AllowDiscount>1</AllowDiscount><ItemStatus>1</ItemStatus><ItemPrice>42.90</ItemPrice></item><item><PriceUpdateDate>2016-06-28 07:04:18</PriceUpdateDate><ItemCode>7290008836180</ItemCode><ItemType>1</ItemType><ItemName>יין קברנה סובניון יש</ItemName><ManufacturerName>ישראלי</ManufacturerName><ManufactureCountry>ישראל</ManufactureCountry><ManufacturerItemDescription>יין קברנה סובניון יש</ManufacturerItemDescription><SoldByWeight/><Quantity>750.00</Quantity><UnitOfMeasure>מ"ל</UnitOfMeasure><QtyInPackage>לא ידוע</QtyInPackage><UnitOfMeasurePrice>0.0399</UnitOfMeasurePrice><AllowDiscount>1</AllowDiscount><ItemStatus>1</ItemStatus><ItemPrice>29.90</ItemPrice></item><item><PriceUpdateDate>2015-01-27 10:36:36</PriceUpdateDate><ItemCode>7290008841603</ItemCode><ItemType>1</ItemType><ItemName>עלי דפנה 60 גרם</ItemName><ManufacturerName>זארובי</ManufacturerName><ManufactureCountry>ישראל</ManufactureCountry><ManufacturerItemDescription>עלי דפנה 60 גרם</ManufacturerItemDescription><SoldByWeight/><Quantity>60.00</Quantity><UnitOfMeasure>גרם     </UnitOfMeasure><QtyInPackage>לא ידוע</QtyInPackage><UnitOfMeasurePrice>0.1650</UnitOfMeasurePrice><AllowDiscount>1</AllowDiscount><ItemStatus>1</ItemStatus><ItemPrice>9.90</ItemPrice></item><item><PriceUpdateDate>2015-10-11 06:44:00</PriceUpdateDate><ItemCode>7290008909853</ItemCode><ItemType>1</ItemType><ItemName>קוקה קולה זירו 0.5 ל</ItemName><ManufacturerName>zero קוקה קולה</ManufacturerName><ManufactureCountry>ישראל</ManufactureCountry><ManufacturerItemDescription>קוקה קולה זירו 500 מל</ManufacturerItemDescription><SoldByWeight/><Quantity>500.00</Quantity><UnitOfMeasure>מ"ל</UnitOfMeasure><QtyInPackage>לא ידוע</QtyInPackage><UnitOfMeasurePrice>0.0146</UnitOfMeasurePrice><AllowDiscount>1</AllowDiscount><ItemStatus>1</ItemStatus><ItemPrice>7.30</ItemPrice></item><item><PriceUpdateDate>2016-03-15 11:31:41</PriceUpdateDate><ItemCode>7290008909860</ItemCode><ItemType>1</ItemType><ItemName>קוקה קולה זירו 1.5 ל</ItemName><ManufacturerName>zero קוקה קולה</ManufacturerName><ManufactureCountry>ישראל</ManufactureCountry><ManufacturerItemDescription>קוקה קולה זירו 1.5 ל</ManufacturerItemDescription><SoldByWeight/><Quantity>1500.00</Quantity><UnitOfMeasure>מ"ל</UnitOfMeasure><QtyInPackage>לא ידוע</QtyInPackage><UnitOfMeasurePrice>0.0046</UnitOfMeasurePrice><AllowDiscount>1</AllowDiscount><ItemStatus>1</ItemStatus><ItemPrice>6.90</ItemPrice></item><item><PriceUpdateDate>2016-06-28 07:04:19</PriceUpdateDate><ItemCode>7290008945202</ItemCode><ItemType>1</ItemType><ItemName>מב גלילונית רב שימוש</ItemName><ManufacturerName>גלילונית</ManufacturerName><ManufactureCountry>ישראל</ManufactureCountry><ManufacturerItemDescription>מב גלילונית רב שימוש</ManufacturerItemDescription><SoldByWeight/><Quantity>50.00</Quantity><UnitOfMeasure>יח'</UnitOfMeasure><QtyInPackage>לא ידוע</QtyInPackage><UnitOfMeasurePrice>0.2780</UnitOfMeasurePrice><AllowDiscount>1</AllowDiscount><ItemStatus>1</ItemStatus><ItemPrice>13.90</ItemPrice></item><item><PriceUpdateDate>2016-03-15 11:31:41</PriceUpdateDate><ItemCode>7290008975551</ItemCode><ItemType>1</ItemType><ItemName>מטרנה מהדרין שלב 3 7</ItemName><ManufacturerName>מטרנה</ManufacturerName><ManufactureCountry>ישראל</ManufactureCountry><ManufacturerItemDescription>מטרנה מהדרין שלב 3 7</ManufacturerItemDescription><SoldByWeight/><Quantity>700.00</Quantity><UnitOfMeasure>גרם     </UnitOfMeasure><QtyInPackage>לא ידוע</QtyInPackage><UnitOfMeasurePrice>0.0741</UnitOfMeasurePrice><AllowDiscount>1</AllowDiscount><ItemStatus>1</ItemStatus><ItemPrice>51.90</ItemPrice></item><item><PriceUpdateDate>2016-08-02 09:30:02</PriceUpdateDate><ItemCode>7290010045013</ItemCode><ItemType>1</ItemType><ItemName>עוגיות לחמי חמאה צרפ</ItemName><ManufacturerName>לחמי</ManufacturerName><ManufactureCountry>ישראל</ManufactureCountry><ManufacturerItemDescription>עוגיות חמאה צרפתיות 280 ג</ManufacturerItemDescription><SoldByWeight/><Quantity>250.00</Quantity><UnitOfMeasure>גרם     </UnitOfMeasure><QtyInPackage>לא ידוע</QtyInPackage><UnitOfMeasurePrice>0.0796</UnitOfMeasurePrice><AllowDiscount>1</AllowDiscount><ItemStatus>1</ItemStatus><ItemPrice>19.90</ItemPrice></item><item><PriceUpdateDate>2016-08-02 09:30:02</PriceUpdateDate><ItemCode>7290010045037</ItemCode><ItemType>1</ItemType><ItemName>עוגיות לחמי שוקולד צ</ItemName><ManufacturerName>לחמי</ManufacturerName><ManufactureCountry>ישראל</ManufactureCountry><ManufacturerItemDescription>עוגיות שוקולד ציפס 250 גר</ManufacturerItemDescription><SoldByWeight/><Quantity>250.00</Quantity><UnitOfMeasure>גרם     </UnitOfMeasure><QtyInPackage>לא ידוע</QtyInPackage><UnitOfMeasurePrice>0.0796</UnitOfMeasurePrice><AllowDiscount>1</AllowDiscount><ItemStatus>1</ItemStatus><ItemPrice>19.90</ItemPrice></item><item><PriceUpdateDate>2016-08-02 09:30:02</PriceUpdateDate><ItemCode>7290010045051</ItemCode><ItemType>1</ItemType><ItemName>עוגיות לחמי שקדים 28</ItemName><ManufacturerName>לא ידוע</ManufacturerName><ManufactureCountry>ישראל</ManufactureCountry><ManufacturerItemDescription>עוגיות מלבן שקדים 280 גר</ManufacturerItemDescription><SoldByWeight/><Quantity>280.00</Quantity><UnitOfMeasure>גרם     </UnitOfMeasure><QtyInPackage>לא ידוע</QtyInPackage><UnitOfMeasurePrice>0.0711</UnitOfMeasurePrice><AllowDiscount>1</AllowDiscount><ItemStatus>1</ItemStatus><ItemPrice>19.90</ItemPrice></item><item><PriceUpdateDate>2016-05-31 06:16:41</PriceUpdateDate><ItemCode>7290010116348</ItemCode><ItemType>1</ItemType><ItemName>מיקס מעורב מגדים 390</ItemName><ManufacturerName>מיקס</ManufacturerName><ManufactureCountry>ישראל</ManufactureCountry><ManufacturerItemDescription>מיקס מעורב מגדים 390</ManufacturerItemDescription><SoldByWeight/><Quantity>390.00</Quantity><UnitOfMeasure>גרם     </UnitOfMeasure><QtyInPackage>לא ידוע</QtyInPackage><UnitOfMeasurePrice>0.0587</UnitOfMeasurePrice><AllowDiscount>1</AllowDiscount><ItemStatus>1</ItemStatus><ItemPrice>22.90</ItemPrice></item><item><PriceUpdateDate>2016-02-16 09:21:54</PriceUpdateDate><ItemCode>7290010116898</ItemCode><ItemType>1</ItemType><ItemName>שוקולד פרה מריר אוור</ItemName><ManufacturerName>פרה</ManufacturerName><ManufactureCountry>ישראל</ManufactureCountry><ManufacturerItemDescription>שוקולד אוורירי מריר 85 גר</ManufacturerItemDescription><SoldByWeight/><Quantity>85.00</Quantity><UnitOfMeasure>גרם     </UnitOfMeasure><QtyInPackage>לא ידוע</QtyInPackage><UnitOfMeasurePrice>0.0812</UnitOfMeasurePrice><AllowDiscount>0</AllowDiscount><ItemStatus>1</ItemStatus><ItemPrice>6.90</ItemPrice></item><item><PriceUpdateDate>2016-05-31 06:16:42</PriceUpdateDate><ItemCode>7290010116980</ItemCode><ItemType>1</ItemType><ItemName>שוקולית 850 גרם בשקי</ItemName><ManufacturerName>שוקולית</ManufacturerName><ManufactureCountry>ישראל</ManufactureCountry><ManufacturerItemDescription>שוקולית 850 גרם בשקי</ManufacturerItemDescription><SoldByWeight/><Quantity>850.00</Quantity><UnitOfMeasure>גרם     </UnitOfMeasure><QtyInPackage>לא ידוע</QtyInPackage><UnitOfMeasurePrice>0.0234</UnitOfMeasurePrice><AllowDiscount>1</AllowDiscount><ItemStatus>1</ItemStatus><ItemPrice>19.90</ItemPrice></item><item><PriceUpdateDate>2015-10-11 06:44:01</PriceUpdateDate><ItemCode>7290010119950</ItemCode><ItemType>1</ItemType><ItemName>חטיף דוריטוס חמוץ חר</ItemName><ManufacturerName>דוריטוס</ManufacturerName><ManufactureCountry>ישראל</ManufactureCountry><ManufacturerItemDescription>דוריטוס חמוץ חריף 55 גרם</ManufacturerItemDescription><SoldByWeight/><Quantity>55.00</Quantity><UnitOfMeasure>גרם     </UnitOfMeasure><QtyInPackage>לא ידוע</QtyInPackage><UnitOfMeasurePrice>0.0655</UnitOfMeasurePrice><AllowDiscount>1</AllowDiscount><ItemStatus>1</ItemStatus><ItemPrice>3.60</ItemPrice></item><item><PriceUpdateDate>2016-08-02 09:30:02</PriceUpdateDate><ItemCode>7290010153510</ItemCode><ItemType>1</ItemType><ItemName>מב בורגול 500 ג'</ItemName><ManufacturerName>מיה</ManufacturerName><ManufactureCountry>ישראל</ManufactureCountry><ManufacturerItemDescription>בורגול 500 גרם</ManufacturerItemDescription><SoldByWeight/><Quantity>500.00</Quantity><UnitOfMeasure>גרם     </UnitOfMeasure><QtyInPackage>לא ידוע</QtyInPackage><UnitOfMeasurePrice>0.0078</UnitOfMeasurePrice><AllowDiscount>1</AllowDiscount><ItemStatus>1</ItemStatus><ItemPrice>3.90</ItemPrice></item><item><PriceUpdateDate>2016-05-01 10:33:19</PriceUpdateDate><ItemCode>7290010153541</ItemCode><ItemType>1</ItemType><ItemName>קואקר להכנה מהירה מי</ItemName><ManufacturerName>מיה</ManufacturerName><ManufactureCountry>ישראל</ManufactureCountry><ManufacturerItemDescription>קואקר להכנה מהירה מי</ManufacturerItemDescription><SoldByWeight/><Quantity>500.00</Quantity><UnitOfMeasure>גרם     </UnitOfMeasure><QtyInPackage>לא ידוע</QtyInPackage><UnitOfMeasurePrice>0.0246</UnitOfMeasurePrice><AllowDiscount>1</AllowDiscount><ItemStatus>1</ItemStatus><ItemPrice>12.30</ItemPrice></item><item><PriceUpdateDate>2016-06-28 07:04:20</PriceUpdateDate><ItemCode>7290010153909</ItemCode><ItemType>1</ItemType><ItemName>מב אורז בסמטי 1 ק"ג</ItemName><ManufacturerName>לא ממותג</ManufacturerName><ManufactureCountry>ישראל</ManufactureCountry><ManufacturerItemDescription>אורז בסמטי הודי 1 קג</ManufacturerItemDescription><SoldByWeight/><Quantity>1000.00</Quantity><UnitOfMeasure>גרם     </UnitOfMeasure><QtyInPackage>לא ידוע</QtyInPackage><UnitOfMeasurePrice>0.0109</UnitOfMeasurePrice><AllowDiscount>1</AllowDiscount><ItemStatus>1</ItemStatus><ItemPrice>10.90</ItemPrice></item><item><PriceUpdateDate>2015-01-27 10:35:20</PriceUpdateDate><ItemCode>7290010153916</ItemCode><ItemType>1</ItemType><ItemName>אורז ריזוטו 1 ק"ג עג</ItemName><ManufacturerName>מיה</ManufacturerName><ManufactureCountry>ישראל</ManufactureCountry><ManufacturerItemDescription>אורז ריזוטו עגול 1 קג</ManufacturerItemDescription><SoldByWeight/><Quantity>1000.00</Quantity><UnitOfMeasure>גרם     </UnitOfMeasure><QtyInPackage>לא ידוע</QtyInPackage><UnitOfMeasurePrice>0.0100</UnitOfMeasurePrice><AllowDiscount>1</AllowDiscount><ItemStatus>1</ItemStatus><ItemPrice>10.00</ItemPrice></item><item><PriceUpdateDate>2015-11-10 07:32:45</PriceUpdateDate><ItemCode>7290010154241</ItemCode><ItemType>1</ItemType><ItemName>חזרת ביטון 250 גרם</ItemName><ManufacturerName>תבליני ביטון יוחאי</ManufacturerName><ManufactureCountry>ישראל</ManufactureCountry><ManufacturerItemDescription>חזרת 250 גרם</ManufacturerItemDescription><SoldByWeight/><Quantity>250.00</Quantity><UnitOfMeasure>גרם     </UnitOfMeasure><QtyInPackage>לא ידוע</QtyInPackage><UnitOfMeasurePrice>0.0668</UnitOfMeasurePrice><AllowDiscount>1</AllowDiscount><ItemStatus>1</ItemStatus><ItemPrice>16.70</ItemPrice></item><item><PriceUpdateDate>2016-08-07 20:02:48</PriceUpdateDate><ItemCode>7290010154425</ItemCode><ItemType>1</ItemType><ItemName>סחוג ירוק 130 גרם</ItemName><ManufacturerName>תבליני ביטון יוחאי</ManufacturerName><ManufactureCountry>ישראל</ManufactureCountry><ManufacturerItemDescription>סחוג ירוק 130 גרם</ManufacturerItemDescription><SoldByWeight/><Quantity>130.00</Quantity><UnitOfMeasure>גרם     </UnitOfMeasure><QtyInPackage>לא ידוע</QtyInPackage><UnitOfMeasurePrice>0.0838</UnitOfMeasurePrice><AllowDiscount>1</AllowDiscount><ItemStatus>1</ItemStatus><ItemPrice>10.90</ItemPrice></item><item><PriceUpdateDate>2016-08-02 09:30:03</PriceUpdateDate><ItemCode>7290010173044</ItemCode><ItemType>1</ItemType><ItemName>מב יין גליל מרלו 750</ItemName><ManufacturerName>הרי גליל</ManufacturerName><ManufactureCountry>ישראל</ManufactureCountry><ManufacturerItemDescription>יין גליל מרלו 750 מל</ManufacturerItemDescription><SoldByWeight/><Quantity>750.00</Quantity><UnitOfMeasure>מ"ל</UnitOfMeasure><QtyInPackage>לא ידוע</QtyInPackage><UnitOfMeasurePrice>0.0492</UnitOfMeasurePrice><AllowDiscount>1</AllowDiscount><ItemStatus>1</ItemStatus><ItemPrice>36.90</ItemPrice></item><item><PriceUpdateDate>2016-05-01 07:08:25</PriceUpdateDate><ItemCode>7290010237630</ItemCode><ItemType>1</ItemType><ItemName>בירה נשר מאלט דיאט 1</ItemName><ManufacturerName>נשר מאלט דיאט</ManufacturerName><ManufactureCountry>ישראל</ManufactureCountry><ManufacturerItemDescription>בירה נשר מאלט דיאט 1.5 ל</ManufacturerItemDescription><SoldByWeight/><Quantity>1500.00</Quantity><UnitOfMeasure>מ"ל</UnitOfMeasure><QtyInPackage>לא ידוע</QtyInPackage><UnitOfMeasurePrice>0.0039</UnitOfMeasurePrice><AllowDiscount>1</AllowDiscount><ItemStatus>1</ItemStatus><ItemPrice>5.90</ItemPrice></item><item><PriceUpdateDate>2016-05-01 10:33:21</PriceUpdateDate><ItemCode>7290010237890</ItemCode><ItemType>1</ItemType><ItemName>בירה היינקן 500 מ"ל</ItemName><ManufacturerName>הייניקן</ManufacturerName><ManufactureCountry>ישראל</ManufactureCountry><ManufacturerItemDescription>בירה היינקן.500 מל בקבוק</ManufacturerItemDescription><SoldByWeight/><Quantity>500.00</Quantity><UnitOfMeasure>מ"ל</UnitOfMeasure><QtyInPackage>לא ידוע</QtyInPackage><UnitOfMeasurePrice>0.0178</UnitOfMeasurePrice><AllowDiscount>1</AllowDiscount><ItemStatus>1</ItemStatus><ItemPrice>8.90</ItemPrice></item><item><PriceUpdateDate>2015-02-24 07:21:52</PriceUpdateDate><ItemCode>7290010256273</ItemCode><ItemType>1</ItemType><ItemName>מפות שולחן 8 יח' 135</ItemName><ManufacturerName>"המותג"</ManufacturerName><ManufactureCountry>ישראל</ManufactureCountry><ManufacturerItemDescription>מפות שולחן 8 יח' 135</ManufacturerItemDescription><SoldByWeight/><Quantity>8.00</Quantity><UnitOfMeasure>יח</UnitOfMeasure><QtyInPackage>לא ידוע</QtyInPackage><UnitOfMeasurePrice>0.6125</UnitOfMeasurePrice><AllowDiscount>1</AllowDiscount><ItemStatus>1</ItemStatus><ItemPrice>4.90</ItemPrice></item><item><PriceUpdateDate>2015-02-24 07:21:52</PriceUpdateDate><ItemCode>7290010256303</ItemCode><ItemType>1</ItemType><ItemName>זוג שקיות רב שימושיו</ItemName><ManufacturerName>"המותג"</ManufacturerName><ManufactureCountry>ישראל</ManufactureCountry><ManufacturerItemDescription>זוג שקיות רב שימושיו</ManufacturerItemDescription><SoldByWeight/><Quantity>200.00</Quantity><UnitOfMeasure>יח'</UnitOfMeasure><QtyInPackage>לא ידוע</QtyInPackage><UnitOfMeasurePrice>0.0410</UnitOfMeasurePrice><AllowDiscount>1</AllowDiscount><ItemStatus>1</ItemStatus><ItemPrice>8.20</ItemPrice></item><item><PriceUpdateDate>2016-08-02 09:30:03</PriceUpdateDate><ItemCode>7290010259045</ItemCode><ItemType>1</ItemType><ItemName>מב ממרח עשיר בחמאה ד</ItemName><ManufacturerName>לורפק</ManufacturerName><ManufactureCountry>ישראל</ManufactureCountry><ManufacturerItemDescription>ממרח לוראפק לייטר 250גרם</ManufacturerItemDescription><SoldByWeight/><Quantity>250.00</Quantity><UnitOfMeasure>גרם     </UnitOfMeasure><QtyInPackage>לא ידוע</QtyInPackage><UnitOfMeasurePrice>0.0596</UnitOfMeasurePrice><AllowDiscount>1</AllowDiscount><ItemStatus>1</ItemStatus><ItemPrice>14.90</ItemPrice></item><item><PriceUpdateDate>2016-06-28 07:04:20</PriceUpdateDate><ItemCode>7290010287222</ItemCode><ItemType>1</ItemType><ItemName>תירוש ענבים 100% טבע</ItemName><ManufacturerName>"המותג"</ManufacturerName><ManufactureCountry>ישראל</ManufactureCountry><ManufacturerItemDescription>תירוש ענבים 100% טבע</ManufacturerItemDescription><SoldByWeight/><Quantity>1000.00</Quantity><UnitOfMeasure>מ"ל</UnitOfMeasure><QtyInPackage>לא ידוע</QtyInPackage><UnitOfMeasurePrice>0.0149</UnitOfMeasurePrice><AllowDiscount>1</AllowDiscount><ItemStatus>1</ItemStatus><ItemPrice>14.90</ItemPrice></item><item><PriceUpdateDate>2016-08-02 09:30:03</PriceUpdateDate><ItemCode>7290010287239</ItemCode><ItemType>1</ItemType><ItemName>תירוש ענבים 750 מ"ל</ItemName><ManufacturerName>"המותג"</ManufacturerName><ManufactureCountry>ישראל</ManufactureCountry><ManufacturerItemDescription>תירוש ענבים 750 מ"ל</ManufacturerItemDescription><SoldByWeight/><Quantity>750.00</Quantity><UnitOfMeasure>מ"ל</UnitOfMeasure><QtyInPackage>לא ידוע</QtyInPackage><UnitOfMeasurePrice>0.0172</UnitOfMeasurePrice><AllowDiscount>1</AllowDiscount><ItemStatus>1</ItemStatus><ItemPrice>12.90</ItemPrice></item><item><PriceUpdateDate>2015-01-27 10:34:58</PriceUpdateDate><ItemCode>7290010328093</ItemCode><ItemType>1</ItemType><ItemName>ממרח חלבה 500 גרם</ItemName><ManufacturerName>אחוה</ManufacturerName><ManufactureCountry>ישראל</ManufactureCountry><ManufacturerItemDescription>ממרח חלבה 500 גרם</ManufacturerItemDescription><SoldByWeight/><Quantity>500.00</Quantity><UnitOfMeasure>גרם     </UnitOfMeasure><QtyInPackage>לא ידוע</QtyInPackage><UnitOfMeasurePrice>0.0378</UnitOfMeasurePrice><AllowDiscount>1</AllowDiscount><ItemStatus>1</ItemStatus><ItemPrice>18.90</ItemPrice></item><item><PriceUpdateDate>2016-06-28 07:04:21</PriceUpdateDate><ItemCode>7290010328246</ItemCode><ItemType>1</ItemType><ItemName>טחינה אחוה שומשום מל</ItemName><ManufacturerName>אחווה</ManufacturerName><ManufactureCountry>ישראל</ManufactureCountry><ManufacturerItemDescription>טחינה אחוה שומשום מל</ManufacturerItemDescription><SoldByWeight/><Quantity>500.00</Quantity><UnitOfMeasure>גרם     </UnitOfMeasure><QtyInPackage>לא ידוע</QtyInPackage><UnitOfMeasurePrice>0.0278</UnitOfMeasurePrice><AllowDiscount>1</AllowDiscount><ItemStatus>1</ItemStatus><ItemPrice>13.90</ItemPrice></item><item><PriceUpdateDate>2016-06-28 07:04:21</PriceUpdateDate><ItemCode>7290010328253</ItemCode><ItemType>1</ItemType><ItemName>טחינה גולמית אחוה 50</ItemName><ManufacturerName>אחווה</ManufacturerName><ManufactureCountry>ישראל</ManufactureCountry><ManufacturerItemDescription>טחינה גולמית אחווה 500 גר</ManufacturerItemDescription><SoldByWeight/><Quantity>500.00</Quantity><UnitOfMeasure>גרם     </UnitOfMeasure><QtyInPackage>לא ידוע</QtyInPackage><UnitOfMeasurePrice>0.0278</UnitOfMeasurePrice><AllowDiscount>1</AllowDiscount><ItemStatus>1</ItemStatus><ItemPrice>13.90</ItemPrice></item><item><PriceUpdateDate>2016-05-10 07:10:35</PriceUpdateDate><ItemCode>7290010429295</ItemCode><ItemType>1</ItemType><ItemName>מעדן משמש 100% פרי 2</ItemName><ManufacturerName>יד מרדכי</ManufacturerName><ManufactureCountry>ישראל</ManufactureCountry><ManufacturerItemDescription>מעדן משמש 100% פרי 2</ManufacturerItemDescription><SoldByWeight/><Quantity>250.00</Quantity><UnitOfMeasure>גרם     </UnitOfMeasure><QtyInPackage>לא ידוע</QtyInPackage><UnitOfMeasurePrice>0.0596</UnitOfMeasurePrice><AllowDiscount>1</AllowDiscount><ItemStatus>1</ItemStatus><ItemPrice>14.90</ItemPrice></item><item><PriceUpdateDate>2016-05-31 06:16:43</PriceUpdateDate><ItemCode>7290010429554</ItemCode><ItemType>1</ItemType><ItemName>שמן זית יד מרדכי כתי</ItemName><ManufacturerName>יד מרדכי</ManufacturerName><ManufactureCountry>ישראל</ManufactureCountry><ManufacturerItemDescription>שמן זית כתית מעולה2- קלאס</ManufacturerItemDescription><SoldByWeight/><Quantity>750.00</Quantity><UnitOfMeasure>מ"ל</UnitOfMeasure><QtyInPackage>לא ידוע</QtyInPackage><UnitOfMeasurePrice>0.0465</UnitOfMeasurePrice><AllowDiscount>1</AllowDiscount><ItemStatus>1</ItemStatus><ItemPrice>34.90</ItemPrice></item><item><PriceUpdateDate>2016-03-15 11:31:41</PriceUpdateDate><ItemCode>7290010471669</ItemCode><ItemType>1</ItemType><ItemName>דנונה בר תות קורנפלק</ItemName><ManufacturerName>דנונה</ManufacturerName><ManufactureCountry>ישראל</ManufactureCountry><ManufacturerItemDescription>דנונהבר תות קורנפלקס מצופ</ManufacturerItemDescription><SoldByWeight/><Quantity>175.00</Quantity><UnitOfMeasure>מ"ל</UnitOfMeasure><QtyInPackage>לא ידוע</QtyInPackage><UnitOfMeasurePrice>0.0257</UnitOfMeasurePrice><AllowDiscount>1</AllowDiscount><ItemStatus>1</ItemStatus><ItemPrice>4.50</ItemPrice></item><item><PriceUpdateDate>2016-08-02 09:30:03</PriceUpdateDate><ItemCode>7290010546169</ItemCode><ItemType>1</ItemType><ItemName>מב גרנולה מנדל שקדים</ItemName><ManufacturerName>לא ממותג</ManufacturerName><ManufactureCountry>לא ידוע</ManufactureCountry><ManufacturerItemDescription>מב גרנולה מנדל שקדים</ManufacturerItemDescription><SoldByWeight/><Quantity>400.00</Quantity><UnitOfMeasure>גרם     </UnitOfMeasure><QtyInPackage>לא ידוע</QtyInPackage><UnitOfMeasurePrice>0.0398</UnitOfMeasurePrice><AllowDiscount>1</AllowDiscount><ItemStatus>1</ItemStatus><ItemPrice>15.90</ItemPrice></item><item><PriceUpdateDate>2016-08-02 09:30:03</PriceUpdateDate><ItemCode>7290010546336</ItemCode><ItemType>1</ItemType><ItemName>מב גרנולה מנדל  סילא</ItemName><ManufacturerName>לא ממותג</ManufacturerName><ManufactureCountry>לא ידוע</ManufactureCountry><ManufacturerItemDescription>מב גרנולה מנדל  סילא</ManufacturerItemDescription><SoldByWeight/><Quantity>400.00</Quantity><UnitOfMeasure>גרם     </UnitOfMeasure><QtyInPackage>לא ידוע</QtyInPackage><UnitOfMeasurePrice>0.0398</UnitOfMeasurePrice><AllowDiscount>1</AllowDiscount><ItemStatus>1</ItemStatus><ItemPrice>15.90</ItemPrice></item><item><PriceUpdateDate>2016-06-28 07:04:21</PriceUpdateDate><ItemCode>7290010613908</ItemCode><ItemType>1</ItemType><ItemName>מב אקונומיקה לימון 4</ItemName><ManufacturerName>"המותג"</ManufacturerName><ManufactureCountry>ישראל</ManufactureCountry><ManufacturerItemDescription>מב אקונומיקה לימון 4</ManufacturerItemDescription><SoldByWeight/><Quantity>4000.00</Quantity><UnitOfMeasure>מ"ל</UnitOfMeasure><QtyInPackage>לא ידוע</QtyInPackage><UnitOfMeasurePrice>0.0022</UnitOfMeasurePrice><AllowDiscount>1</AllowDiscount><ItemStatus>1</ItemStatus><ItemPrice>8.90</ItemPrice></item><item><PriceUpdateDate>2015-02-19 06:42:15</PriceUpdateDate><ItemCode>7290010613922</ItemCode><ItemType>1</ItemType><ItemName>נוזל כלים 18% שלישיי</ItemName><ManufacturerName>"המותג"</ManufacturerName><ManufactureCountry>ישראל</ManufactureCountry><ManufacturerItemDescription>נוזל כלים 18% שלישיי</ManufacturerItemDescription><SoldByWeight/><Quantity>2250.00</Quantity><UnitOfMeasure>מ"ל</UnitOfMeasure><QtyInPackage>לא ידוע</QtyInPackage><UnitOfMeasurePrice>0.0080</UnitOfMeasurePrice><AllowDiscount>1</AllowDiscount><ItemStatus>1</ItemStatus><ItemPrice>17.90</ItemPrice></item><item><PriceUpdateDate>2015-11-10 07:32:46</PriceUpdateDate><ItemCode>7290010632787</ItemCode><ItemType>1</ItemType><ItemName>צימרונים לאוזניים  מ</ItemName><ManufacturerName>לא ידוע</ManufacturerName><ManufactureCountry>ישראל</ManufactureCountry><ManufacturerItemDescription>צימרונים לאוזניים  מ</ManufacturerItemDescription><SoldByWeight/><Quantity>300.00</Quantity><UnitOfMeasure>יח'</UnitOfMeasure><QtyInPackage>לא ידוע</QtyInPackage><UnitOfMeasurePrice>0.0143</UnitOfMeasurePrice><AllowDiscount>1</AllowDiscount><ItemStatus>1</ItemStatus><ItemPrice>4.30</ItemPrice></item><item><PriceUpdateDate>2015-11-10 07:32:46</PriceUpdateDate><ItemCode>7290010699056</ItemCode><ItemType>1</ItemType><ItemName>נרות ליצן 4 יחידות</ItemName><ManufacturerName>שמחה זה אנחנו</ManufacturerName><ManufactureCountry>ישראל</ManufactureCountry><ManufacturerItemDescription>נרות ליצן 4 יחידות</ManufacturerItemDescription><SoldByWeight/><Quantity>0.00</Quantity><UnitOfMeasure>יח'</UnitOfMeasure><QtyInPackage>לא ידוע</QtyInPackage><UnitOfMeasurePrice>0.0000</UnitOfMeasurePrice><AllowDiscount>1</AllowDiscount><ItemStatus>1</ItemStatus><ItemPrice>8.00</ItemPrice></item><item><PriceUpdateDate>2016-08-07 20:02:48</PriceUpdateDate><ItemCode>7290010791538</ItemCode><ItemType>1</ItemType><ItemName>לה קט עוף  85 גרם</ItemName><ManufacturerName>לה קט</ManufacturerName><ManufactureCountry>תאילנד</ManufactureCountry><ManufacturerItemDescription>לה-קט דליקטס עוף גורמה 85</ManufacturerItemDescription><SoldByWeight/><Quantity>85.00</Quantity><UnitOfMeasure>גרם     </UnitOfMeasure><QtyInPackage>לא ידוע</QtyInPackage><UnitOfMeasurePrice>0.0753</UnitOfMeasurePrice><AllowDiscount>1</AllowDiscount><ItemStatus>1</ItemStatus><ItemPrice>6.40</ItemPrice></item><item><PriceUpdateDate>2016-08-07 20:02:48</PriceUpdateDate><ItemCode>7290010791545</ItemCode><ItemType>1</ItemType><ItemName>לה קט פתה כבד עוף  8</ItemName><ManufacturerName>לה קט</ManufacturerName><ManufactureCountry>תאילנד</ManufactureCountry><ManufacturerItemDescription>לה-קט דליקטס פטה כבד עוף</ManufacturerItemDescription><SoldByWeight/><Quantity>85.00</Quantity><UnitOfMeasure>גרם     </UnitOfMeasure><QtyInPackage>לא ידוע</QtyInPackage><UnitOfMeasurePrice>0.0753</UnitOfMeasurePrice><AllowDiscount>1</AllowDiscount><ItemStatus>1</ItemStatus><ItemPrice>6.40</ItemPrice></item><item><PriceUpdateDate>2016-05-31 06:16:44</PriceUpdateDate><ItemCode>7290010838219</ItemCode><ItemType>1</ItemType><ItemName>סטיביה-ממתיק על בסיס</ItemName><ManufacturerName>לא ממותג</ManufacturerName><ManufactureCountry>ישראל</ManufactureCountry><ManufacturerItemDescription>ממתיק על בסיס סטיביה 100</ManufacturerItemDescription><SoldByWeight/><Quantity>100.00</Quantity><UnitOfMeasure>גרם     </UnitOfMeasure><QtyInPackage>לא ידוע</QtyInPackage><UnitOfMeasurePrice>0.3490</UnitOfMeasurePrice><AllowDiscount>1</AllowDiscount><ItemStatus>1</ItemStatus><ItemPrice>34.90</ItemPrice></item><item><PriceUpdateDate>2016-06-28 07:04:23</PriceUpdateDate><ItemCode>7290010838806</ItemCode><ItemType>1</ItemType><ItemName>אל סבון נוזלי פמלי ש</ItemName><ManufacturerName>פמילי</ManufacturerName><ManufactureCountry>ישראל</ManufactureCountry><ManufacturerItemDescription>אל סבון נוזלי פמלי ש</ManufacturerItemDescription><SoldByWeight/><Quantity>1500.00</Quantity><UnitOfMeasure>מ"ל</UnitOfMeasure><QtyInPackage>לא ידוע</QtyInPackage><UnitOfMeasurePrice>0.0119</UnitOfMeasurePrice><AllowDiscount>1</AllowDiscount><ItemStatus>1</ItemStatus><ItemPrice>17.90</ItemPrice></item><item><PriceUpdateDate>2016-06-28 07:04:23</PriceUpdateDate><ItemCode>7290010849512</ItemCode><ItemType>1</ItemType><ItemName>למברוסקו די לואג'י 7</ItemName><ManufacturerName>למברוסקו</ManufacturerName><ManufactureCountry>איטליה</ManufactureCountry><ManufacturerItemDescription>ברנפלקס         ן 375 גר</ManufacturerItemDescription><SoldByWeight/><Quantity>750.00</Quantity><UnitOfMeasure>מ"ל</UnitOfMeasure><QtyInPackage>לא ידוע</QtyInPackage><UnitOfMeasurePrice>0.0503</UnitOfMeasurePrice><AllowDiscount>1</AllowDiscount><ItemStatus>1</ItemStatus><ItemPrice>37.70</ItemPrice></item><item><PriceUpdateDate>2016-06-28 07:04:23</PriceUpdateDate><ItemCode>7290010849710</ItemCode><ItemType>1</ItemType><ItemName>מב יין שרדונה ריאל א</ItemName><ManufacturerName>לא ממותג</ManufacturerName><ManufactureCountry>ספרד</ManufactureCountry><ManufacturerItemDescription>רוטב ברביקיו מעושן538ג</ManufacturerItemDescription><SoldByWeight/><Quantity>750.00</Quantity><UnitOfMeasure>מ"ל</UnitOfMeasure><QtyInPackage>לא ידוע</QtyInPackage><UnitOfMeasurePrice>0.0292</UnitOfMeasurePrice><AllowDiscount>1</AllowDiscount><ItemStatus>1</ItemStatus><ItemPrice>21.90</ItemPrice></item><item><PriceUpdateDate>2015-11-10 07:32:47</PriceUpdateDate><ItemCode>7290010883370</ItemCode><ItemType>1</ItemType><ItemName>כפפות סנו סושי  אלוו</ItemName><ManufacturerName>סנו סושי</ManufacturerName><ManufactureCountry>ישראל</ManufactureCountry><ManufacturerItemDescription>כפפות אלוורה סנו סושי בינ</ManufacturerItemDescription><SoldByWeight/><Quantity>0.00</Quantity><UnitOfMeasure>יח'</UnitOfMeasure><QtyInPackage>לא ידוע</QtyInPackage><UnitOfMeasurePrice>0.0000</UnitOfMeasurePrice><AllowDiscount>1</AllowDiscount><ItemStatus>1</ItemStatus><ItemPrice>14.90</ItemPrice></item><item><PriceUpdateDate>2016-08-02 09:30:04</PriceUpdateDate><ItemCode>7290010921034</ItemCode><ItemType>1</ItemType><ItemName>מב מיץ טבעי רימונים</ItemName><ManufacturerName>הרלום</ManufacturerName><ManufactureCountry>ישראל</ManufactureCountry><ManufacturerItemDescription>מיץ רימונים 1 - 100% ליטר</ManufacturerItemDescription><SoldByWeight/><Quantity>1000.00</Quantity><UnitOfMeasure>מ"ל</UnitOfMeasure><QtyInPackage>לא ידוע</QtyInPackage><UnitOfMeasurePrice>0.0139</UnitOfMeasurePrice><AllowDiscount>1</AllowDiscount><ItemStatus>1</ItemStatus><ItemPrice>13.90</ItemPrice></item><item><PriceUpdateDate>2015-11-12 06:47:49</PriceUpdateDate><ItemCode>7290010945146</ItemCode><ItemType>1</ItemType><ItemName>קוטג' 3% טרה 250 גרם</ItemName><ManufacturerName>טרה</ManufacturerName><ManufactureCountry>ישראל</ManufactureCountry><ManufacturerItemDescription>קוטג מועשר 250 3% גרם</ManufacturerItemDescription><SoldByWeight/><Quantity>250.00</Quantity><UnitOfMeasure>גרם     </UnitOfMeasure><QtyInPackage>לא ידוע</QtyInPackage><UnitOfMeasurePrice>0.0228</UnitOfMeasurePrice><AllowDiscount>1</AllowDiscount><ItemStatus>1</ItemStatus><ItemPrice>5.70</ItemPrice></item><item><PriceUpdateDate>2016-08-02 09:30:04</PriceUpdateDate><ItemCode>7290010945450</ItemCode><ItemType>1</ItemType><ItemName>מב גבינה לבנה 3% טרה</ItemName><ManufacturerName>טרה</ManufacturerName><ManufactureCountry>ישראל</ManufactureCountry><ManufacturerItemDescription>גבינה לבנה 250 3% גרם מהד</ManufacturerItemDescription><SoldByWeight/><Quantity>250.00</Quantity><UnitOfMeasure>גרם     </UnitOfMeasure><QtyInPackage>לא ידוע</QtyInPackage><UnitOfMeasurePrice>0.0176</UnitOfMeasurePrice><AllowDiscount>1</AllowDiscount><ItemStatus>1</ItemStatus><ItemPrice>4.40</ItemPrice></item><item><PriceUpdateDate>2016-08-02 09:30:04</PriceUpdateDate><ItemCode>7290010945481</ItemCode><ItemType>1</ItemType><ItemName>מב גבינה לבנה 5% מהד</ItemName><ManufacturerName>טרה</ManufacturerName><ManufactureCountry>ישראל</ManufactureCountry><ManufacturerItemDescription>מב גבינה לבנה 5% מהד</ManufacturerItemDescription><SoldByWeight/><Quantity>500.00</Quantity><UnitOfMeasure>גרם     </UnitOfMeasure><QtyInPackage>לא ידוע</QtyInPackage><UnitOfMeasurePrice>0.0158</UnitOfMeasurePrice><AllowDiscount>1</AllowDiscount><ItemStatus>1</ItemStatus><ItemPrice>7.90</ItemPrice></item><item><PriceUpdateDate>2016-08-02 09:30:04</PriceUpdateDate><ItemCode>7290011015381</ItemCode><ItemType>1</ItemType><ItemName>מב מיץ פריגת סחוט תפ</ItemName><ManufacturerName>פריגת</ManufacturerName><ManufactureCountry>ישראל</ManufactureCountry><ManufacturerItemDescription>מב מיץ פריגת סחוט תפ</ManufacturerItemDescription><SoldByWeight/><Quantity>2000.00</Quantity><UnitOfMeasure>מ"ל</UnitOfMeasure><QtyInPackage>לא ידוע</QtyInPackage><UnitOfMeasurePrice>0.0109</UnitOfMeasurePrice><AllowDiscount>1</AllowDiscount><ItemStatus>1</ItemStatus><ItemPrice>21.90</ItemPrice></item><item><PriceUpdateDate>2016-03-15 11:31:41</PriceUpdateDate><ItemCode>7290011017606</ItemCode><ItemType>1</ItemType><ItemName>פאנטה לימונדה 1.5 לי</ItemName><ManufacturerName>פאנטה אורנג</ManufacturerName><ManufactureCountry>ישראל</ManufactureCountry><ManufacturerItemDescription>פאנטה לימונדה 1.5 לי</ManufacturerItemDescription><SoldByWeight/><Quantity>1500.00</Quantity><UnitOfMeasure>מ"ל</UnitOfMeasure><QtyInPackage>לא ידוע</QtyInPackage><UnitOfMeasurePrice>0.0046</UnitOfMeasurePrice><AllowDiscount>1</AllowDiscount><ItemStatus>1</ItemStatus><ItemPrice>6.90</ItemPrice></item><item><PriceUpdateDate>2015-10-11 06:44:02</PriceUpdateDate><ItemCode>7290011017866</ItemCode><ItemType>1</ItemType><ItemName>פחית קוקה קולה 330 מ</ItemName><ManufacturerName>קוקה קולה</ManufacturerName><ManufactureCountry>ישראל</ManufactureCountry><ManufacturerItemDescription>קוקה קולה פחית סליק 330 מ</ManufacturerItemDescription><SoldByWeight/><Quantity>330.00</Quantity><UnitOfMeasure>מ"ל</UnitOfMeasure><QtyInPackage>לא ידוע</QtyInPackage><UnitOfMeasurePrice>0.0176</UnitOfMeasurePrice><AllowDiscount>1</AllowDiscount><ItemStatus>1</ItemStatus><ItemPrice>5.80</ItemPrice></item><item><PriceUpdateDate>2015-11-10 07:32:47</PriceUpdateDate><ItemCode>7290011018184</ItemCode><ItemType>1</ItemType><ItemName>FUZE TEA אפרסק 0.5 ל</ItemName><ManufacturerName>לא ממותג</ManufacturerName><ManufactureCountry>ישראל</ManufactureCountry><ManufacturerItemDescription>תה קר FUZE TEA אפרסק 500</ManufacturerItemDescription><SoldByWeight/><Quantity>500.00</Quantity><UnitOfMeasure>מ"ל</UnitOfMeasure><QtyInPackage>לא ידוע</QtyInPackage><UnitOfMeasurePrice>0.0148</UnitOfMeasurePrice><AllowDiscount>1</AllowDiscount><ItemStatus>1</ItemStatus><ItemPrice>7.40</ItemPrice></item><item><PriceUpdateDate>2016-05-31 06:16:45</PriceUpdateDate><ItemCode>7290011018252</ItemCode><ItemType>1</ItemType><ItemName>FUZA TEA מנגו אננס 1</ItemName><ManufacturerName>לא ממותג</ManufacturerName><ManufactureCountry>ישראל</ManufactureCountry><ManufacturerItemDescription>תה קר FUZE TEA מנגו אננס</ManufacturerItemDescription><SoldByWeight/><Quantity>1500.00</Quantity><UnitOfMeasure>מ"ל</UnitOfMeasure><QtyInPackage>לא ידוע</QtyInPackage><UnitOfMeasurePrice>0.0046</UnitOfMeasurePrice><AllowDiscount>1</AllowDiscount><ItemStatus>1</ItemStatus><ItemPrice>6.90</ItemPrice></item><item><PriceUpdateDate>2016-05-31 06:16:45</PriceUpdateDate><ItemCode>7290011018283</ItemCode><ItemType>1</ItemType><ItemName>FUZA TEA משקה אפרסק</ItemName><ManufacturerName>לא ממותג</ManufacturerName><ManufactureCountry>ישראל</ManufactureCountry><ManufacturerItemDescription>תה קר FUZE TEA אפרסק 1.5</ManufacturerItemDescription><SoldByWeight/><Quantity>1500.00</Quantity><UnitOfMeasure>מ"ל</UnitOfMeasure><QtyInPackage>לא ידוע</QtyInPackage><UnitOfMeasurePrice>0.0046</UnitOfMeasurePrice><AllowDiscount>1</AllowDiscount><ItemStatus>1</ItemStatus><ItemPrice>6.90</ItemPrice></item><item><PriceUpdateDate>2016-05-31 06:16:45</PriceUpdateDate><ItemCode>7290011018306</ItemCode><ItemType>1</ItemType><ItemName>FUZA TEA דיאט אפרסק</ItemName><ManufacturerName>לא ממותג</ManufacturerName><ManufactureCountry>ישראל</ManufactureCountry><ManufacturerItemDescription>תה קר דיאט FUZE TEA אפרסק</ManufacturerItemDescription><SoldByWeight/><Quantity>1500.00</Quantity><UnitOfMeasure>מ"ל</UnitOfMeasure><QtyInPackage>לא ידוע</QtyInPackage><UnitOfMeasurePrice>0.0046</UnitOfMeasurePrice><AllowDiscount>1</AllowDiscount><ItemStatus>1</ItemStatus><ItemPrice>6.90</ItemPrice></item><item><PriceUpdateDate>2015-10-11 06:44:02</PriceUpdateDate><ItemCode>7290011018443</ItemCode><ItemType>1</ItemType><ItemName>פחית פאנטה אורנג' 33</ItemName><ManufacturerName>פאנטה אורנג</ManufacturerName><ManufactureCountry>ישראל</ManufactureCountry><ManufacturerItemDescription>פחית פאנטה אורנג' 33</ManufacturerItemDescription><SoldByWeight/><Quantity>330.00</Quantity><UnitOfMeasure>מ"ל</UnitOfMeasure><QtyInPackage>לא ידוע</QtyInPackage><UnitOfMeasurePrice>0.0176</UnitOfMeasurePrice><AllowDiscount>1</AllowDiscount><ItemStatus>1</ItemStatus><ItemPrice>5.80</ItemPrice></item><item><PriceUpdateDate>2016-05-31 06:16:45</PriceUpdateDate><ItemCode>7290011018580</ItemCode><ItemType>1</ItemType><ItemName>FUZE TEA ענבים 1.5 ל</ItemName><ManufacturerName>לא ממותג</ManufacturerName><ManufactureCountry>ישראל</ManufactureCountry><ManufacturerItemDescription>תה קר FUZE TEA ענבים 1.5</ManufacturerItemDescription><SoldByWeight/><Quantity>1500.00</Quantity><UnitOfMeasure>גרם     </UnitOfMeasure><QtyInPackage>לא ידוע</QtyInPackage><UnitOfMeasurePrice>0.0046</UnitOfMeasurePrice><AllowDiscount>1</AllowDiscount><ItemStatus>1</ItemStatus><ItemPrice>6.90</ItemPrice></item><item><PriceUpdateDate>2016-08-07 20:02:48</PriceUpdateDate><ItemCode>7290011018832</ItemCode><ItemType>1</ItemType><ItemName>מארז פחיות קוקה קולה</ItemName><ManufacturerName>קוקה קולה</ManufacturerName><ManufactureCountry>ישראל</ManufactureCountry><ManufacturerItemDescription>מארז פחיות קוקה קולה</ManufacturerItemDescription><SoldByWeight/><Quantity>1980.00</Quantity><UnitOfMeasure>מ"ל</UnitOfMeasure><QtyInPackage>לא ידוע</QtyInPackage><UnitOfMeasurePrice>0.0145</UnitOfMeasurePrice><AllowDiscount>1</AllowDiscount><ItemStatus>1</ItemStatus><ItemPrice>28.70</ItemPrice></item><item><PriceUpdateDate>2015-11-06 10:25:13</PriceUpdateDate><ItemCode>7290011051365</ItemCode><ItemType>1</ItemType><ItemName>שוופס סודה לימון רבי</ItemName><ManufacturerName>שוופס</ManufacturerName><ManufactureCountry>ישראל</ManufactureCountry><ManufacturerItemDescription>סודה שוופס לימון 1.5 ל</ManufacturerItemDescription><SoldByWeight/><Quantity>6000.00</Quantity><UnitOfMeasure>מ"ל</UnitOfMeasure><QtyInPackage>לא ידוע</QtyInPackage><UnitOfMeasurePrice>0.0018</UnitOfMeasurePrice><AllowDiscount>1</AllowDiscount><ItemStatus>1</ItemStatus><ItemPrice>11.00</ItemPrice></item><item><PriceUpdateDate>2016-05-31 06:16:45</PriceUpdateDate><ItemCode>7290011051389</ItemCode><ItemType>1</ItemType><ItemName>שוופס מוגז עדין פירו</ItemName><ManufacturerName>שוופס</ManufacturerName><ManufactureCountry>ישראל</ManufactureCountry><ManufacturerItemDescription>שוופס מוגז עדין פירות יער</ManufacturerItemDescription><SoldByWeight/><Quantity>1500.00</Quantity><UnitOfMeasure>מ"ל</UnitOfMeasure><QtyInPackage>לא ידוע</QtyInPackage><UnitOfMeasurePrice>0.0053</UnitOfMeasurePrice><AllowDiscount>1</AllowDiscount><ItemStatus>1</ItemStatus><ItemPrice>7.90</ItemPrice></item><item><PriceUpdateDate>2016-02-26 06:49:19</PriceUpdateDate><ItemCode>7290011051488</ItemCode><ItemType>1</ItemType><ItemName>ספרינג טי אפרסק 1.5</ItemName><ManufacturerName>ספרינג טי</ManufacturerName><ManufactureCountry>ישראל</ManufactureCountry><ManufacturerItemDescription>תה קר SPRING TEA אפרסק 1.</ManufacturerItemDescription><SoldByWeight/><Quantity>1500.00</Quantity><UnitOfMeasure>מ"ל</UnitOfMeasure><QtyInPackage>לא ידוע</QtyInPackage><UnitOfMeasurePrice>0.0046</UnitOfMeasurePrice><AllowDiscount>1</AllowDiscount><ItemStatus>1</ItemStatus><ItemPrice>6.90</ItemPrice></item><item><PriceUpdateDate>2016-02-26 06:49:19</PriceUpdateDate><ItemCode>7290011051495</ItemCode><ItemType>1</ItemType><ItemName>ספרינג טי תה ירוק לי</ItemName><ManufacturerName>ספרינג טי</ManufacturerName><ManufactureCountry>ישראל</ManufactureCountry><ManufacturerItemDescription>תה ירוק SPRING לימון לואי</ManufacturerItemDescription><SoldByWeight/><Quantity>1500.00</Quantity><UnitOfMeasure>מ"ל</UnitOfMeasure><QtyInPackage>לא ידוע</QtyInPackage><UnitOfMeasurePrice>0.0046</UnitOfMeasurePrice><AllowDiscount>1</AllowDiscount><ItemStatus>1</ItemStatus><ItemPrice>6.90</ItemPrice></item><item><PriceUpdateDate>2016-02-26 06:49:19</PriceUpdateDate><ItemCode>7290011051518</ItemCode><ItemType>1</ItemType><ItemName>ספרינג טי דיאט אפרסק</ItemName><ManufacturerName>ספרינג טי</ManufacturerName><ManufactureCountry>ישראל</ManufactureCountry><ManufacturerItemDescription>ספרינג טי דיאט אפרסק</ManufacturerItemDescription><SoldByWeight/><Quantity>1500.00</Quantity><UnitOfMeasure>מ"ל</UnitOfMeasure><QtyInPackage>לא ידוע</QtyInPackage><UnitOfMeasurePrice>0.0046</UnitOfMeasurePrice><AllowDiscount>1</AllowDiscount><ItemStatus>1</ItemStatus><ItemPrice>6.90</ItemPrice></item><item><PriceUpdateDate>2016-03-29 07:51:20</PriceUpdateDate><ItemCode>7290011074296</ItemCode><ItemType>1</ItemType><ItemName>מסיר כתמים קליה אבקה</ItemName><ManufacturerName>קליה</ManufacturerName><ManufactureCountry>ספרד</ManufactureCountry><ManufacturerItemDescription>מסיר כתמים קליה אבקה</ManufacturerItemDescription><SoldByWeight/><Quantity>1400.00</Quantity><UnitOfMeasure>גרם     </UnitOfMeasure><QtyInPackage>לא ידוע</QtyInPackage><UnitOfMeasurePrice>0.0278</UnitOfMeasurePrice><AllowDiscount>1</AllowDiscount><ItemStatus>1</ItemStatus><ItemPrice>38.90</ItemPrice></item><item><PriceUpdateDate>2016-08-02 09:30:04</PriceUpdateDate><ItemCode>7290011126223</ItemCode><ItemType>1</ItemType><ItemName>מב חליטת רימונים</ItemName><ManufacturerName>גן הקסום</ManufacturerName><ManufactureCountry>ישראל</ManufactureCountry><ManufacturerItemDescription>מב חליטת רימונים</ManufacturerItemDescription><SoldByWeight/><Quantity>14.00</Quantity><UnitOfMeasure>גרם     </UnitOfMeasure><QtyInPackage>לא ידוע</QtyInPackage><UnitOfMeasurePrice>1.0643</UnitOfMeasurePrice><AllowDiscount>1</AllowDiscount><ItemStatus>1</ItemStatus><ItemPrice>14.90</ItemPrice></item><item><PriceUpdateDate>2016-08-02 09:30:04</PriceUpdateDate><ItemCode>7290011126452</ItemCode><ItemType>1</ItemType><ItemName>מב חליטת קמומיל ונענ</ItemName><ManufacturerName>גן הקסום</ManufacturerName><ManufactureCountry>ישראל</ManufactureCountry><ManufacturerItemDescription>חליטת קמומיל ונענע</ManufacturerItemDescription><SoldByWeight/><Quantity>38.00</Quantity><UnitOfMeasure>גרם     </UnitOfMeasure><QtyInPackage>לא ידוע</QtyInPackage><UnitOfMeasurePrice>0.3921</UnitOfMeasurePrice><AllowDiscount>1</AllowDiscount><ItemStatus>1</ItemStatus><ItemPrice>14.90</ItemPrice></item><item><PriceUpdateDate>2016-05-01 06:11:44</PriceUpdateDate><ItemCode>7290011126957</ItemCode><ItemType>1</ItemType><ItemName>תה ירוק ארל גריי 25</ItemName><ManufacturerName>ויסוצקי</ManufacturerName><ManufactureCountry>ישראל</ManufactureCountry><ManufacturerItemDescription>תה ירוק ארל גריי ויסוצקי1</ManufacturerItemDescription><SoldByWeight/><Quantity>38.00</Quantity><UnitOfMeasure>גרם     </UnitOfMeasure><QtyInPackage>לא ידוע</QtyInPackage><UnitOfMeasurePrice>0.6553</UnitOfMeasurePrice><AllowDiscount>1</AllowDiscount><ItemStatus>1</ItemStatus><ItemPrice>24.90</ItemPrice></item><item><PriceUpdateDate>2016-06-28 07:04:25</PriceUpdateDate><ItemCode>7290011131371</ItemCode><ItemType>1</ItemType><ItemName>מיזלי קראנצ'י אגוזים</ItemName><ManufacturerName>גרין</ManufacturerName><ManufactureCountry>ישראל</ManufactureCountry><ManufacturerItemDescription>מיזלי שקדים     ם 1 ק"ג</ManufacturerItemDescription><SoldByWeight/><Quantity>1000.00</Quantity><UnitOfMeasure>גרם     </UnitOfMeasure><QtyInPackage>לא ידוע</QtyInPackage><UnitOfMeasurePrice>0.0285</UnitOfMeasurePrice><AllowDiscount>1</AllowDiscount><ItemStatus>1</ItemStatus><ItemPrice>28.50</ItemPrice></item><item><PriceUpdateDate>2016-06-28 07:04:25</PriceUpdateDate><ItemCode>7290011131609</ItemCode><ItemType>1</ItemType><ItemName>מיזלי מ.שומן 30% פיר</ItemName><ManufacturerName>גרין</ManufacturerName><ManufactureCountry>ישראל</ManufactureCountry><ManufacturerItemDescription>מיזלי מ.שומן 30% פיר</ManufacturerItemDescription><SoldByWeight/><Quantity>1000.00</Quantity><UnitOfMeasure>גרם     </UnitOfMeasure><QtyInPackage>לא ידוע</QtyInPackage><UnitOfMeasurePrice>0.0285</UnitOfMeasurePrice><AllowDiscount>1</AllowDiscount><ItemStatus>1</ItemStatus><ItemPrice>28.50</ItemPrice></item><item><PriceUpdateDate>2016-06-28 07:04:25</PriceUpdateDate><ItemCode>7290011131654</ItemCode><ItemType>1</ItemType><ItemName>מיזלי קראנצ'י ביג מי</ItemName><ManufacturerName>גרין</ManufacturerName><ManufactureCountry>ישראל</ManufactureCountry><ManufacturerItemDescription>מיזלי קראנצ'י ביג מי</ManufacturerItemDescription><SoldByWeight/><Quantity>1000.00</Quantity><UnitOfMeasure>גרם     </UnitOfMeasure><QtyInPackage>לא ידוע</QtyInPackage><UnitOfMeasurePrice>0.0285</UnitOfMeasurePrice><AllowDiscount>1</AllowDiscount><ItemStatus>1</ItemStatus><ItemPrice>28.50</ItemPrice></item><item><PriceUpdateDate>2015-11-12 06:47:49</PriceUpdateDate><ItemCode>7290011194246</ItemCode><ItemType>1</ItemType><ItemName>קוטג' 5% 250 גרם שטר</ItemName><ManufacturerName>קוטג שטראוס</ManufacturerName><ManufactureCountry>ישראל</ManufactureCountry><ManufacturerItemDescription>קוטג+5% סידן 250 גרם</ManufacturerItemDescription><SoldByWeight/><Quantity>250.00</Quantity><UnitOfMeasure>גרם     </UnitOfMeasure><QtyInPackage>לא ידוע</QtyInPackage><UnitOfMeasurePrice>0.0236</UnitOfMeasurePrice><AllowDiscount>1</AllowDiscount><ItemStatus>1</ItemStatus><ItemPrice>5.90</ItemPrice></item><item><PriceUpdateDate>2016-05-31 06:16:47</PriceUpdateDate><ItemCode>7290011223045</ItemCode><ItemType>1</ItemType><ItemName>בישקוטים בונומי 200</ItemName><ManufacturerName>Bonomi</ManufacturerName><ManufactureCountry>איטליה</ManufactureCountry><ManufacturerItemDescription>בישקוטים בונומי 200 גרם</ManufacturerItemDescription><SoldByWeight/><Quantity>200.00</Quantity><UnitOfMeasure>גרם     </UnitOfMeasure><QtyInPackage>לא ידוע</QtyInPackage><UnitOfMeasurePrice>0.0425</UnitOfMeasurePrice><AllowDiscount>1</AllowDiscount><ItemStatus>1</ItemStatus><ItemPrice>8.50</ItemPrice></item><item><PriceUpdateDate>2016-06-28 07:04:26</PriceUpdateDate><ItemCode>7290011240264</ItemCode><ItemType>1</ItemType><ItemName>יין ארז שיראז מרלו 7</ItemName><ManufacturerName>לא ממותג</ManufacturerName><ManufactureCountry>ישראל</ManufactureCountry><ManufacturerItemDescription>יין ארז שיראז מרלו 7</ManufacturerItemDescription><SoldByWeight/><Quantity>750.00</Quantity><UnitOfMeasure>מ"ל</UnitOfMeasure><QtyInPackage>לא ידוע</QtyInPackage><UnitOfMeasurePrice>0.0483</UnitOfMeasurePrice><AllowDiscount>1</AllowDiscount><ItemStatus>1</ItemStatus><ItemPrice>36.20</ItemPrice></item><item><PriceUpdateDate>2016-08-02 09:30:05</PriceUpdateDate><ItemCode>7290011240356</ItemCode><ItemType>1</ItemType><ItemName>יין דולב קברנה סובינ</ItemName><ManufacturerName>לא ממותג</ManufacturerName><ManufactureCountry>ישראל</ManufactureCountry><ManufacturerItemDescription>יין דולב קברנה סובינ</ManufacturerItemDescription><SoldByWeight/><Quantity>750.00</Quantity><UnitOfMeasure>מ"ל</UnitOfMeasure><QtyInPackage>לא ידוע</QtyInPackage><UnitOfMeasurePrice>0.0344</UnitOfMeasurePrice><AllowDiscount>1</AllowDiscount><ItemStatus>1</ItemStatus><ItemPrice>25.80</ItemPrice></item><item><PriceUpdateDate>2016-08-02 09:30:05</PriceUpdateDate><ItemCode>7290011240837</ItemCode><ItemType>1</ItemType><ItemName>מב יין שאטו מרלו 750</ItemName><ManufacturerName>לא ממותג</ManufacturerName><ManufactureCountry>ישראל</ManufactureCountry><ManufacturerItemDescription>מב יין שאטו מרלו 750</ManufacturerItemDescription><SoldByWeight/><Quantity>750.00</Quantity><UnitOfMeasure>מ"ל</UnitOfMeasure><QtyInPackage>לא ידוע</QtyInPackage><UnitOfMeasurePrice>0.0252</UnitOfMeasurePrice><AllowDiscount>1</AllowDiscount><ItemStatus>1</ItemStatus><ItemPrice>18.90</ItemPrice></item><item><PriceUpdateDate>2015-11-19 09:08:00</PriceUpdateDate><ItemCode>7290011254018</ItemCode><ItemType>1</ItemType><ItemName>שעועית 500 גרם</ItemName><ManufacturerName>מיה</ManufacturerName><ManufactureCountry>ישראל</ManufactureCountry><ManufacturerItemDescription>שעועית 500 גרם</ManufacturerItemDescription><SoldByWeight/><Quantity>500.00</Quantity><UnitOfMeasure>גרם     </UnitOfMeasure><QtyInPackage>לא ידוע</QtyInPackage><UnitOfMeasurePrice>0.0240</UnitOfMeasurePrice><AllowDiscount>1</AllowDiscount><ItemStatus>1</ItemStatus><ItemPrice>12.00</ItemPrice></item><item><PriceUpdateDate>2016-08-02 09:30:05</PriceUpdateDate><ItemCode>7290011254032</ItemCode><ItemType>1</ItemType><ItemName>מב קינואה 500 גרם</ItemName><ManufacturerName>מיה</ManufacturerName><ManufactureCountry>ישראל</ManufactureCountry><ManufacturerItemDescription>קינואה 500 גרם</ManufacturerItemDescription><SoldByWeight/><Quantity>500.00</Quantity><UnitOfMeasure>גרם     </UnitOfMeasure><QtyInPackage>לא ידוע</QtyInPackage><UnitOfMeasurePrice>0.0318</UnitOfMeasurePrice><AllowDiscount>1</AllowDiscount><ItemStatus>1</ItemStatus><ItemPrice>15.90</ItemPrice></item><item><PriceUpdateDate>2016-05-01 10:33:28</PriceUpdateDate><ItemCode>7290011254049</ItemCode><ItemType>1</ItemType><ItemName>סובין שבולת שועל 400</ItemName><ManufacturerName>מיה</ManufacturerName><ManufactureCountry>ישראל</ManufactureCountry><ManufacturerItemDescription>סובין שבולת שועל 400</ManufacturerItemDescription><SoldByWeight/><Quantity>400.00</Quantity><UnitOfMeasure>גרם     </UnitOfMeasure><QtyInPackage>לא ידוע</QtyInPackage><UnitOfMeasurePrice>0.0358</UnitOfMeasurePrice><AllowDiscount>1</AllowDiscount><ItemStatus>1</ItemStatus><ItemPrice>14.30</ItemPrice></item><item><PriceUpdateDate>2016-05-01 10:33:28</PriceUpdateDate><ItemCode>7290011254056</ItemCode><ItemType>1</ItemType><ItemName>סובין חיטה 150 גרם</ItemName><ManufacturerName>מיה</ManufacturerName><ManufactureCountry>ישראל</ManufactureCountry><ManufacturerItemDescription>סובין חיטה 150 גרם</ManufacturerItemDescription><SoldByWeight/><Quantity>150.00</Quantity><UnitOfMeasure>גרם     </UnitOfMeasure><QtyInPackage>לא ידוע</QtyInPackage><UnitOfMeasurePrice>0.0613</UnitOfMeasurePrice><AllowDiscount>1</AllowDiscount><ItemStatus>1</ItemStatus><ItemPrice>9.20</ItemPrice></item><item><PriceUpdateDate>2015-05-04 07:02:26</PriceUpdateDate><ItemCode>7290011254063</ItemCode><ItemType>1</ItemType><ItemName>עדשים שחורים 500 גרם</ItemName><ManufacturerName>מיה</ManufacturerName><ManufactureCountry>ישראל</ManufactureCountry><ManufacturerItemDescription>עדשים שחורים 500 גרם</ManufacturerItemDescription><SoldByWeight/><Quantity>500.00</Quantity><UnitOfMeasure>גרם     </UnitOfMeasure><QtyInPackage>לא ידוע</QtyInPackage><UnitOfMeasurePrice>0.0254</UnitOfMeasurePrice><AllowDiscount>1</AllowDiscount><ItemStatus>1</ItemStatus><ItemPrice>12.70</ItemPrice></item><item><PriceUpdateDate>2015-10-19 10:44:38</PriceUpdateDate><ItemCode>7290011254094</ItemCode><ItemType>1</ItemType><ItemName>כמון שקית 80 גרם</ItemName><ManufacturerName>מיה</ManufacturerName><ManufactureCountry>ישראל</ManufactureCountry><ManufacturerItemDescription>כמון שקית 80 גרם</ManufacturerItemDescription><SoldByWeight/><Quantity>80.00</Quantity><UnitOfMeasure>גרם     </UnitOfMeasure><QtyInPackage>לא ידוע</QtyInPackage><UnitOfMeasurePrice>0.0688</UnitOfMeasurePrice><AllowDiscount>1</AllowDiscount><ItemStatus>1</ItemStatus><ItemPrice>5.50</ItemPrice></item><item><PriceUpdateDate>2015-10-19 10:44:38</PriceUpdateDate><ItemCode>7290011254117</ItemCode><ItemType>1</ItemType><ItemName>פפריקה מתוקה 80 גרם</ItemName><ManufacturerName>מיה</ManufacturerName><ManufactureCountry>ישראל</ManufactureCountry><ManufacturerItemDescription>פפריקה מתוקה 80 גרם</ManufacturerItemDescription><SoldByWeight/><Quantity>80.00</Quantity><UnitOfMeasure>גרם     </UnitOfMeasure><QtyInPackage>לא ידוע</QtyInPackage><UnitOfMeasurePrice>0.0688</UnitOfMeasurePrice><AllowDiscount>1</AllowDiscount><ItemStatus>1</ItemStatus><ItemPrice>5.50</ItemPrice></item><item><PriceUpdateDate>2016-06-28 07:04:27</PriceUpdateDate><ItemCode>7290011254254</ItemCode><ItemType>1</ItemType><ItemName>שוקולד ציפס מיה 300</ItemName><ManufacturerName>מיה</ManufacturerName><ManufactureCountry>ישראל</ManufactureCountry><ManufacturerItemDescription>שוקולד ציפס מיה 300</ManufacturerItemDescription><SoldByWeight/><Quantity>300.00</Quantity><UnitOfMeasure>גרם     </UnitOfMeasure><QtyInPackage>לא ידוע</QtyInPackage><UnitOfMeasurePrice>0.0383</UnitOfMeasurePrice><AllowDiscount>1</AllowDiscount><ItemStatus>1</ItemStatus><ItemPrice>11.50</ItemPrice></item><item><PriceUpdateDate>2015-02-01 08:48:00</PriceUpdateDate><ItemCode>7290011254605</ItemCode><ItemType>1</ItemType><ItemName>תערובת לקדירה לקט חמ</ItemName><ManufacturerName>מיה</ManufacturerName><ManufactureCountry>ישראל</ManufactureCountry><ManufacturerItemDescription>תערובת לקדירה לקט חמ</ManufacturerItemDescription><SoldByWeight/><Quantity>600.00</Quantity><UnitOfMeasure>גרם     </UnitOfMeasure><QtyInPackage>לא ידוע</QtyInPackage><UnitOfMeasurePrice>0.0217</UnitOfMeasurePrice><AllowDiscount>1</AllowDiscount><ItemStatus>1</ItemStatus><ItemPrice>13.00</ItemPrice></item><item><PriceUpdateDate>2015-11-10 07:32:50</PriceUpdateDate><ItemCode>7290011282387</ItemCode><ItemType>1</ItemType><ItemName>נוזל אסלות 1 ליטר המ</ItemName><ManufacturerName>"המותג"</ManufacturerName><ManufactureCountry>ישראל</ManufactureCountry><ManufacturerItemDescription>נוזל אסלות 1 ליטר המ</ManufacturerItemDescription><SoldByWeight/><Quantity>1000.00</Quantity><UnitOfMeasure>מ"ל</UnitOfMeasure><QtyInPackage>לא ידוע</QtyInPackage><UnitOfMeasurePrice>0.0064</UnitOfMeasurePrice><AllowDiscount>1</AllowDiscount><ItemStatus>1</ItemStatus><ItemPrice>6.40</ItemPrice></item><item><PriceUpdateDate>2016-08-02 09:30:05</PriceUpdateDate><ItemCode>7290011300975</ItemCode><ItemType>1</ItemType><ItemName>סבון נוזלי 500 מ"ל ו</ItemName><ManufacturerName>פנינה רוזנבלום</ManufacturerName><ManufactureCountry>ישראל</ManufactureCountry><ManufacturerItemDescription>סבון נוזלי 500 מ"ל ו</ManufacturerItemDescription><SoldByWeight/><Quantity>500.00</Quantity><UnitOfMeasure>מ"ל</UnitOfMeasure><QtyInPackage>לא ידוע</QtyInPackage><UnitOfMeasurePrice>0.0170</UnitOfMeasurePrice><AllowDiscount>1</AllowDiscount><ItemStatus>1</ItemStatus><ItemPrice>8.50</ItemPrice></item><item><PriceUpdateDate>2016-05-01 10:33:29</PriceUpdateDate><ItemCode>7290011308858</ItemCode><ItemType>1</ItemType><ItemName>נשנושים ביס שמנת בצל</ItemName><ManufacturerName>נישנושים</ManufacturerName><ManufactureCountry>ישראל</ManufactureCountry><ManufacturerItemDescription>נשנושים שמנת בצל 60 גרם</ManufacturerItemDescription><SoldByWeight/><Quantity>60.00</Quantity><UnitOfMeasure>גרם     </UnitOfMeasure><QtyInPackage>לא ידוע</QtyInPackage><UnitOfMeasurePrice>0.0817</UnitOfMeasurePrice><AllowDiscount>1</AllowDiscount><ItemStatus>1</ItemStatus><ItemPrice>4.90</ItemPrice></item><item><PriceUpdateDate>2016-05-01 10:33:29</PriceUpdateDate><ItemCode>7290011308889</ItemCode><ItemType>1</ItemType><ItemName>נשנושים ביס ברביקיו</ItemName><ManufacturerName>נישנושים</ManufacturerName><ManufactureCountry>ישראל</ManufactureCountry><ManufacturerItemDescription>נשנושים ביס ברביקיו</ManufacturerItemDescription><SoldByWeight/><Quantity>60.00</Quantity><UnitOfMeasure>גרם     </UnitOfMeasure><QtyInPackage>לא ידוע</QtyInPackage><UnitOfMeasurePrice>0.0817</UnitOfMeasurePrice><AllowDiscount>1</AllowDiscount><ItemStatus>1</ItemStatus><ItemPrice>4.90</ItemPrice></item><item><PriceUpdateDate>2016-05-01 10:33:29</PriceUpdateDate><ItemCode>7290011348267</ItemCode><ItemType>1</ItemType><ItemName>טבעול קציצות עדשים כ</ItemName><ManufacturerName>טבעול</ManufacturerName><ManufactureCountry>ישראל</ManufactureCountry><ManufacturerItemDescription>קציצות עדשים כתומות 500 ג</ManufacturerItemDescription><SoldByWeight/><Quantity>500.00</Quantity><UnitOfMeasure>גרם     </UnitOfMeasure><QtyInPackage>לא ידוע</QtyInPackage><UnitOfMeasurePrice>0.0660</UnitOfMeasurePrice><AllowDiscount>1</AllowDiscount><ItemStatus>1</ItemStatus><ItemPrice>33.00</ItemPrice></item><item><PriceUpdateDate>2016-05-01 06:11:45</PriceUpdateDate><ItemCode>7290011378776</ItemCode><ItemType>1</ItemType><ItemName>מאגדת 6 יחידות חטיף</ItemName><ManufacturerName>בארכה</ManufacturerName><ManufactureCountry>ישראל</ManufactureCountry><ManufacturerItemDescription>מאגדת חטיף חלבה פיסטוק</ManufacturerItemDescription><SoldByWeight/><Quantity>120.00</Quantity><UnitOfMeasure>גרם     </UnitOfMeasure><QtyInPackage>לא ידוע</QtyInPackage><UnitOfMeasurePrice>0.1158</UnitOfMeasurePrice><AllowDiscount>1</AllowDiscount><ItemStatus>1</ItemStatus><ItemPrice>13.90</ItemPrice></item><item><PriceUpdateDate>2016-05-01 06:11:45</PriceUpdateDate><ItemCode>7290011378950</ItemCode><ItemType>1</ItemType><ItemName>מאגדת 6 יחידות חטיף</ItemName><ManufacturerName>בארכה</ManufacturerName><ManufactureCountry>ישראל</ManufactureCountry><ManufacturerItemDescription>מאגדת חטיף חלבה וניל עם פ</ManufacturerItemDescription><SoldByWeight/><Quantity>120.00</Quantity><UnitOfMeasure>גרם     </UnitOfMeasure><QtyInPackage>לא ידוע</QtyInPackage><UnitOfMeasurePrice>0.1158</UnitOfMeasurePrice><AllowDiscount>1</AllowDiscount><ItemStatus>1</ItemStatus><ItemPrice>13.90</ItemPrice></item><item><PriceUpdateDate>2016-05-31 06:16:48</PriceUpdateDate><ItemCode>7290011447304</ItemCode><ItemType>1</ItemType><ItemName>מטרנה חלבי שלב 3 700</ItemName><ManufacturerName>מטרנה</ManufacturerName><ManufactureCountry>ישראל</ManufactureCountry><ManufacturerItemDescription>מטרנה חלבי שלב 3 700</ManufacturerItemDescription><SoldByWeight/><Quantity>700.00</Quantity><UnitOfMeasure>גרם     </UnitOfMeasure><QtyInPackage>לא ידוע</QtyInPackage><UnitOfMeasurePrice>0.0784</UnitOfMeasurePrice><AllowDiscount>1</AllowDiscount><ItemStatus>1</ItemStatus><ItemPrice>54.90</ItemPrice></item><item><PriceUpdateDate>2016-03-15 11:31:42</PriceUpdateDate><ItemCode>7290011447359</ItemCode><ItemType>1</ItemType><ItemName>מטרנה מהדרין שלב 1 7</ItemName><ManufacturerName>מטרנה</ManufacturerName><ManufactureCountry>ישראל</ManufactureCountry><ManufacturerItemDescription>מטרנה מהדרין שלב 1 7</ManufacturerItemDescription><SoldByWeight/><Quantity>700.00</Quantity><UnitOfMeasure>גרם     </UnitOfMeasure><QtyInPackage>לא ידוע</QtyInPackage><UnitOfMeasurePrice>0.0741</UnitOfMeasurePrice><AllowDiscount>1</AllowDiscount><ItemStatus>1</ItemStatus><ItemPrice>51.90</ItemPrice></item><item><PriceUpdateDate>2015-01-27 10:36:18</PriceUpdateDate><ItemCode>7290011459109</ItemCode><ItemType>1</ItemType><ItemName>מטאטא צבעוני + מקל מ</ItemName><ManufacturerName>לא ממותג</ManufacturerName><ManufactureCountry>ישראל</ManufactureCountry><ManufacturerItemDescription>מטאטא צבעוני + מקל מ</ManufacturerItemDescription><SoldByWeight/><Quantity>1.00</Quantity><UnitOfMeasure>0</UnitOfMeasure><QtyInPackage>לא ידוע</QtyInPackage><UnitOfMeasurePrice>16.9000</UnitOfMeasurePrice><AllowDiscount>1</AllowDiscount><ItemStatus>1</ItemStatus><ItemPrice>16.90</ItemPrice></item><item><PriceUpdateDate>2016-03-10 07:12:10</PriceUpdateDate><ItemCode>7290011459314</ItemCode><ItemType>1</ItemType><ItemName>מטאטא לקה + מקל מתכת</ItemName><ManufacturerName>לא ממותג</ManufacturerName><ManufactureCountry>ישראל</ManufactureCountry><ManufacturerItemDescription>מטאטא לקה + מקל מתכת</ManufacturerItemDescription><SoldByWeight/><Quantity>0.00</Quantity><UnitOfMeasure>0</UnitOfMeasure><QtyInPackage>לא ידוע</QtyInPackage><UnitOfMeasurePrice>0.0000</UnitOfMeasurePrice><AllowDiscount>1</AllowDiscount><ItemStatus>1</ItemStatus><ItemPrice>19.90</ItemPrice></item><item><PriceUpdateDate>2016-08-02 09:30:06</PriceUpdateDate><ItemCode>7290011499105</ItemCode><ItemType>1</ItemType><ItemName>מב גבינה בולגרית 5%</ItemName><ManufacturerName>גד</ManufacturerName><ManufactureCountry>ישראל</ManufactureCountry><ManufacturerItemDescription>גבינה בולגרית 250 5% גרם</ManufacturerItemDescription><SoldByWeight/><Quantity>250.00</Quantity><UnitOfMeasure>גרם     </UnitOfMeasure><QtyInPackage>לא ידוע</QtyInPackage><UnitOfMeasurePrice>0.0640</UnitOfMeasurePrice><AllowDiscount>0</AllowDiscount><ItemStatus>1</ItemStatus><ItemPrice>16.00</ItemPrice></item><item><PriceUpdateDate>2016-08-02 09:30:06</PriceUpdateDate><ItemCode>7290011499112</ItemCode><ItemType>1</ItemType><ItemName>מב גבינה בולגרית 16%</ItemName><ManufacturerName>גד</ManufacturerName><ManufactureCountry>ישראל</ManufactureCountry><ManufacturerItemDescription>מב גבינה בולגרית 16%</ManufacturerItemDescription><SoldByWeight/><Quantity>250.00</Quantity><UnitOfMeasure>גרם     </UnitOfMeasure><QtyInPackage>לא ידוע</QtyInPackage><UnitOfMeasurePrice>0.0640</UnitOfMeasurePrice><AllowDiscount>1</AllowDiscount><ItemStatus>1</ItemStatus><ItemPrice>16.00</ItemPrice></item><item><PriceUpdateDate>2016-01-05 06:58:40</PriceUpdateDate><ItemCode>7290011499129</ItemCode><ItemType>1</ItemType><ItemName>גבינה בולגרית קוביות</ItemName><ManufacturerName>גד</ManufacturerName><ManufactureCountry>ישראל</ManufactureCountry><ManufacturerItemDescription>גבינה בולגרית קוביות 5% מ</ManufacturerItemDescription><SoldByWeight/><Quantity>200.00</Quantity><UnitOfMeasure>גרם     </UnitOfMeasure><QtyInPackage>לא ידוע</QtyInPackage><UnitOfMeasurePrice>0.1235</UnitOfMeasurePrice><AllowDiscount>1</AllowDiscount><ItemStatus>1</ItemStatus><ItemPrice>24.70</ItemPrice></item><item><PriceUpdateDate>2015-01-27 10:35:23</PriceUpdateDate><ItemCode>7290011499303</ItemCode><ItemType>1</ItemType><ItemName>גבינה בולגרית עיזים</ItemName><ManufacturerName>גד</ManufacturerName><ManufactureCountry>ישראל</ManufactureCountry><ManufacturerItemDescription>גבינה בולגרית 5% עזים 250</ManufacturerItemDescription><SoldByWeight/><Quantity>250.00</Quantity><UnitOfMeasure>גרם     </UnitOfMeasure><QtyInPackage>לא ידוע</QtyInPackage><UnitOfMeasurePrice>0.1332</UnitOfMeasurePrice><AllowDiscount>1</AllowDiscount><ItemStatus>1</ItemStatus><ItemPrice>33.30</ItemPrice></item><item><PriceUpdateDate>2015-11-10 07:32:51</PriceUpdateDate><ItemCode>7290011499334</ItemCode><ItemType>1</ItemType><ItemName>גבינה קממבר צאן 125</ItemName><ManufacturerName>גד</ManufacturerName><ManufactureCountry>ישראל</ManufactureCountry><ManufacturerItemDescription>גבינה קממבר צאן 125 גרם</ManufacturerItemDescription><SoldByWeight/><Quantity>125.00</Quantity><UnitOfMeasure>גרם     </UnitOfMeasure><QtyInPackage>לא ידוע</QtyInPackage><UnitOfMeasurePrice>0.1624</UnitOfMeasurePrice><AllowDiscount>1</AllowDiscount><ItemStatus>1</ItemStatus><ItemPrice>20.30</ItemPrice></item><item><PriceUpdateDate>2015-11-10 07:32:51</PriceUpdateDate><ItemCode>7290011499341</ItemCode><ItemType>1</ItemType><ItemName>גבינה קשקבל 250 גרם</ItemName><ManufacturerName>גד</ManufacturerName><ManufactureCountry>ישראל</ManufactureCountry><ManufacturerItemDescription>גבינה קשקאבל 250 גרם</ManufacturerItemDescription><SoldByWeight/><Quantity>250.00</Quantity><UnitOfMeasure>גרם     </UnitOfMeasure><QtyInPackage>לא ידוע</QtyInPackage><UnitOfMeasurePrice>0.1480</UnitOfMeasurePrice><AllowDiscount>1</AllowDiscount><ItemStatus>1</ItemStatus><ItemPrice>37.00</ItemPrice></item><item><PriceUpdateDate>2015-11-10 07:32:51</PriceUpdateDate><ItemCode>7290011499358</ItemCode><ItemType>1</ItemType><ItemName>גבינה פטה עיזים 200</ItemName><ManufacturerName>גד</ManufacturerName><ManufactureCountry>ישראל</ManufactureCountry><ManufacturerItemDescription>גבינה פטה עיזים 200 גרם</ManufacturerItemDescription><SoldByWeight/><Quantity>200.00</Quantity><UnitOfMeasure>גרם     </UnitOfMeasure><QtyInPackage>לא ידוע</QtyInPackage><UnitOfMeasurePrice>0.1445</UnitOfMeasurePrice><AllowDiscount>1</AllowDiscount><ItemStatus>1</ItemStatus><ItemPrice>28.90</ItemPrice></item><item><PriceUpdateDate>2015-01-27 10:35:23</PriceUpdateDate><ItemCode>7290011499754</ItemCode><ItemType>1</ItemType><ItemName>ריקוטה מהדרין 250 גר</ItemName><ManufacturerName>גד</ManufacturerName><ManufactureCountry>ישראל</ManufactureCountry><ManufacturerItemDescription>ריקוטה מהדרין 250 גר</ManufacturerItemDescription><SoldByWeight/><Quantity>250.00</Quantity><UnitOfMeasure>גרם     </UnitOfMeasure><QtyInPackage>לא ידוע</QtyInPackage><UnitOfMeasurePrice>0.0648</UnitOfMeasurePrice><AllowDiscount>1</AllowDiscount><ItemStatus>1</ItemStatus><ItemPrice>16.20</ItemPrice></item><item><PriceUpdateDate>2016-05-31 06:16:48</PriceUpdateDate><ItemCode>7290011518561</ItemCode><ItemType>1</ItemType><ItemName>מארז אקטימל תות 14 י</ItemName><ManufacturerName>אקטימל</ManufacturerName><ManufactureCountry>ישראל</ManufactureCountry><ManufacturerItemDescription>מארז אקטימל תות 14 י</ManufacturerItemDescription><SoldByWeight/><Quantity>1480.00</Quantity><UnitOfMeasure>מ"ל</UnitOfMeasure><QtyInPackage>לא ידוע</QtyInPackage><UnitOfMeasurePrice>0.0212</UnitOfMeasurePrice><AllowDiscount>1</AllowDiscount><ItemStatus>1</ItemStatus><ItemPrice>31.40</ItemPrice></item><item><PriceUpdateDate>2016-05-01 10:33:31</PriceUpdateDate><ItemCode>7290011553364</ItemCode><ItemType>1</ItemType><ItemName>ציפוי לשניצל במיכל 4</ItemName><ManufacturerName>"המותג"</ManufacturerName><ManufactureCountry>ישראל</ManufactureCountry><ManufacturerItemDescription>ציפוי לשניצל במיכל 4</ManufacturerItemDescription><SoldByWeight/><Quantity>400.00</Quantity><UnitOfMeasure>גרם     </UnitOfMeasure><QtyInPackage>לא ידוע</QtyInPackage><UnitOfMeasurePrice>0.0223</UnitOfMeasurePrice><AllowDiscount>1</AllowDiscount><ItemStatus>1</ItemStatus><ItemPrice>8.90</ItemPrice></item><item><PriceUpdateDate>2016-01-05 06:58:41</PriceUpdateDate><ItemCode>7290011570606</ItemCode><ItemType>1</ItemType><ItemName>סירופ מייפל 600 גרם</ItemName><ManufacturerName>לא ממותג</ManufacturerName><ManufactureCountry>ישראל</ManufactureCountry><ManufacturerItemDescription>סירופ מייפל 600 גרם</ManufacturerItemDescription><SoldByWeight/><Quantity>600.00</Quantity><UnitOfMeasure>גרם     </UnitOfMeasure><QtyInPackage>לא ידוע</QtyInPackage><UnitOfMeasurePrice>0.0298</UnitOfMeasurePrice><AllowDiscount>1</AllowDiscount><ItemStatus>1</ItemStatus><ItemPrice>17.90</ItemPrice></item><item><PriceUpdateDate>2016-04-27 08:40:23</PriceUpdateDate><ItemCode>7290011587130</ItemCode><ItemType>1</ItemType><ItemName>חלב קוקוס 400 גרם</ItemName><ManufacturerName>לא ממותג</ManufacturerName><ManufactureCountry>ישראל</ManufactureCountry><ManufacturerItemDescription>חלב קוקוס 400 גרם</ManufacturerItemDescription><SoldByWeight/><Quantity>400.00</Quantity><UnitOfMeasure>גרם     </UnitOfMeasure><QtyInPackage>לא ידוע</QtyInPackage><UnitOfMeasurePrice>0.0242</UnitOfMeasurePrice><AllowDiscount>1</AllowDiscount><ItemStatus>1</ItemStatus><ItemPrice>9.70</ItemPrice></item><item><PriceUpdateDate>2016-05-01 06:11:46</PriceUpdateDate><ItemCode>7290011598211</ItemCode><ItemType>1</ItemType><ItemName>סנו אנטי קאלק 4 באחד</ItemName><ManufacturerName>אנטי קאלק</ManufacturerName><ManufactureCountry>ישראל</ManufactureCountry><ManufacturerItemDescription>מנקה כללי אנטיקאלק 700 מל</ManufacturerItemDescription><SoldByWeight/><Quantity>750.00</Quantity><UnitOfMeasure>מ"ל</UnitOfMeasure><QtyInPackage>לא ידוע</QtyInPackage><UnitOfMeasurePrice>0.0212</UnitOfMeasurePrice><AllowDiscount>1</AllowDiscount><ItemStatus>1</ItemStatus><ItemPrice>15.90</ItemPrice></item><item><PriceUpdateDate>2016-08-02 09:30:06</PriceUpdateDate><ItemCode>7290011607180</ItemCode><ItemType>1</ItemType><ItemName>מב אבקת כביסה קולון</ItemName><ManufacturerName>קולון</ManufacturerName><ManufactureCountry>ישראל</ManufactureCountry><ManufacturerItemDescription>אבקת כביסה קולון 1.25 101</ManufacturerItemDescription><SoldByWeight/><Quantity>1250.00</Quantity><UnitOfMeasure>גרם     </UnitOfMeasure><QtyInPackage>לא ידוע</QtyInPackage><UnitOfMeasurePrice>0.0087</UnitOfMeasurePrice><AllowDiscount>1</AllowDiscount><ItemStatus>1</ItemStatus><ItemPrice>10.90</ItemPrice></item><item><PriceUpdateDate>2016-05-01 06:11:46</PriceUpdateDate><ItemCode>7290011607197</ItemCode><ItemType>1</ItemType><ItemName>אבקת כביסה קולון 101</ItemName><ManufacturerName>קולון</ManufacturerName><ManufactureCountry>ישראל</ManufactureCountry><ManufacturerItemDescription>אבקת כביסה קולון 101</ManufacturerItemDescription><SoldByWeight/><Quantity>5000.00</Quantity><UnitOfMeasure>גרם     </UnitOfMeasure><QtyInPackage>לא ידוע</QtyInPackage><UnitOfMeasurePrice>0.0080</UnitOfMeasurePrice><AllowDiscount>1</AllowDiscount><ItemStatus>1</ItemStatus><ItemPrice>39.90</ItemPrice></item><item><PriceUpdateDate>2016-05-01 10:33:33</PriceUpdateDate><ItemCode>7290011654535</ItemCode><ItemType>1</ItemType><ItemName>לחם אישי חיטה מלאה</ItemName><ManufacturerName>מאפה צרפתי</ManufacturerName><ManufactureCountry>ישראל</ManufactureCountry><ManufacturerItemDescription>לחם אישי חיטה מלאה</ManufacturerItemDescription><SoldByWeight/><Quantity>1000.00</Quantity><UnitOfMeasure>קג</UnitOfMeasure><QtyInPackage>לא ידוע</QtyInPackage><UnitOfMeasurePrice>0.0049</UnitOfMeasurePrice><AllowDiscount>1</AllowDiscount><ItemStatus>1</ItemStatus><ItemPrice>4.90</ItemPrice></item><item><PriceUpdateDate>2016-05-01 10:33:33</PriceUpdateDate><ItemCode>7290011656409</ItemCode><ItemType>1</ItemType><ItemName>לחם דגנים 580 גרם</ItemName><ManufacturerName>לא ידוע</ManufacturerName><ManufactureCountry>ישראל</ManufactureCountry><ManufacturerItemDescription>לחם דגנים 580 גרם</ManufacturerItemDescription><SoldByWeight/><Quantity>580.00</Quantity><UnitOfMeasure>גרם     </UnitOfMeasure><QtyInPackage>לא ידוע</QtyInPackage><UnitOfMeasurePrice>0.0236</UnitOfMeasurePrice><AllowDiscount>1</AllowDiscount><ItemStatus>1</ItemStatus><ItemPrice>13.70</ItemPrice></item><item><PriceUpdateDate>2016-06-28 07:04:29</PriceUpdateDate><ItemCode>7290011668570</ItemCode><ItemType>1</ItemType><ItemName>מב גרנולה פירות יבשי</ItemName><ManufacturerName>פנינה רוזנבלום</ManufacturerName><ManufactureCountry>ישראל</ManufactureCountry><ManufacturerItemDescription>חגיגת גרנולה פירות יבשים5</ManufacturerItemDescription><SoldByWeight/><Quantity>450.00</Quantity><UnitOfMeasure>גרם     </UnitOfMeasure><QtyInPackage>לא ידוע</QtyInPackage><UnitOfMeasurePrice>0.0509</UnitOfMeasurePrice><AllowDiscount>1</AllowDiscount><ItemStatus>1</ItemStatus><ItemPrice>22.90</ItemPrice></item><item><PriceUpdateDate>2016-08-02 09:30:06</PriceUpdateDate><ItemCode>7290011800642</ItemCode><ItemType>1</ItemType><ItemName>סלט מטבוחה רפי כהן 4</ItemName><ManufacturerName>צבר</ManufacturerName><ManufactureCountry>ישראל</ManufactureCountry><ManufacturerItemDescription>מטבוחה רפי</ManufacturerItemDescription><SoldByWeight/><Quantity>400.00</Quantity><UnitOfMeasure>גרם     </UnitOfMeasure><QtyInPackage>לא ידוע</QtyInPackage><UnitOfMeasurePrice>0.0413</UnitOfMeasurePrice><AllowDiscount>1</AllowDiscount><ItemStatus>1</ItemStatus><ItemPrice>16.50</ItemPrice></item><item><PriceUpdateDate>2016-08-02 09:30:06</PriceUpdateDate><ItemCode>7290011800840</ItemCode><ItemType>1</ItemType><ItemName>סלט טחינה לבנה רפי כ</ItemName><ManufacturerName>צבר</ManufacturerName><ManufactureCountry>ישראל</ManufactureCountry><ManufacturerItemDescription>טחינה לבנה רפי</ManufacturerItemDescription><SoldByWeight/><Quantity>400.00</Quantity><UnitOfMeasure>גרם     </UnitOfMeasure><QtyInPackage>לא ידוע</QtyInPackage><UnitOfMeasurePrice>0.0413</UnitOfMeasurePrice><AllowDiscount>1</AllowDiscount><ItemStatus>1</ItemStatus><ItemPrice>16.50</ItemPrice></item><item><PriceUpdateDate>2016-08-02 09:30:07</PriceUpdateDate><ItemCode>7290011800864</ItemCode><ItemType>1</ItemType><ItemName>סלט חציל בלאדי בשמן</ItemName><ManufacturerName>צבר</ManufacturerName><ManufactureCountry>ישראל</ManufactureCountry><ManufacturerItemDescription>חציל בשמן זית רפי 400 גר</ManufacturerItemDescription><SoldByWeight/><Quantity>400.00</Quantity><UnitOfMeasure>גרם     </UnitOfMeasure><QtyInPackage>לא ידוע</QtyInPackage><UnitOfMeasurePrice>0.0413</UnitOfMeasurePrice><AllowDiscount>1</AllowDiscount><ItemStatus>1</ItemStatus><ItemPrice>16.50</ItemPrice></item><item><PriceUpdateDate>2016-08-02 09:30:07</PriceUpdateDate><ItemCode>7290011876388</ItemCode><ItemType>1</ItemType><ItemName>מב קציצות עוף ובקר מ</ItemName><ManufacturerName>מאמא עוף קפוא</ManufacturerName><ManufactureCountry>ישראל</ManufactureCountry><ManufacturerItemDescription>קציצות עוף ובקר 600 גר</ManufacturerItemDescription><SoldByWeight/><Quantity>600.00</Quantity><UnitOfMeasure>גרם     </UnitOfMeasure><QtyInPackage>לא ידוע</QtyInPackage><UnitOfMeasurePrice>0.0448</UnitOfMeasurePrice><AllowDiscount>1</AllowDiscount><ItemStatus>1</ItemStatus><ItemPrice>26.90</ItemPrice></item><item><PriceUpdateDate>2016-05-01 06:11:46</PriceUpdateDate><ItemCode>7290011876609</ItemCode><ItemType>1</ItemType><ItemName>שניצל דק פריך כשר לפ</ItemName><ManufacturerName>מאמא עוף קפוא</ManufacturerName><ManufactureCountry>ישראל</ManufactureCountry><ManufacturerItemDescription>שניצל דק דק פריך כשלפ 700</ManufacturerItemDescription><SoldByWeight/><Quantity>700.00</Quantity><UnitOfMeasure>גרם     </UnitOfMeasure><QtyInPackage>לא ידוע</QtyInPackage><UnitOfMeasurePrice>0.0570</UnitOfMeasurePrice><AllowDiscount>1</AllowDiscount><ItemStatus>1</ItemStatus><ItemPrice>39.90</ItemPrice></item><item><PriceUpdateDate>2016-06-28 07:04:30</PriceUpdateDate><ItemCode>7290011877859</ItemCode><ItemType>1</ItemType><ItemName>מב סנו אינסטלטור פות</ItemName><ManufacturerName>סנו</ManufacturerName><ManufactureCountry>ישראל</ManufactureCountry><ManufacturerItemDescription>פותח סתימות אינסטלטור 200</ManufacturerItemDescription><SoldByWeight/><Quantity>200.00</Quantity><UnitOfMeasure>מ"ל</UnitOfMeasure><QtyInPackage>לא ידוע</QtyInPackage><UnitOfMeasurePrice>0.0445</UnitOfMeasurePrice><AllowDiscount>1</AllowDiscount><ItemStatus>1</ItemStatus><ItemPrice>8.90</ItemPrice></item><item><PriceUpdateDate>2015-10-12 08:20:29</PriceUpdateDate><ItemCode>7290011947316</ItemCode><ItemType>1</ItemType><ItemName>זית קלמטה</ItemName><ManufacturerName>זיתא</ManufacturerName><ManufactureCountry>ישראל</ManufactureCountry><ManufacturerItemDescription>זית קלמטה</ManufacturerItemDescription><SoldByWeight/><Quantity>215.00</Quantity><UnitOfMeasure>גרם     </UnitOfMeasure><QtyInPackage>לא ידוע</QtyInPackage><UnitOfMeasurePrice>0.0786</UnitOfMeasurePrice><AllowDiscount>1</AllowDiscount><ItemStatus>1</ItemStatus><ItemPrice>16.90</ItemPrice></item><item><PriceUpdateDate>2016-08-07 20:04:28</PriceUpdateDate><ItemCode>7290011969141</ItemCode><ItemType>1</ItemType><ItemName>מגבוני בד לחים לתינו</ItemName><ManufacturerName>לא ממותג</ManufacturerName><ManufactureCountry>ישראל</ManufactureCountry><ManufacturerItemDescription>מגבון בייבי בודד</ManufacturerItemDescription><SoldByWeight/><Quantity>1.00</Quantity><UnitOfMeasure>יח'</UnitOfMeasure><QtyInPackage>לא ידוע</QtyInPackage><UnitOfMeasurePrice>4.9000</UnitOfMeasurePrice><AllowDiscount>1</AllowDiscount><ItemStatus>1</ItemStatus><ItemPrice>4.90</ItemPrice></item><item><PriceUpdateDate>2016-05-31 06:16:51</PriceUpdateDate><ItemCode>7290012001994</ItemCode><ItemType>1</ItemType><ItemName>חרדל דיג'ון גרגירים</ItemName><ManufacturerName>לא ממותג</ManufacturerName><ManufactureCountry>צרפת</ManufactureCountry><ManufacturerItemDescription>חרדל דיגון גרעינים 350 גר</ManufacturerItemDescription><SoldByWeight/><Quantity>350.00</Quantity><UnitOfMeasure>גרם     </UnitOfMeasure><QtyInPackage>לא ידוע</QtyInPackage><UnitOfMeasurePrice>0.0423</UnitOfMeasurePrice><AllowDiscount>1</AllowDiscount><ItemStatus>1</ItemStatus><ItemPrice>14.80</ItemPrice></item><item><PriceUpdateDate>2016-06-28 07:04:30</PriceUpdateDate><ItemCode>7290012019258</ItemCode><ItemType>1</ItemType><ItemName>רסק תפו''ע 4 יח*113</ItemName><ManufacturerName>לא ממותג</ManufacturerName><ManufactureCountry>ארצות הברית</ManufactureCountry><ManufacturerItemDescription>דאודורנט רקסונה טלק 50 ג</ManufacturerItemDescription><SoldByWeight/><Quantity>452.00</Quantity><UnitOfMeasure>גרם     </UnitOfMeasure><QtyInPackage>לא ידוע</QtyInPackage><UnitOfMeasurePrice>0.0332</UnitOfMeasurePrice><AllowDiscount>1</AllowDiscount><ItemStatus>1</ItemStatus><ItemPrice>15.00</ItemPrice></item><item><PriceUpdateDate>2016-06-28 07:04:30</PriceUpdateDate><ItemCode>7290012019265</ItemCode><ItemType>1</ItemType><ItemName>רסק תפו''ע 4 יח* דיא</ItemName><ManufacturerName>לא ממותג</ManufacturerName><ManufactureCountry>ארצות הברית</ManufactureCountry><ManufacturerItemDescription>קורנפלקס תלמה   טן 500גר</ManufacturerItemDescription><SoldByWeight/><Quantity>452.00</Quantity><UnitOfMeasure>גרם     </UnitOfMeasure><QtyInPackage>לא ידוע</QtyInPackage><UnitOfMeasurePrice>0.0332</UnitOfMeasurePrice><AllowDiscount>1</AllowDiscount><ItemStatus>1</ItemStatus><ItemPrice>15.00</ItemPrice></item><item><PriceUpdateDate>2015-11-10 07:32:54</PriceUpdateDate><ItemCode>7290012019319</ItemCode><ItemType>1</ItemType><ItemName>גפילטע פיש 6 קציצות</ItemName><ManufacturerName>לא ידוע</ManufacturerName><ManufactureCountry>ישראל</ManufactureCountry><ManufacturerItemDescription>גפילטע פיש 6 קציצות</ManufacturerItemDescription><SoldByWeight/><Quantity>330.00</Quantity><UnitOfMeasure>גרם     </UnitOfMeasure><QtyInPackage>לא ידוע</QtyInPackage><UnitOfMeasurePrice>0.0679</UnitOfMeasurePrice><AllowDiscount>1</AllowDiscount><ItemStatus>1</ItemStatus><ItemPrice>22.40</ItemPrice></item><item><PriceUpdateDate>2016-05-01 10:33:38</PriceUpdateDate><ItemCode>7290012019388</ItemCode><ItemType>1</ItemType><ItemName>סלמון ורוד 213 גרם</ItemName><ManufacturerName>תומר</ManufacturerName><ManufactureCountry>ישראל</ManufactureCountry><ManufacturerItemDescription>סלמון ורוד 213 גרם</ManufacturerItemDescription><SoldByWeight/><Quantity>213.00</Quantity><UnitOfMeasure>גרם     </UnitOfMeasure><QtyInPackage>לא ידוע</QtyInPackage><UnitOfMeasurePrice>0.0620</UnitOfMeasurePrice><AllowDiscount>1</AllowDiscount><ItemStatus>1</ItemStatus><ItemPrice>13.20</ItemPrice></item><item><PriceUpdateDate>2016-06-19 18:24:04</PriceUpdateDate><ItemCode>7290012022272</ItemCode><ItemType>1</ItemType><ItemName>קליליות קידס</ItemName><ManufacturerName>לא ממותג</ManufacturerName><ManufactureCountry>לא ידוע</ManufactureCountry><ManufacturerItemDescription>קליליות קידס</ManufacturerItemDescription><SoldByWeight/><Quantity>30.00</Quantity><UnitOfMeasure>גרם     </UnitOfMeasure><QtyInPackage>לא ידוע</QtyInPackage><UnitOfMeasurePrice>0.3633</UnitOfMeasurePrice><AllowDiscount>1</AllowDiscount><ItemStatus>1</ItemStatus><ItemPrice>10.90</ItemPrice></item><item><PriceUpdateDate>2016-03-01 07:01:10</PriceUpdateDate><ItemCode>7290012116612</ItemCode><ItemType>1</ItemType><ItemName>רביעייה מברשות שיניי</ItemName><ManufacturerName>אורביטול</ManufacturerName><ManufactureCountry>ישראל</ManufactureCountry><ManufacturerItemDescription>רביעייה מברשות שיניי</ManufacturerItemDescription><SoldByWeight/><Quantity>0.00</Quantity><UnitOfMeasure>יח'</UnitOfMeasure><QtyInPackage>לא ידוע</QtyInPackage><UnitOfMeasurePrice>0.0000</UnitOfMeasurePrice><AllowDiscount>1</AllowDiscount><ItemStatus>1</ItemStatus><ItemPrice>14.90</ItemPrice></item><item><PriceUpdateDate>2016-06-28 07:04:31</PriceUpdateDate><ItemCode>7290012117275</ItemCode><ItemType>1</ItemType><ItemName>סנוקליר שקית מילוי 7</ItemName><ManufacturerName>סנוקל</ManufacturerName><ManufactureCountry>ישראל</ManufactureCountry><ManufacturerItemDescription>סנוקליר חלונות 750 מל מיל</ManufacturerItemDescription><SoldByWeight/><Quantity>750.00</Quantity><UnitOfMeasure>מ"ל</UnitOfMeasure><QtyInPackage>לא ידוע</QtyInPackage><UnitOfMeasurePrice>0.0119</UnitOfMeasurePrice><AllowDiscount>1</AllowDiscount><ItemStatus>1</ItemStatus><ItemPrice>8.90</ItemPrice></item><item><PriceUpdateDate>2016-05-31 06:16:52</PriceUpdateDate><ItemCode>7290012117534</ItemCode><ItemType>1</ItemType><ItemName>מב מרכך כביסה מקסימה</ItemName><ManufacturerName>סנו מקסימה</ManufacturerName><ManufactureCountry>ישראל</ManufactureCountry><ManufacturerItemDescription>מב מרכך כביסה מקסימה</ManufacturerItemDescription><SoldByWeight/><Quantity>1000.00</Quantity><UnitOfMeasure>מ"ל</UnitOfMeasure><QtyInPackage>לא ידוע</QtyInPackage><UnitOfMeasurePrice>0.0159</UnitOfMeasurePrice><AllowDiscount>1</AllowDiscount><ItemStatus>1</ItemStatus><ItemPrice>15.90</ItemPrice></item><item><PriceUpdateDate>2016-05-31 06:16:52</PriceUpdateDate><ItemCode>7290012117558</ItemCode><ItemType>1</ItemType><ItemName>מב מרכך כביסה מקסימה</ItemName><ManufacturerName>סנו מקסימה</ManufacturerName><ManufactureCountry>ישראל</ManufactureCountry><ManufacturerItemDescription>מקסימה מרכך כביסה מרוכז מ</ManufacturerItemDescription><SoldByWeight/><Quantity>1000.00</Quantity><UnitOfMeasure>מ"ל</UnitOfMeasure><QtyInPackage>לא ידוע</QtyInPackage><UnitOfMeasurePrice>0.0159</UnitOfMeasurePrice><AllowDiscount>1</AllowDiscount><ItemStatus>1</ItemStatus><ItemPrice>15.90</ItemPrice></item><item><PriceUpdateDate>2016-06-28 07:04:31</PriceUpdateDate><ItemCode>7290012117589</ItemCode><ItemType>1</ItemType><ItemName>כפפות סנו סושי לטקס</ItemName><ManufacturerName>סנו סושי</ManufacturerName><ManufactureCountry>ישראל</ManufactureCountry><ManufacturerItemDescription>כפפות סנו סושי לטקס</ManufacturerItemDescription><SoldByWeight/><Quantity>100.00</Quantity><UnitOfMeasure>בודד</UnitOfMeasure><QtyInPackage>לא ידוע</QtyInPackage><UnitOfMeasurePrice>0.2890</UnitOfMeasurePrice><AllowDiscount>1</AllowDiscount><ItemStatus>1</ItemStatus><ItemPrice>28.90</ItemPrice></item><item><PriceUpdateDate>2016-05-31 06:16:52</PriceUpdateDate><ItemCode>7290012117916</ItemCode><ItemType>1</ItemType><ItemName>סנו אינסטלטור פותח ס</ItemName><ManufacturerName>לא ידוע</ManufacturerName><ManufactureCountry>ישראל</ManufactureCountry><ManufacturerItemDescription>סנו אינסטלטור פותח ס</ManufacturerItemDescription><SoldByWeight/><Quantity>1000.00</Quantity><UnitOfMeasure>מ"ל</UnitOfMeasure><QtyInPackage>לא ידוע</QtyInPackage><UnitOfMeasurePrice>0.0299</UnitOfMeasurePrice><AllowDiscount>1</AllowDiscount><ItemStatus>1</ItemStatus><ItemPrice>29.90</ItemPrice></item><item><PriceUpdateDate>2016-08-02 09:30:07</PriceUpdateDate><ItemCode>7290012159275</ItemCode><ItemType>1</ItemType><ItemName>מב מיונז קלאסי קטן ל</ItemName><ManufacturerName>לא ממותג</ManufacturerName><ManufactureCountry>ישראל</ManufactureCountry><ManufacturerItemDescription>מיונז אמיתי 430 LINA גרם</ManufacturerItemDescription><SoldByWeight/><Quantity>430.00</Quantity><UnitOfMeasure>גרם     </UnitOfMeasure><QtyInPackage>לא ידוע</QtyInPackage><UnitOfMeasurePrice>0.0198</UnitOfMeasurePrice><AllowDiscount>1</AllowDiscount><ItemStatus>1</ItemStatus><ItemPrice>8.50</ItemPrice></item><item><PriceUpdateDate>2016-06-28 07:04:32</PriceUpdateDate><ItemCode>7290012159404</ItemCode><ItemType>1</ItemType><ItemName>לבבות דקל שלמים 400</ItemName><ManufacturerName>לא ממותג</ManufacturerName><ManufactureCountry>ישראל</ManufactureCountry><ManufacturerItemDescription>לבבות דקל שלמים 400 גרם</ManufacturerItemDescription><SoldByWeight/><Quantity>400.00</Quantity><UnitOfMeasure>גרם     </UnitOfMeasure><QtyInPackage>לא ידוע</QtyInPackage><UnitOfMeasurePrice>0.0323</UnitOfMeasurePrice><AllowDiscount>1</AllowDiscount><ItemStatus>1</ItemStatus><ItemPrice>12.90</ItemPrice></item><item><PriceUpdateDate>2016-08-02 09:30:07</PriceUpdateDate><ItemCode>7290012159480</ItemCode><ItemType>1</ItemType><ItemName>מב קאווה גוטה דה מרו</ItemName><ManufacturerName>לא ממותג</ManufacturerName><ManufactureCountry>ישראל</ManufactureCountry><ManufacturerItemDescription>יין לבן חצי יבש מבעבע גוט</ManufacturerItemDescription><SoldByWeight/><Quantity>750.00</Quantity><UnitOfMeasure>מ"ל</UnitOfMeasure><QtyInPackage>לא ידוע</QtyInPackage><UnitOfMeasurePrice>0.0399</UnitOfMeasurePrice><AllowDiscount>1</AllowDiscount><ItemStatus>1</ItemStatus><ItemPrice>29.90</ItemPrice></item><item><PriceUpdateDate>2015-01-27 10:36:37</PriceUpdateDate><ItemCode>7290012173189</ItemCode><ItemType>1</ItemType><ItemName>פקאן טבעי 150 גרם</ItemName><ManufacturerName>זארובי</ManufacturerName><ManufactureCountry>ישראל</ManufactureCountry><ManufacturerItemDescription>פקאן טבעי 150 גרם</ManufacturerItemDescription><SoldByWeight/><Quantity>150.00</Quantity><UnitOfMeasure>גרם     </UnitOfMeasure><QtyInPackage>לא ידוע</QtyInPackage><UnitOfMeasurePrice>0.0993</UnitOfMeasurePrice><AllowDiscount>1</AllowDiscount><ItemStatus>1</ItemStatus><ItemPrice>14.90</ItemPrice></item><item><PriceUpdateDate>2015-01-27 10:36:37</PriceUpdateDate><ItemCode>7290012173820</ItemCode><ItemType>1</ItemType><ItemName>פיסטוק קלוי 150 גרם</ItemName><ManufacturerName>זארובי</ManufacturerName><ManufactureCountry>ישראל</ManufactureCountry><ManufacturerItemDescription>פיסטוק קלוי 150 גרם</ManufacturerItemDescription><SoldByWeight/><Quantity>150.00</Quantity><UnitOfMeasure>גרם     </UnitOfMeasure><QtyInPackage>לא ידוע</QtyInPackage><UnitOfMeasurePrice>0.0993</UnitOfMeasurePrice><AllowDiscount>1</AllowDiscount><ItemStatus>1</ItemStatus><ItemPrice>14.90</ItemPrice></item><item><PriceUpdateDate>2015-10-19 10:44:39</PriceUpdateDate><ItemCode>7290012173844</ItemCode><ItemType>1</ItemType><ItemName>שקד קלוי 170 גרם</ItemName><ManufacturerName>זארובי</ManufacturerName><ManufactureCountry>ישראל</ManufactureCountry><ManufacturerItemDescription>שקד קלוי 170 גרם</ManufacturerItemDescription><SoldByWeight/><Quantity>170.00</Quantity><UnitOfMeasure>גרם     </UnitOfMeasure><QtyInPackage>לא ידוע</QtyInPackage><UnitOfMeasurePrice>0.1253</UnitOfMeasurePrice><AllowDiscount>1</AllowDiscount><ItemStatus>1</ItemStatus><ItemPrice>21.30</ItemPrice></item><item><PriceUpdateDate>2015-10-20 11:27:47</PriceUpdateDate><ItemCode>7290012173875</ItemCode><ItemType>1</ItemType><ItemName>גרעיני דלעת 300 גרם</ItemName><ManufacturerName>זארובי</ManufacturerName><ManufactureCountry>ישראל</ManufactureCountry><ManufacturerItemDescription>גרעיני דלעת 300 גרם</ManufacturerItemDescription><SoldByWeight/><Quantity>300.00</Quantity><UnitOfMeasure>גרם     </UnitOfMeasure><QtyInPackage>לא ידוע</QtyInPackage><UnitOfMeasurePrice>0.0363</UnitOfMeasurePrice><AllowDiscount>1</AllowDiscount><ItemStatus>1</ItemStatus><ItemPrice>10.90</ItemPrice></item><item><PriceUpdateDate>2015-01-27 10:36:37</PriceUpdateDate><ItemCode>7290012173981</ItemCode><ItemType>1</ItemType><ItemName>שזיפים 350 גרם</ItemName><ManufacturerName>זארובי</ManufacturerName><ManufactureCountry>ישראל</ManufactureCountry><ManufacturerItemDescription>שזיפים 350 גרם</ManufacturerItemDescription><SoldByWeight/><Quantity>350.00</Quantity><UnitOfMeasure>גרם     </UnitOfMeasure><QtyInPackage>לא ידוע</QtyInPackage><UnitOfMeasurePrice>0.0369</UnitOfMeasurePrice><AllowDiscount>1</AllowDiscount><ItemStatus>1</ItemStatus><ItemPrice>12.90</ItemPrice></item><item><PriceUpdateDate>2016-08-02 09:30:07</PriceUpdateDate><ItemCode>7290012226120</ItemCode><ItemType>1</ItemType><ItemName>מב קבנוס 135 גרם</ItemName><ManufacturerName>זוגלובק</ManufacturerName><ManufactureCountry>ישראל</ManufactureCountry><ManufacturerItemDescription>קבנוס 135 גרם</ManufacturerItemDescription><SoldByWeight/><Quantity>135.00</Quantity><UnitOfMeasure>גרם     </UnitOfMeasure><QtyInPackage>לא ידוע</QtyInPackage><UnitOfMeasurePrice>0.0659</UnitOfMeasurePrice><AllowDiscount>1</AllowDiscount><ItemStatus>1</ItemStatus><ItemPrice>8.90</ItemPrice></item><item><PriceUpdateDate>2016-08-02 09:30:08</PriceUpdateDate><ItemCode>7290012226939</ItemCode><ItemType>1</ItemType><ItemName>מב קבנוס בטעם צ'ילי</ItemName><ManufacturerName>זוגלובק</ManufacturerName><ManufactureCountry>ישראל</ManufactureCountry><ManufacturerItemDescription>קבנוס עם צלי חריף 135 גר</ManufacturerItemDescription><SoldByWeight/><Quantity>135.00</Quantity><UnitOfMeasure>גרם     </UnitOfMeasure><QtyInPackage>לא ידוע</QtyInPackage><UnitOfMeasurePrice>0.0659</UnitOfMeasurePrice><AllowDiscount>1</AllowDiscount><ItemStatus>1</ItemStatus><ItemPrice>8.90</ItemPrice></item><item><PriceUpdateDate>2016-05-31 06:16:54</PriceUpdateDate><ItemCode>7290012404146</ItemCode><ItemType>1</ItemType><ItemName>שוופס פרוט תפוחים 1.</ItemName><ManufacturerName>שוופס</ManufacturerName><ManufactureCountry>ישראל</ManufactureCountry><ManufacturerItemDescription>שוופס פירות תפוחים 1.5 לי</ManufacturerItemDescription><SoldByWeight/><Quantity>1500.00</Quantity><UnitOfMeasure>מ"ל</UnitOfMeasure><QtyInPackage>לא ידוע</QtyInPackage><UnitOfMeasurePrice>0.0053</UnitOfMeasurePrice><AllowDiscount>1</AllowDiscount><ItemStatus>1</ItemStatus><ItemPrice>7.90</ItemPrice></item><item><PriceUpdateDate>2016-05-31 06:16:54</PriceUpdateDate><ItemCode>7290012404238</ItemCode><ItemType>1</ItemType><ItemName>שוופס RUSSCHIAN 1.5</ItemName><ManufacturerName>שוופס</ManufacturerName><ManufactureCountry>ישראל</ManufactureCountry><ManufacturerItemDescription>שוופס 1.5 RUSSCHIAN ליטר</ManufacturerItemDescription><SoldByWeight/><Quantity>1500.00</Quantity><UnitOfMeasure>מ"ל</UnitOfMeasure><QtyInPackage>לא ידוע</QtyInPackage><UnitOfMeasurePrice>0.0073</UnitOfMeasurePrice><AllowDiscount>1</AllowDiscount><ItemStatus>1</ItemStatus><ItemPrice>10.90</ItemPrice></item><item><PriceUpdateDate>2016-02-26 06:49:20</PriceUpdateDate><ItemCode>7290012404283</ItemCode><ItemType>1</ItemType><ItemName>תפוזינה מנגו עסיסי 1</ItemName><ManufacturerName>תפוזינה</ManufacturerName><ManufactureCountry>ישראל</ManufactureCountry><ManufacturerItemDescription>תפוזינה מנגו עסיסי 1</ManufacturerItemDescription><SoldByWeight/><Quantity>1500.00</Quantity><UnitOfMeasure>מ"ל</UnitOfMeasure><QtyInPackage>לא ידוע</QtyInPackage><UnitOfMeasurePrice>0.0050</UnitOfMeasurePrice><AllowDiscount>1</AllowDiscount><ItemStatus>1</ItemStatus><ItemPrice>7.50</ItemPrice></item><item><PriceUpdateDate>2016-05-31 06:16:54</PriceUpdateDate><ItemCode>7290012404320</ItemCode><ItemType>1</ItemType><ItemName>ספרינג 1.5 ליטר בטעם</ItemName><ManufacturerName>קריסטל משק"ל</ManufacturerName><ManufactureCountry>ישראל</ManufactureCountry><ManufacturerItemDescription>ספרינג ענבים 1.5 ליטר</ManufacturerItemDescription><SoldByWeight/><Quantity>1500.00</Quantity><UnitOfMeasure>מ"ל</UnitOfMeasure><QtyInPackage>לא ידוע</QtyInPackage><UnitOfMeasurePrice>0.0039</UnitOfMeasurePrice><AllowDiscount>1</AllowDiscount><ItemStatus>1</ItemStatus><ItemPrice>5.90</ItemPrice></item><item><PriceUpdateDate>2016-02-26 06:49:20</PriceUpdateDate><ItemCode>7290012404863</ItemCode><ItemType>1</ItemType><ItemName>ספרינג טי "טעם נולד"</ItemName><ManufacturerName>ספרינג טי</ManufacturerName><ManufactureCountry>ישראל</ManufactureCountry><ManufacturerItemDescription>ספרינג תה קר מנגו אפרסק 1</ManufacturerItemDescription><SoldByWeight/><Quantity>1500.00</Quantity><UnitOfMeasure>מ"ל</UnitOfMeasure><QtyInPackage>לא ידוע</QtyInPackage><UnitOfMeasurePrice>0.0046</UnitOfMeasurePrice><AllowDiscount>1</AllowDiscount><ItemStatus>1</ItemStatus><ItemPrice>6.90</ItemPrice></item><item><PriceUpdateDate>2016-05-01 06:11:50</PriceUpdateDate><ItemCode>7290012413643</ItemCode><ItemType>1</ItemType><ItemName>תה ירוק קמומיל 25 יח</ItemName><ManufacturerName>ויסוצקי</ManufacturerName><ManufactureCountry>ישראל</ManufactureCountry><ManufacturerItemDescription>תה ירוק קמומיל 25 שקיקים</ManufacturerItemDescription><SoldByWeight/><Quantity>38.00</Quantity><UnitOfMeasure>גרם     </UnitOfMeasure><QtyInPackage>לא ידוע</QtyInPackage><UnitOfMeasurePrice>0.6553</UnitOfMeasurePrice><AllowDiscount>1</AllowDiscount><ItemStatus>1</ItemStatus><ItemPrice>24.90</ItemPrice></item><item><PriceUpdateDate>2016-08-02 09:30:08</PriceUpdateDate><ItemCode>7290012454172</ItemCode><ItemType>1</ItemType><ItemName>מב סוכריות ללא סוכר</ItemName><ManufacturerName>מיה</ManufacturerName><ManufactureCountry>ישראל</ManufactureCountry><ManufacturerItemDescription>מב סוכריות ללא סוכר</ManufacturerItemDescription><SoldByWeight/><Quantity>80.00</Quantity><UnitOfMeasure>גרם     </UnitOfMeasure><QtyInPackage>לא ידוע</QtyInPackage><UnitOfMeasurePrice>0.0863</UnitOfMeasurePrice><AllowDiscount>1</AllowDiscount><ItemStatus>1</ItemStatus><ItemPrice>6.90</ItemPrice></item><item><PriceUpdateDate>2016-06-28 07:04:33</PriceUpdateDate><ItemCode>7290012454257</ItemCode><ItemType>1</ItemType><ItemName>שזיף מיובש ללא גלעין</ItemName><ManufacturerName>מיה</ManufacturerName><ManufactureCountry>ישראל</ManufactureCountry><ManufacturerItemDescription>שזיף מיובש ללא גלעין</ManufacturerItemDescription><SoldByWeight/><Quantity>200.00</Quantity><UnitOfMeasure>גרם     </UnitOfMeasure><QtyInPackage>לא ידוע</QtyInPackage><UnitOfMeasurePrice>0.0660</UnitOfMeasurePrice><AllowDiscount>1</AllowDiscount><ItemStatus>1</ItemStatus><ItemPrice>13.20</ItemPrice></item><item><PriceUpdateDate>2015-11-10 07:32:56</PriceUpdateDate><ItemCode>7290012522581</ItemCode><ItemType>1</ItemType><ItemName>טבעול שניצל תירס ללא</ItemName><ManufacturerName>טבעול</ManufacturerName><ManufactureCountry>ישראל</ManufactureCountry><ManufacturerItemDescription>שניצל תירס ללא גלוטן 660</ManufacturerItemDescription><SoldByWeight/><Quantity>664.00</Quantity><UnitOfMeasure>גרם     </UnitOfMeasure><QtyInPackage>לא ידוע</QtyInPackage><UnitOfMeasurePrice>0.0361</UnitOfMeasurePrice><AllowDiscount>1</AllowDiscount><ItemStatus>1</ItemStatus><ItemPrice>24.00</ItemPrice></item><item><PriceUpdateDate>2016-05-01 10:33:42</PriceUpdateDate><ItemCode>7290012522734</ItemCode><ItemType>1</ItemType><ItemName>טבעול טחון מן הצומח</ItemName><ManufacturerName>טבעול</ManufacturerName><ManufactureCountry>ישראל</ManufactureCountry><ManufacturerItemDescription>טבעול טחון מן הצומח</ManufacturerItemDescription><SoldByWeight/><Quantity>400.00</Quantity><UnitOfMeasure>גרם     </UnitOfMeasure><QtyInPackage>לא ידוע</QtyInPackage><UnitOfMeasurePrice>0.0672</UnitOfMeasurePrice><AllowDiscount>1</AllowDiscount><ItemStatus>1</ItemStatus><ItemPrice>26.90</ItemPrice></item><item><PriceUpdateDate>2016-05-31 06:16:54</PriceUpdateDate><ItemCode>7290012522789</ItemCode><ItemType>1</ItemType><ItemName>טבעול שניצל ברוקולי</ItemName><ManufacturerName>טבעול</ManufacturerName><ManufactureCountry>ישראל</ManufactureCountry><ManufacturerItemDescription>שניצל ברוקולי מופחת שומן</ManufacturerItemDescription><SoldByWeight/><Quantity>630.00</Quantity><UnitOfMeasure>גרם     </UnitOfMeasure><QtyInPackage>לא ידוע</QtyInPackage><UnitOfMeasurePrice>0.0602</UnitOfMeasurePrice><AllowDiscount>1</AllowDiscount><ItemStatus>1</ItemStatus><ItemPrice>37.90</ItemPrice></item><item><PriceUpdateDate>2015-10-19 10:39:39</PriceUpdateDate><ItemCode>7290012642586</ItemCode><ItemType>1</ItemType><ItemName>ערמונים קלופים 100 ג</ItemName><ManufacturerName>לא ממותג</ManufacturerName><ManufactureCountry>ישראל</ManufactureCountry><ManufacturerItemDescription>ערמונים קלופים 100 ג</ManufacturerItemDescription><SoldByWeight/><Quantity>100.00</Quantity><UnitOfMeasure>גרם     </UnitOfMeasure><QtyInPackage>לא ידוע</QtyInPackage><UnitOfMeasurePrice>0.0740</UnitOfMeasurePrice><AllowDiscount>1</AllowDiscount><ItemStatus>1</ItemStatus><ItemPrice>7.40</ItemPrice></item><item><PriceUpdateDate>2016-06-28 07:04:33</PriceUpdateDate><ItemCode>7290012642678</ItemCode><ItemType>1</ItemType><ItemName>לפתן אננס בכוסות פלס</ItemName><ManufacturerName>לא ממותג</ManufacturerName><ManufactureCountry>ישראל</ManufactureCountry><ManufacturerItemDescription>לפתן אננס בכוסות פלס</ManufacturerItemDescription><SoldByWeight/><Quantity>678.00</Quantity><UnitOfMeasure>גרם     </UnitOfMeasure><QtyInPackage>לא ידוע</QtyInPackage><UnitOfMeasurePrice>0.0183</UnitOfMeasurePrice><AllowDiscount>1</AllowDiscount><ItemStatus>1</ItemStatus><ItemPrice>12.40</ItemPrice></item><item><PriceUpdateDate>2016-05-31 06:16:54</PriceUpdateDate><ItemCode>7290012803352</ItemCode><ItemType>1</ItemType><ItemName>מב רייד קוטל מעופפים</ItemName><ManufacturerName>רייד</ManufacturerName><ManufactureCountry>הולנד</ManufactureCountry><ManufacturerItemDescription>רייד קוטל מעופפים 300מ"ל</ManufacturerItemDescription><SoldByWeight/><Quantity>300.00</Quantity><UnitOfMeasure>מ"ל</UnitOfMeasure><QtyInPackage>לא ידוע</QtyInPackage><UnitOfMeasurePrice>0.0430</UnitOfMeasurePrice><AllowDiscount>1</AllowDiscount><ItemStatus>1</ItemStatus><ItemPrice>12.90</ItemPrice></item><item><PriceUpdateDate>2016-06-28 07:04:34</PriceUpdateDate><ItemCode>7290012823602</ItemCode><ItemType>1</ItemType><ItemName>נייר טואלט סופט סילק</ItemName><ManufacturerName>סנו סופט</ManufacturerName><ManufactureCountry>ישראל</ManufactureCountry><ManufacturerItemDescription>נייר טואלט סופט 32  יח</ManufacturerItemDescription><SoldByWeight/><Quantity>699.00</Quantity><UnitOfMeasure>מטר</UnitOfMeasure><QtyInPackage>לא ידוע</QtyInPackage><UnitOfMeasurePrice>0.0471</UnitOfMeasurePrice><AllowDiscount>1</AllowDiscount><ItemStatus>1</ItemStatus><ItemPrice>32.90</ItemPrice></item><item><PriceUpdateDate>2016-03-29 07:51:28</PriceUpdateDate><ItemCode>7290012895005</ItemCode><ItemType>1</ItemType><ItemName>מסטיק יוגטה ג'ולים 1</ItemName><ManufacturerName>יוגטה</ManufacturerName><ManufactureCountry>ישראל</ManufactureCountry><ManufacturerItemDescription>מסטיק יוגטה ג'ולים 1</ManufacturerItemDescription><SoldByWeight/><Quantity>180.00</Quantity><UnitOfMeasure>גרם     </UnitOfMeasure><QtyInPackage>לא ידוע</QtyInPackage><UnitOfMeasurePrice>0.0572</UnitOfMeasurePrice><AllowDiscount>1</AllowDiscount><ItemStatus>1</ItemStatus><ItemPrice>10.30</ItemPrice></item><item><PriceUpdateDate>2016-05-01 10:33:45</PriceUpdateDate><ItemCode>7290013027016</ItemCode><ItemType>1</ItemType><ItemName>לחם אנג''ל 100</ItemName><ManufacturerName>אנג'ל</ManufacturerName><ManufactureCountry>ישראל</ManufactureCountry><ManufacturerItemDescription>לחם 100% קמח מלא דגנים גר</ManufacturerItemDescription><SoldByWeight/><Quantity>750.00</Quantity><UnitOfMeasure>גרם     </UnitOfMeasure><QtyInPackage>לא ידוע</QtyInPackage><UnitOfMeasurePrice>0.0233</UnitOfMeasurePrice><AllowDiscount>1</AllowDiscount><ItemStatus>1</ItemStatus><ItemPrice>17.50</ItemPrice></item><item><PriceUpdateDate>2016-05-01 10:33:45</PriceUpdateDate><ItemCode>7290013027399</ItemCode><ItemType>1</ItemType><ItemName>לחם אנג'ל 100 קל 750</ItemName><ManufacturerName>אנג'ל</ManufacturerName><ManufactureCountry>ישראל</ManufactureCountry><ManufacturerItemDescription>לחם 100% קמח מלא קל בתוספ</ManufacturerItemDescription><SoldByWeight/><Quantity>750.00</Quantity><UnitOfMeasure>גרם     </UnitOfMeasure><QtyInPackage>לא ידוע</QtyInPackage><UnitOfMeasurePrice>0.0239</UnitOfMeasurePrice><AllowDiscount>1</AllowDiscount><ItemStatus>1</ItemStatus><ItemPrice>17.90</ItemPrice></item><item><PriceUpdateDate>2016-08-07 20:02:48</PriceUpdateDate><ItemCode>7290013038432</ItemCode><ItemType>1</ItemType><ItemName>מי אקווה נובה 2 ליטר</ItemName><ManufacturerName>אקווה נובה</ManufacturerName><ManufactureCountry>ישראל</ManufactureCountry><ManufacturerItemDescription>אקווה נובה 2 ליטר בקבוק</ManufacturerItemDescription><SoldByWeight/><Quantity>2000.00</Quantity><UnitOfMeasure>מ"ל</UnitOfMeasure><QtyInPackage>לא ידוע</QtyInPackage><UnitOfMeasurePrice>0.0014</UnitOfMeasurePrice><AllowDiscount>1</AllowDiscount><ItemStatus>1</ItemStatus><ItemPrice>2.90</ItemPrice></item><item><PriceUpdateDate>2016-08-07 20:02:48</PriceUpdateDate><ItemCode>7290013267665</ItemCode><ItemType>1</ItemType><ItemName>מאגדת מיני סולרו טרו</ItemName><ManufacturerName>סולרו</ManufacturerName><ManufactureCountry>ישראל</ManufactureCountry><ManufacturerItemDescription>מאגדת סולרו פירות טרופיים</ManufacturerItemDescription><SoldByWeight/><Quantity>295.00</Quantity><UnitOfMeasure>גרם     </UnitOfMeasure><QtyInPackage>לא ידוע</QtyInPackage><UnitOfMeasurePrice>0.0912</UnitOfMeasurePrice><AllowDiscount>1</AllowDiscount><ItemStatus>1</ItemStatus><ItemPrice>26.90</ItemPrice></item><item><PriceUpdateDate>2016-05-31 06:16:58</PriceUpdateDate><ItemCode>7290013268037</ItemCode><ItemType>1</ItemType><ItemName>מב מרכך כביסה מקסימה</ItemName><ManufacturerName>סנו מקסימה</ManufacturerName><ManufactureCountry>ישראל</ManufactureCountry><ManufacturerItemDescription>מקסימה מרכך כביסה מרוכז פ</ManufacturerItemDescription><SoldByWeight/><Quantity>1000.00</Quantity><UnitOfMeasure>מ"ל</UnitOfMeasure><QtyInPackage>לא ידוע</QtyInPackage><UnitOfMeasurePrice>0.0159</UnitOfMeasurePrice><AllowDiscount>1</AllowDiscount><ItemStatus>1</ItemStatus><ItemPrice>15.90</ItemPrice></item><item><PriceUpdateDate>2016-05-01 07:09:30</PriceUpdateDate><ItemCode>7290013269652</ItemCode><ItemType>1</ItemType><ItemName>מב סנו פוליויקס גרני</ItemName><ManufacturerName>פוליויקס</ManufacturerName><ManufactureCountry>ישראל</ManufactureCountry><ManufacturerItemDescription>מב סנו פוליויקס גרני</ManufacturerItemDescription><SoldByWeight/><Quantity>2000.00</Quantity><UnitOfMeasure>מ"ל</UnitOfMeasure><QtyInPackage>לא ידוע</QtyInPackage><UnitOfMeasurePrice>0.0099</UnitOfMeasurePrice><AllowDiscount>0</AllowDiscount><ItemStatus>1</ItemStatus><ItemPrice>19.90</ItemPrice></item><item><PriceUpdateDate>2016-05-31 06:16:59</PriceUpdateDate><ItemCode>7290013269690</ItemCode><ItemType>1</ItemType><ItemName>מב סנובון ג'ל לאסלה</ItemName><ManufacturerName>סנובון</ManufacturerName><ManufactureCountry>ישראל</ManufactureCountry><ManufacturerItemDescription>מב סנובון ג'ל לאסלה</ManufacturerItemDescription><SoldByWeight/><Quantity>55.00</Quantity><UnitOfMeasure>מ"ל</UnitOfMeasure><QtyInPackage>לא ידוע</QtyInPackage><UnitOfMeasurePrice>0.1255</UnitOfMeasurePrice><AllowDiscount>1</AllowDiscount><ItemStatus>1</ItemStatus><ItemPrice>6.90</ItemPrice></item><item><PriceUpdateDate>2016-05-31 06:16:59</PriceUpdateDate><ItemCode>7290013269706</ItemCode><ItemType>1</ItemType><ItemName>מב סנובון ג'ל לאסלה</ItemName><ManufacturerName>סנובון</ManufacturerName><ManufactureCountry>ישראל</ManufactureCountry><ManufacturerItemDescription>מב סנובון ג'ל לאסלה</ManufacturerItemDescription><SoldByWeight/><Quantity>55.00</Quantity><UnitOfMeasure>מ"ל</UnitOfMeasure><QtyInPackage>לא ידוע</QtyInPackage><UnitOfMeasurePrice>0.1255</UnitOfMeasurePrice><AllowDiscount>1</AllowDiscount><ItemStatus>1</ItemStatus><ItemPrice>6.90</ItemPrice></item><item><PriceUpdateDate>2016-03-01 07:01:14</PriceUpdateDate><ItemCode>7290013269911</ItemCode><ItemType>1</ItemType><ItemName>מב סנו K333 תרסיס 75</ItemName><ManufacturerName>K-300</ManufacturerName><ManufactureCountry>ישראל</ManufactureCountry><ManufacturerItemDescription>מב סנו K333 תרסיס 75</ManufacturerItemDescription><SoldByWeight/><Quantity>750.00</Quantity><UnitOfMeasure>מ"ל</UnitOfMeasure><QtyInPackage>לא ידוע</QtyInPackage><UnitOfMeasurePrice>0.0399</UnitOfMeasurePrice><AllowDiscount>1</AllowDiscount><ItemStatus>1</ItemStatus><ItemPrice>29.90</ItemPrice></item><item><PriceUpdateDate>2015-01-27 10:35:12</PriceUpdateDate><ItemCode>7290013284662</ItemCode><ItemType>1</ItemType><ItemName>רוטב פיצה-פיתה טעים</ItemName><ManufacturerName>לא ממותג</ManufacturerName><ManufactureCountry>ישראל</ManufactureCountry><ManufacturerItemDescription>רוטב פיצה-פיתה טעים</ManufacturerItemDescription><SoldByWeight/><Quantity>240.00</Quantity><UnitOfMeasure>גרם     </UnitOfMeasure><QtyInPackage>לא ידוע</QtyInPackage><UnitOfMeasurePrice>0.0262</UnitOfMeasurePrice><AllowDiscount>1</AllowDiscount><ItemStatus>1</ItemStatus><ItemPrice>6.30</ItemPrice></item><item><PriceUpdateDate>2015-01-27 10:35:37</PriceUpdateDate><ItemCode>7290013310019</ItemCode><ItemType>1</ItemType><ItemName>קיסמי שיניים עם חוט</ItemName><ManufacturerName>לא ממותג</ManufacturerName><ManufactureCountry>ישראל</ManufactureCountry><ManufacturerItemDescription>קיסמי שיניים עם חוט</ManufacturerItemDescription><SoldByWeight/><Quantity>30.00</Quantity><UnitOfMeasure>בודד</UnitOfMeasure><QtyInPackage>לא ידוע</QtyInPackage><UnitOfMeasurePrice>0.2300</UnitOfMeasurePrice><AllowDiscount>1</AllowDiscount><ItemStatus>1</ItemStatus><ItemPrice>6.90</ItemPrice></item><item><PriceUpdateDate>2016-08-02 09:30:11</PriceUpdateDate><ItemCode>7290013358363</ItemCode><ItemType>1</ItemType><ItemName>מב פרורי לחם מנה מוז</ItemName><ManufacturerName>מנה</ManufacturerName><ManufactureCountry>ישראל</ManufactureCountry><ManufacturerItemDescription>פירורי לחם יפנים פנקו 300</ManufacturerItemDescription><SoldByWeight/><Quantity>300.00</Quantity><UnitOfMeasure>גרם     </UnitOfMeasure><QtyInPackage>לא ידוע</QtyInPackage><UnitOfMeasurePrice>0.0363</UnitOfMeasurePrice><AllowDiscount>1</AllowDiscount><ItemStatus>1</ItemStatus><ItemPrice>10.90</ItemPrice></item><item><PriceUpdateDate>2016-08-02 09:30:11</PriceUpdateDate><ItemCode>7290013358370</ItemCode><ItemType>1</ItemType><ItemName>מב פרורי לחם מנה 300</ItemName><ManufacturerName>מנה</ManufacturerName><ManufactureCountry>ישראל</ManufactureCountry><ManufacturerItemDescription>פירורי לחם יפנים טעם שום</ManufacturerItemDescription><SoldByWeight/><Quantity>300.00</Quantity><UnitOfMeasure>גרם     </UnitOfMeasure><QtyInPackage>לא ידוע</QtyInPackage><UnitOfMeasurePrice>0.0363</UnitOfMeasurePrice><AllowDiscount>1</AllowDiscount><ItemStatus>1</ItemStatus><ItemPrice>10.90</ItemPrice></item><item><PriceUpdateDate>2016-05-01 10:33:51</PriceUpdateDate><ItemCode>7290013389114</ItemCode><ItemType>1</ItemType><ItemName>ניוקי תפו"א 500 גרם</ItemName><ManufacturerName>לא ממותג</ManufacturerName><ManufactureCountry>ישראל</ManufactureCountry><ManufacturerItemDescription>ניוקי תפו"א 500 גרם</ManufacturerItemDescription><SoldByWeight/><Quantity>500.00</Quantity><UnitOfMeasure>גרם     </UnitOfMeasure><QtyInPackage>לא ידוע</QtyInPackage><UnitOfMeasurePrice>0.0206</UnitOfMeasurePrice><AllowDiscount>1</AllowDiscount><ItemStatus>1</ItemStatus><ItemPrice>10.30</ItemPrice></item><item><PriceUpdateDate>2015-01-27 10:35:57</PriceUpdateDate><ItemCode>7290013389909</ItemCode><ItemType>1</ItemType><ItemName>פילה סרדין חריף 125</ItemName><ManufacturerName>תומר</ManufacturerName><ManufactureCountry>ישראל</ManufactureCountry><ManufacturerItemDescription>פילה סרדין חריף 125</ManufacturerItemDescription><SoldByWeight/><Quantity>125.00</Quantity><UnitOfMeasure>גרם     </UnitOfMeasure><QtyInPackage>לא ידוע</QtyInPackage><UnitOfMeasurePrice>0.0744</UnitOfMeasurePrice><AllowDiscount>1</AllowDiscount><ItemStatus>1</ItemStatus><ItemPrice>9.30</ItemPrice></item><item><PriceUpdateDate>2016-08-02 09:30:11</PriceUpdateDate><ItemCode>7290013424303</ItemCode><ItemType>1</ItemType><ItemName>מב פלפל קלוי 540 גרם</ItemName><ManufacturerName>לא ממותג</ManufacturerName><ManufactureCountry>לא ידוע</ManufactureCountry><ManufacturerItemDescription>מב פלפל קלוי 540 גרם</ManufacturerItemDescription><SoldByWeight/><Quantity>540.00</Quantity><UnitOfMeasure>גרם     </UnitOfMeasure><QtyInPackage>לא ידוע</QtyInPackage><UnitOfMeasurePrice>0.0165</UnitOfMeasurePrice><AllowDiscount>1</AllowDiscount><ItemStatus>1</ItemStatus><ItemPrice>8.90</ItemPrice></item><item><PriceUpdateDate>2015-10-14 07:05:02</PriceUpdateDate><ItemCode>7290013531797</ItemCode><ItemType>1</ItemType><ItemName>שלשות אפונת גינה קטנ</ItemName><ManufacturerName>יכין</ManufacturerName><ManufactureCountry>לא ידוע</ManufactureCountry><ManufacturerItemDescription>שלשות אפונת גינה קטנ</ManufacturerItemDescription><SoldByWeight/><Quantity>600.00</Quantity><UnitOfMeasure>גרם     </UnitOfMeasure><QtyInPackage>לא ידוע</QtyInPackage><UnitOfMeasurePrice>0.0237</UnitOfMeasurePrice><AllowDiscount>1</AllowDiscount><ItemStatus>1</ItemStatus><ItemPrice>14.20</ItemPrice></item><item><PriceUpdateDate>2016-08-02 09:30:11</PriceUpdateDate><ItemCode>7290013534057</ItemCode><ItemType>1</ItemType><ItemName>צ'יפס בטטה 100 גרם</ItemName><ManufacturerName>לא ממותג</ManufacturerName><ManufactureCountry>ישראל</ManufactureCountry><ManufacturerItemDescription>צ'יפס בטטה 100 גרם</ManufacturerItemDescription><SoldByWeight/><Quantity>100.00</Quantity><UnitOfMeasure>גרם     </UnitOfMeasure><QtyInPackage>לא ידוע</QtyInPackage><UnitOfMeasurePrice>0.1120</UnitOfMeasurePrice><AllowDiscount>1</AllowDiscount><ItemStatus>1</ItemStatus><ItemPrice>11.20</ItemPrice></item><item><PriceUpdateDate>2016-05-01 06:11:57</PriceUpdateDate><ItemCode>7290013535207</ItemCode><ItemType>1</ItemType><ItemName>נוזל כלים תפוח 1.5 ל</ItemName><ManufacturerName>"המותג"</ManufacturerName><ManufactureCountry>ישראל</ManufactureCountry><ManufacturerItemDescription>נוזל כלים תפוח 1.5 ל</ManufacturerItemDescription><SoldByWeight/><Quantity>1500.00</Quantity><UnitOfMeasure>מ"ל</UnitOfMeasure><QtyInPackage>לא ידוע</QtyInPackage><UnitOfMeasurePrice>0.0067</UnitOfMeasurePrice><AllowDiscount>1</AllowDiscount><ItemStatus>1</ItemStatus><ItemPrice>10.10</ItemPrice></item><item><PriceUpdateDate>2015-10-11 06:44:06</PriceUpdateDate><ItemCode>7290013584144</ItemCode><ItemType>1</ItemType><ItemName>ספרייט 500 מ"ל 40% פ</ItemName><ManufacturerName>ספרייט</ManufacturerName><ManufactureCountry>ישראל</ManufactureCountry><ManufacturerItemDescription>ספרייט 500 מל</ManufacturerItemDescription><SoldByWeight/><Quantity>500.00</Quantity><UnitOfMeasure>מ"ל</UnitOfMeasure><QtyInPackage>לא ידוע</QtyInPackage><UnitOfMeasurePrice>0.0146</UnitOfMeasurePrice><AllowDiscount>1</AllowDiscount><ItemStatus>1</ItemStatus><ItemPrice>7.30</ItemPrice></item><item><PriceUpdateDate>2016-05-31 06:17:00</PriceUpdateDate><ItemCode>7290013584182</ItemCode><ItemType>1</ItemType><ItemName>ספרייט 1.5 ליטר 40%</ItemName><ManufacturerName>ספרייט</ManufacturerName><ManufactureCountry>ישראל</ManufactureCountry><ManufacturerItemDescription>ספרייט 1.5 ליטר</ManufacturerItemDescription><SoldByWeight/><Quantity>1500.00</Quantity><UnitOfMeasure>מ"ל</UnitOfMeasure><QtyInPackage>לא ידוע</QtyInPackage><UnitOfMeasurePrice>0.0045</UnitOfMeasurePrice><AllowDiscount>1</AllowDiscount><ItemStatus>1</ItemStatus><ItemPrice>6.80</ItemPrice></item><item><PriceUpdateDate>2016-05-31 06:17:00</PriceUpdateDate><ItemCode>7290013585240</ItemCode><ItemType>1</ItemType><ItemName>ספרייט ZERO בקבוק 1.</ItemName><ManufacturerName>דיאט ספרייט</ManufacturerName><ManufactureCountry>ישראל</ManufactureCountry><ManufacturerItemDescription>ספרייט דיאט 1.5 ל</ManufacturerItemDescription><SoldByWeight/><Quantity>1500.00</Quantity><UnitOfMeasure>מ"ל</UnitOfMeasure><QtyInPackage>לא ידוע</QtyInPackage><UnitOfMeasurePrice>0.0045</UnitOfMeasurePrice><AllowDiscount>1</AllowDiscount><ItemStatus>1</ItemStatus><ItemPrice>6.80</ItemPrice></item><item><PriceUpdateDate>2015-10-19 10:44:41</PriceUpdateDate><ItemCode>7290013585387</ItemCode><ItemType>1</ItemType><ItemName>קולה זירו 1 ליטר</ItemName><ManufacturerName>קוקה קולה</ManufacturerName><ManufactureCountry>ישראל</ManufactureCountry><ManufacturerItemDescription>קולה 1 ZERO ליטר</ManufacturerItemDescription><SoldByWeight/><Quantity>1000.00</Quantity><UnitOfMeasure>מ"ל</UnitOfMeasure><QtyInPackage>לא ידוע</QtyInPackage><UnitOfMeasurePrice>0.0061</UnitOfMeasurePrice><AllowDiscount>1</AllowDiscount><ItemStatus>1</ItemStatus><ItemPrice>6.10</ItemPrice></item><item><PriceUpdateDate>2016-06-13 16:00:19</PriceUpdateDate><ItemCode>7290013608017</ItemCode><ItemType>1</ItemType><ItemName>פרימור סחוט פירות הד</ItemName><ManufacturerName>פרימור</ManufacturerName><ManufactureCountry>ישראל</ManufactureCountry><ManufacturerItemDescription>פרימור סחוט פירות הד</ManufacturerItemDescription><SoldByWeight/><Quantity>2000.00</Quantity><UnitOfMeasure>מ"ל</UnitOfMeasure><QtyInPackage>לא ידוע</QtyInPackage><UnitOfMeasurePrice>0.0124</UnitOfMeasurePrice><AllowDiscount>1</AllowDiscount><ItemStatus>1</ItemStatus><ItemPrice>24.90</ItemPrice></item><item><PriceUpdateDate>2016-03-29 07:51:31</PriceUpdateDate><ItemCode>7290013608086</ItemCode><ItemType>1</ItemType><ItemName>מיץ סחוט פירות הדר 1</ItemName><ManufacturerName>פרימור</ManufacturerName><ManufactureCountry>ישראל</ManufactureCountry><ManufacturerItemDescription>מיץ פירות הדר 100% סחוט 1</ManufacturerItemDescription><SoldByWeight/><Quantity>1000.00</Quantity><UnitOfMeasure>מ"ל</UnitOfMeasure><QtyInPackage>לא ידוע</QtyInPackage><UnitOfMeasurePrice>0.0152</UnitOfMeasurePrice><AllowDiscount>1</AllowDiscount><ItemStatus>1</ItemStatus><ItemPrice>15.20</ItemPrice></item><item><PriceUpdateDate>2016-06-28 07:04:40</PriceUpdateDate><ItemCode>7290013608277</ItemCode><ItemType>1</ItemType><ItemName>מיץ רימון תפוח סחוט</ItemName><ManufacturerName>פרימור</ManufacturerName><ManufactureCountry>ישראל</ManufactureCountry><ManufacturerItemDescription>מיץ רימון תפוח סחוט</ManufacturerItemDescription><SoldByWeight/><Quantity>1000.00</Quantity><UnitOfMeasure>מ"ל</UnitOfMeasure><QtyInPackage>לא ידוע</QtyInPackage><UnitOfMeasurePrice>0.0239</UnitOfMeasurePrice><AllowDiscount>1</AllowDiscount><ItemStatus>1</ItemStatus><ItemPrice>23.90</ItemPrice></item><item><PriceUpdateDate>2015-10-19 10:44:42</PriceUpdateDate><ItemCode>7290013677327</ItemCode><ItemType>1</ItemType><ItemName>אבקת קארי 80 גרם שקי</ItemName><ManufacturerName>מיה</ManufacturerName><ManufactureCountry>ישראל</ManufactureCountry><ManufacturerItemDescription>אבקת קארי 80 גרם שקי</ManufacturerItemDescription><SoldByWeight/><Quantity>80.00</Quantity><UnitOfMeasure>גרם     </UnitOfMeasure><QtyInPackage>לא ידוע</QtyInPackage><UnitOfMeasurePrice>0.0688</UnitOfMeasurePrice><AllowDiscount>1</AllowDiscount><ItemStatus>1</ItemStatus><ItemPrice>5.50</ItemPrice></item><item><PriceUpdateDate>2016-05-01 06:11:58</PriceUpdateDate><ItemCode>7290013702029</ItemCode><ItemType>1</ItemType><ItemName>שוופס ווטר אפרסק 1.5</ItemName><ManufacturerName>שוופס וואטר</ManufacturerName><ManufactureCountry>ישראל</ManufactureCountry><ManufacturerItemDescription>שוופס ווטר אפרסק 1.5</ManufacturerItemDescription><SoldByWeight/><Quantity>1500.00</Quantity><UnitOfMeasure>גרם     </UnitOfMeasure><QtyInPackage>לא ידוע</QtyInPackage><UnitOfMeasurePrice>0.0051</UnitOfMeasurePrice><AllowDiscount>1</AllowDiscount><ItemStatus>1</ItemStatus><ItemPrice>7.70</ItemPrice></item><item><PriceUpdateDate>2016-05-01 06:11:58</PriceUpdateDate><ItemCode>7290013702371</ItemCode><ItemType>1</ItemType><ItemName>שוופס ווטר תפוח 1.5</ItemName><ManufacturerName>שוופס וואטר</ManufacturerName><ManufactureCountry>ישראל</ManufactureCountry><ManufacturerItemDescription>שוופס ווטר תפוח 1.5</ManufacturerItemDescription><SoldByWeight/><Quantity>1500.00</Quantity><UnitOfMeasure>מ"ל</UnitOfMeasure><QtyInPackage>לא ידוע</QtyInPackage><UnitOfMeasurePrice>0.0051</UnitOfMeasurePrice><AllowDiscount>1</AllowDiscount><ItemStatus>1</ItemStatus><ItemPrice>7.70</ItemPrice></item><item><PriceUpdateDate>2016-05-31 06:17:01</PriceUpdateDate><ItemCode>7290013702470</ItemCode><ItemType>1</ItemType><ItemName>שוופס מוגז לימונדה ו</ItemName><ManufacturerName>שוופס</ManufacturerName><ManufactureCountry>ישראל</ManufactureCountry><ManufacturerItemDescription>שוופס מוגז לימונדה ורודה</ManufacturerItemDescription><SoldByWeight/><Quantity>1500.00</Quantity><UnitOfMeasure>מ"ל</UnitOfMeasure><QtyInPackage>לא ידוע</QtyInPackage><UnitOfMeasurePrice>0.0053</UnitOfMeasurePrice><AllowDiscount>1</AllowDiscount><ItemStatus>1</ItemStatus><ItemPrice>7.90</ItemPrice></item><item><PriceUpdateDate>2016-05-31 06:17:01</PriceUpdateDate><ItemCode>7290013702555</ItemCode><ItemType>1</ItemType><ItemName>שוופס מוגז עדין אננס</ItemName><ManufacturerName>שוופס</ManufacturerName><ManufactureCountry>ישראל</ManufactureCountry><ManufacturerItemDescription>שוופס מוגז עדין אננס</ManufacturerItemDescription><SoldByWeight/><Quantity>1500.00</Quantity><UnitOfMeasure>מ"ל</UnitOfMeasure><QtyInPackage>לא ידוע</QtyInPackage><UnitOfMeasurePrice>0.0053</UnitOfMeasurePrice><AllowDiscount>1</AllowDiscount><ItemStatus>1</ItemStatus><ItemPrice>7.90</ItemPrice></item><item><PriceUpdateDate>2016-05-17 12:32:19</PriceUpdateDate><ItemCode>7290013711687</ItemCode><ItemType>1</ItemType><ItemName>אפונת גינה וגזר 550</ItemName><ManufacturerName>"המותג"</ManufacturerName><ManufactureCountry>ישראל</ManufactureCountry><ManufacturerItemDescription>אפונת גינה וגזר 550</ManufacturerItemDescription><SoldByWeight/><Quantity>550.00</Quantity><UnitOfMeasure>גרם     </UnitOfMeasure><QtyInPackage>לא ידוע</QtyInPackage><UnitOfMeasurePrice>0.0107</UnitOfMeasurePrice><AllowDiscount>1</AllowDiscount><ItemStatus>1</ItemStatus><ItemPrice>5.90</ItemPrice></item><item><PriceUpdateDate>2016-02-22 13:03:35</PriceUpdateDate><ItemCode>7290013847102</ItemCode><ItemType>1</ItemType><ItemName>טונה סטארקיסט בשמן 8</ItemName><ManufacturerName>סטארקיסט</ManufacturerName><ManufactureCountry>ישראל</ManufactureCountry><ManufacturerItemDescription>טונה סטארקיסט בשמן 8</ManufacturerItemDescription><SoldByWeight/><Quantity>240.00</Quantity><UnitOfMeasure>גרם     </UnitOfMeasure><QtyInPackage>לא ידוע</QtyInPackage><UnitOfMeasurePrice>0.0621</UnitOfMeasurePrice><AllowDiscount>1</AllowDiscount><ItemStatus>1</ItemStatus><ItemPrice>14.90</ItemPrice></item><item><PriceUpdateDate>2016-02-15 14:40:02</PriceUpdateDate><ItemCode>7290013847614</ItemCode><ItemType>1</ItemType><ItemName>סטארקיסט לה סלט ברוט</ItemName><ManufacturerName>סטארקיסט</ManufacturerName><ManufactureCountry>לא ידוע</ManufactureCountry><ManufacturerItemDescription>סטארקיסט לה סלט ברוט</ManufacturerItemDescription><SoldByWeight/><Quantity>160.00</Quantity><UnitOfMeasure>גרם     </UnitOfMeasure><QtyInPackage>לא ידוע</QtyInPackage><UnitOfMeasurePrice>0.0494</UnitOfMeasurePrice><AllowDiscount>1</AllowDiscount><ItemStatus>1</ItemStatus><ItemPrice>7.90</ItemPrice></item><item><PriceUpdateDate>2016-08-02 09:30:12</PriceUpdateDate><ItemCode>7290013848130</ItemCode><ItemType>1</ItemType><ItemName>תחליב רחצה כיף אוקיי</ItemName><ManufacturerName>כיף</ManufacturerName><ManufactureCountry>ישראל</ManufactureCountry><ManufacturerItemDescription>תחליב רחצה כיף אוקיי</ManufacturerItemDescription><SoldByWeight/><Quantity>750.00</Quantity><UnitOfMeasure>מ"ל</UnitOfMeasure><QtyInPackage>לא ידוע</QtyInPackage><UnitOfMeasurePrice>0.0172</UnitOfMeasurePrice><AllowDiscount>1</AllowDiscount><ItemStatus>1</ItemStatus><ItemPrice>12.90</ItemPrice></item><item><PriceUpdateDate>2015-01-27 10:35:16</PriceUpdateDate><ItemCode>7290013883148</ItemCode><ItemType>1</ItemType><ItemName>הפי סופג ריחות במקרר</ItemName><ManufacturerName>הפי</ManufacturerName><ManufactureCountry>ישראל</ManufactureCountry><ManufacturerItemDescription>הפי סופג ריחות במקרר</ManufacturerItemDescription><SoldByWeight/><Quantity>0.00</Quantity><UnitOfMeasure>יח'</UnitOfMeasure><QtyInPackage>לא ידוע</QtyInPackage><UnitOfMeasurePrice>0.0000</UnitOfMeasurePrice><AllowDiscount>1</AllowDiscount><ItemStatus>1</ItemStatus><ItemPrice>15.40</ItemPrice></item><item><PriceUpdateDate>2016-05-31 06:17:02</PriceUpdateDate><ItemCode>7290013883407</ItemCode><ItemType>1</ItemType><ItemName>דזיטול ספריי מחטא ומ</ItemName><ManufacturerName>דזיטול</ManufacturerName><ManufactureCountry>ישראל</ManufactureCountry><ManufacturerItemDescription>דזיטול ספריי מחטא ומ</ManufacturerItemDescription><SoldByWeight/><Quantity>500.00</Quantity><UnitOfMeasure>מ"ל</UnitOfMeasure><QtyInPackage>לא ידוע</QtyInPackage><UnitOfMeasurePrice>0.0398</UnitOfMeasurePrice><AllowDiscount>1</AllowDiscount><ItemStatus>1</ItemStatus><ItemPrice>19.90</ItemPrice></item><item><PriceUpdateDate>2016-05-31 06:17:02</PriceUpdateDate><ItemCode>7290013883445</ItemCode><ItemType>1</ItemType><ItemName>מב אסטוניש קרם למטבח</ItemName><ManufacturerName>אסטוניש</ManufacturerName><ManufactureCountry>ישראל</ManufactureCountry><ManufacturerItemDescription>מב אסטוניש קרם למטבח</ManufacturerItemDescription><SoldByWeight/><Quantity>550.00</Quantity><UnitOfMeasure>מ"ל</UnitOfMeasure><QtyInPackage>לא ידוע</QtyInPackage><UnitOfMeasurePrice>0.0271</UnitOfMeasurePrice><AllowDiscount>1</AllowDiscount><ItemStatus>1</ItemStatus><ItemPrice>14.90</ItemPrice></item><item><PriceUpdateDate>2016-05-31 06:17:02</PriceUpdateDate><ItemCode>7290013883469</ItemCode><ItemType>1</ItemType><ItemName>מב אסטוניש קרם אמבט</ItemName><ManufacturerName>אסטוניש</ManufacturerName><ManufactureCountry>ישראל</ManufactureCountry><ManufacturerItemDescription>מב אסטוניש קרם אמבט</ManufacturerItemDescription><SoldByWeight/><Quantity>550.00</Quantity><UnitOfMeasure>מ"ל</UnitOfMeasure><QtyInPackage>לא ידוע</QtyInPackage><UnitOfMeasurePrice>0.0271</UnitOfMeasurePrice><AllowDiscount>1</AllowDiscount><ItemStatus>1</ItemStatus><ItemPrice>14.90</ItemPrice></item><item><PriceUpdateDate>2016-05-31 06:17:03</PriceUpdateDate><ItemCode>7290013883490</ItemCode><ItemType>1</ItemType><ItemName>קוביות דלק הפי מוצק</ItemName><ManufacturerName>הפי</ManufacturerName><ManufactureCountry>ישראל</ManufactureCountry><ManufacturerItemDescription>קוביות דלק הפי מוצק</ManufacturerItemDescription><SoldByWeight/><Quantity>0.00</Quantity><UnitOfMeasure>יח'</UnitOfMeasure><QtyInPackage>לא ידוע</QtyInPackage><UnitOfMeasurePrice>0.0000</UnitOfMeasurePrice><AllowDiscount>1</AllowDiscount><ItemStatus>1</ItemStatus><ItemPrice>11.20</ItemPrice></item><item><PriceUpdateDate>2016-08-02 09:30:13</PriceUpdateDate><ItemCode>7290013906052</ItemCode><ItemType>1</ItemType><ItemName>מב נקניקיות פרגיות 3</ItemName><ManufacturerName>טירת צבי</ManufacturerName><ManufactureCountry>ישראל</ManufactureCountry><ManufacturerItemDescription>מב נקניקיות פרגיות 3</ManufacturerItemDescription><SoldByWeight/><Quantity>300.00</Quantity><UnitOfMeasure>גרם     </UnitOfMeasure><QtyInPackage>לא ידוע</QtyInPackage><UnitOfMeasurePrice>0.0363</UnitOfMeasurePrice><AllowDiscount>1</AllowDiscount><ItemStatus>1</ItemStatus><ItemPrice>10.90</ItemPrice></item><item><PriceUpdateDate>2016-08-02 09:30:13</PriceUpdateDate><ItemCode>7290013906212</ItemCode><ItemType>1</ItemType><ItemName>מב נקניקיות וינר 1 ק</ItemName><ManufacturerName>טירת צבי</ManufacturerName><ManufactureCountry>ישראל</ManufactureCountry><ManufacturerItemDescription>מב נקניקיות וינר 1 ק</ManufacturerItemDescription><SoldByWeight/><Quantity>1000.00</Quantity><UnitOfMeasure>גרם     </UnitOfMeasure><QtyInPackage>לא ידוע</QtyInPackage><UnitOfMeasurePrice>0.0280</UnitOfMeasurePrice><AllowDiscount>1</AllowDiscount><ItemStatus>1</ItemStatus><ItemPrice>28.00</ItemPrice></item><item><PriceUpdateDate>2016-06-28 07:04:43</PriceUpdateDate><ItemCode>7290013927002</ItemCode><ItemType>1</ItemType><ItemName>דיקליות שוקו 400 גרם</ItemName><ManufacturerName>אחווה</ManufacturerName><ManufactureCountry>ישראל</ManufactureCountry><ManufacturerItemDescription>דיקליות שוקו 400 גרם</ManufacturerItemDescription><SoldByWeight/><Quantity>400.00</Quantity><UnitOfMeasure>גרם     </UnitOfMeasure><QtyInPackage>לא ידוע</QtyInPackage><UnitOfMeasurePrice>0.0398</UnitOfMeasurePrice><AllowDiscount>1</AllowDiscount><ItemStatus>1</ItemStatus><ItemPrice>15.90</ItemPrice></item><item><PriceUpdateDate>2016-05-01 10:33:56</PriceUpdateDate><ItemCode>7290013927057</ItemCode><ItemType>1</ItemType><ItemName>עוגיות שוקולד צ'יפס</ItemName><ManufacturerName>אחוה</ManufacturerName><ManufactureCountry>ישראל</ManufactureCountry><ManufacturerItemDescription>עוגיות שוקולד צ'יפס</ManufacturerItemDescription><SoldByWeight/><Quantity>400.00</Quantity><UnitOfMeasure>גרם     </UnitOfMeasure><QtyInPackage>לא ידוע</QtyInPackage><UnitOfMeasurePrice>0.0458</UnitOfMeasurePrice><AllowDiscount>1</AllowDiscount><ItemStatus>1</ItemStatus><ItemPrice>18.30</ItemPrice></item><item><PriceUpdateDate>2016-05-01 10:33:56</PriceUpdateDate><ItemCode>7290013927064</ItemCode><ItemType>1</ItemType><ItemName>עוגיות גרנולה עם פיר</ItemName><ManufacturerName>אחוה</ManufacturerName><ManufactureCountry>ישראל</ManufactureCountry><ManufacturerItemDescription>עוגיות גרנולה עם פיר</ManufacturerItemDescription><SoldByWeight/><Quantity>400.00</Quantity><UnitOfMeasure>גרם     </UnitOfMeasure><QtyInPackage>לא ידוע</QtyInPackage><UnitOfMeasurePrice>0.0458</UnitOfMeasurePrice><AllowDiscount>1</AllowDiscount><ItemStatus>1</ItemStatus><ItemPrice>18.30</ItemPrice></item><item><PriceUpdateDate>2016-05-01 10:33:57</PriceUpdateDate><ItemCode>7290013997180</ItemCode><ItemType>1</ItemType><ItemName>טבעול נקניקיה דלישס</ItemName><ManufacturerName>טבעול</ManufacturerName><ManufactureCountry>ישראל</ManufactureCountry><ManufacturerItemDescription>טבעול נקניקיה דלישס</ManufacturerItemDescription><SoldByWeight/><Quantity>1000.00</Quantity><UnitOfMeasure>קג</UnitOfMeasure><QtyInPackage>לא ידוע</QtyInPackage><UnitOfMeasurePrice>0.0464</UnitOfMeasurePrice><AllowDiscount>1</AllowDiscount><ItemStatus>1</ItemStatus><ItemPrice>46.40</ItemPrice></item><item><PriceUpdateDate>2016-05-01 10:33:57</PriceUpdateDate><ItemCode>7290013997937</ItemCode><ItemType>1</ItemType><ItemName>טבעול מיני המבורגר פ</ItemName><ManufacturerName>טבעול</ManufacturerName><ManufactureCountry>ישראל</ManufactureCountry><ManufacturerItemDescription>טבעול מיני המבורגר פטריות</ManufacturerItemDescription><SoldByWeight/><Quantity>540.00</Quantity><UnitOfMeasure>גרם     </UnitOfMeasure><QtyInPackage>לא ידוע</QtyInPackage><UnitOfMeasurePrice>0.0565</UnitOfMeasurePrice><AllowDiscount>1</AllowDiscount><ItemStatus>1</ItemStatus><ItemPrice>30.50</ItemPrice></item><item><PriceUpdateDate>2016-05-01 06:12:00</PriceUpdateDate><ItemCode>7290014002128</ItemCode><ItemType>1</ItemType><ItemName>תה ירוק לימונית מנטה</ItemName><ManufacturerName>ויסוצקי</ManufacturerName><ManufactureCountry>ישראל</ManufactureCountry><ManufacturerItemDescription>תה ירוק לימונית מנטה 25 ש</ManufacturerItemDescription><SoldByWeight/><Quantity>38.00</Quantity><UnitOfMeasure>גרם     </UnitOfMeasure><QtyInPackage>לא ידוע</QtyInPackage><UnitOfMeasurePrice>0.6553</UnitOfMeasurePrice><AllowDiscount>1</AllowDiscount><ItemStatus>1</ItemStatus><ItemPrice>24.90</ItemPrice></item><item><PriceUpdateDate>2016-08-02 09:30:13</PriceUpdateDate><ItemCode>7290014002197</ItemCode><ItemType>1</ItemType><ItemName>מב חליטת קמומיל ולימ</ItemName><ManufacturerName>גן הקסום</ManufacturerName><ManufactureCountry>ישראל</ManufactureCountry><ManufacturerItemDescription>מב חליטת קמומיל ולימ</ManufacturerItemDescription><SoldByWeight/><Quantity>75.00</Quantity><UnitOfMeasure>גרם     </UnitOfMeasure><QtyInPackage>לא ידוע</QtyInPackage><UnitOfMeasurePrice>0.1987</UnitOfMeasurePrice><AllowDiscount>1</AllowDiscount><ItemStatus>1</ItemStatus><ItemPrice>14.90</ItemPrice></item><item><PriceUpdateDate>2015-08-11 08:08:27</PriceUpdateDate><ItemCode>729001400264</ItemCode><ItemType>1</ItemType><ItemName>תה ירוק לימונית לואי</ItemName><ManufacturerName>ויסוצקי</ManufacturerName><ManufactureCountry>לא ידוע</ManufactureCountry><ManufacturerItemDescription>תה ירוק לימונית לואי</ManufacturerItemDescription><SoldByWeight/><Quantity>23.00</Quantity><UnitOfMeasure>גרם     </UnitOfMeasure><QtyInPackage>לא ידוע</QtyInPackage><UnitOfMeasurePrice>0.6913</UnitOfMeasurePrice><AllowDiscount>1</AllowDiscount><ItemStatus>1</ItemStatus><ItemPrice>15.90</ItemPrice></item><item><PriceUpdateDate>2016-08-02 09:30:13</PriceUpdateDate><ItemCode>7290014002944</ItemCode><ItemType>1</ItemType><ItemName>מב חליטת פירות וצמחי</ItemName><ManufacturerName>גן הקסום</ManufacturerName><ManufactureCountry>ישראל</ManufactureCountry><ManufacturerItemDescription>מב חליטת פירות וצמחי</ManufacturerItemDescription><SoldByWeight/><Quantity>0.00</Quantity><UnitOfMeasure>גרם     </UnitOfMeasure><QtyInPackage>לא ידוע</QtyInPackage><UnitOfMeasurePrice>0.0000</UnitOfMeasurePrice><AllowDiscount>1</AllowDiscount><ItemStatus>1</ItemStatus><ItemPrice>14.90</ItemPrice></item><item><PriceUpdateDate>2016-05-01 10:33:59</PriceUpdateDate><ItemCode>7290014126152</ItemCode><ItemType>1</ItemType><ItemName>מב עוגיות מואי קרם ק</ItemName><ManufacturerName>מואי</ManufacturerName><ManufactureCountry>פולין</ManufactureCountry><ManufacturerItemDescription>עוגיות שכבות מוי קרם חלב</ManufacturerItemDescription><SoldByWeight/><Quantity>180.00</Quantity><UnitOfMeasure>גרם     </UnitOfMeasure><QtyInPackage>לא ידוע</QtyInPackage><UnitOfMeasurePrice>0.0717</UnitOfMeasurePrice><AllowDiscount>1</AllowDiscount><ItemStatus>1</ItemStatus><ItemPrice>12.90</ItemPrice></item><item><PriceUpdateDate>2016-05-01 10:33:59</PriceUpdateDate><ItemCode>7290014126794</ItemCode><ItemType>1</ItemType><ItemName>מואי-שוקולד מריר בטע</ItemName><ManufacturerName>מואי</ManufacturerName><ManufactureCountry>ישראל</ManufactureCountry><ManufacturerItemDescription>שוקולד מריר טעם תפוז100ג</ManufacturerItemDescription><SoldByWeight/><Quantity>100.00</Quantity><UnitOfMeasure>גרם     </UnitOfMeasure><QtyInPackage>לא ידוע</QtyInPackage><UnitOfMeasurePrice>0.1290</UnitOfMeasurePrice><AllowDiscount>1</AllowDiscount><ItemStatus>1</ItemStatus><ItemPrice>12.90</ItemPrice></item><item><PriceUpdateDate>2015-01-27 10:35:13</PriceUpdateDate><ItemCode>7290014217225</ItemCode><ItemType>1</ItemType><ItemName>מיכל גריל עוף 120 גר</ItemName><ManufacturerName>תבליני טעם וריח</ManufacturerName><ManufactureCountry>ישראל</ManufactureCountry><ManufacturerItemDescription>גריל עוף מיכל 120 גרם</ManufacturerItemDescription><SoldByWeight/><Quantity>120.00</Quantity><UnitOfMeasure>גרם     </UnitOfMeasure><QtyInPackage>לא ידוע</QtyInPackage><UnitOfMeasurePrice>0.0825</UnitOfMeasurePrice><AllowDiscount>1</AllowDiscount><ItemStatus>1</ItemStatus><ItemPrice>9.90</ItemPrice></item><item><PriceUpdateDate>2016-05-31 06:17:07</PriceUpdateDate><ItemCode>7290014256927</ItemCode><ItemType>1</ItemType><ItemName>יין אמרלד ריזלינג סל</ItemName><ManufacturerName>סלקטד יקבי כרמל</ManufacturerName><ManufactureCountry>ישראל</ManufactureCountry><ManufacturerItemDescription>יין סלקטד אמרלד ריזלינג 7</ManufacturerItemDescription><SoldByWeight/><Quantity>750.00</Quantity><UnitOfMeasure>מ"ל</UnitOfMeasure><QtyInPackage>לא ידוע</QtyInPackage><UnitOfMeasurePrice>0.0305</UnitOfMeasurePrice><AllowDiscount>1</AllowDiscount><ItemStatus>1</ItemStatus><ItemPrice>22.90</ItemPrice></item><item><PriceUpdateDate>2016-08-02 09:30:14</PriceUpdateDate><ItemCode>7290014373563</ItemCode><ItemType>1</ItemType><ItemName>עוגיות לחמי מעמול תמ</ItemName><ManufacturerName>לחמי</ManufacturerName><ManufactureCountry>ישראל</ManufactureCountry><ManufacturerItemDescription>עוגיות מעמול 250 גרם</ManufacturerItemDescription><SoldByWeight/><Quantity>250.00</Quantity><UnitOfMeasure>גרם     </UnitOfMeasure><QtyInPackage>לא ידוע</QtyInPackage><UnitOfMeasurePrice>0.0796</UnitOfMeasurePrice><AllowDiscount>1</AllowDiscount><ItemStatus>1</ItemStatus><ItemPrice>19.90</ItemPrice></item><item><PriceUpdateDate>2016-08-02 09:30:15</PriceUpdateDate><ItemCode>7290014373778</ItemCode><ItemType>1</ItemType><ItemName>מב עוגיות לחמי רולדה</ItemName><ManufacturerName>לחמי</ManufacturerName><ManufactureCountry>ישראל</ManufactureCountry><ManufacturerItemDescription>עוגיות רולדה תמרים 300 גר</ManufacturerItemDescription><SoldByWeight/><Quantity>300.00</Quantity><UnitOfMeasure>גרם     </UnitOfMeasure><QtyInPackage>לא ידוע</QtyInPackage><UnitOfMeasurePrice>0.0497</UnitOfMeasurePrice><AllowDiscount>1</AllowDiscount><ItemStatus>1</ItemStatus><ItemPrice>14.90</ItemPrice></item><item><PriceUpdateDate>2015-12-15 07:04:32</PriceUpdateDate><ItemCode>7290014455245</ItemCode><ItemType>1</ItemType><ItemName>גבינה גרנה פדנו משול</ItemName><ManufacturerName>גד</ManufacturerName><ManufactureCountry>ישראל</ManufactureCountry><ManufacturerItemDescription>גבינה גרנה פדנו משול</ManufacturerItemDescription><SoldByWeight/><Quantity>200.00</Quantity><UnitOfMeasure>גרם     </UnitOfMeasure><QtyInPackage>לא ידוע</QtyInPackage><UnitOfMeasurePrice>0.1245</UnitOfMeasurePrice><AllowDiscount>1</AllowDiscount><ItemStatus>1</ItemStatus><ItemPrice>24.90</ItemPrice></item><item><PriceUpdateDate>2016-03-07 16:07:52</PriceUpdateDate><ItemCode>7290014459366</ItemCode><ItemType>1</ItemType><ItemName>תפוגן טבע נאגטס תירס</ItemName><ManufacturerName>תפוגן</ManufacturerName><ManufactureCountry>לא ידוע</ManufactureCountry><ManufacturerItemDescription>תפוגן טבע נאגטס תירס</ManufacturerItemDescription><SoldByWeight/><Quantity>600.00</Quantity><UnitOfMeasure>גרם     </UnitOfMeasure><QtyInPackage>לא ידוע</QtyInPackage><UnitOfMeasurePrice>0.0398</UnitOfMeasurePrice><AllowDiscount>1</AllowDiscount><ItemStatus>1</ItemStatus><ItemPrice>23.90</ItemPrice></item><item><PriceUpdateDate>2016-05-01 07:10:00</PriceUpdateDate><ItemCode>7290014466463</ItemCode><ItemType>1</ItemType><ItemName>יין הר חרמון מוסקטו</ItemName><ManufacturerName>יקבי רמת הגולן</ManufacturerName><ManufactureCountry>ישראל</ManufactureCountry><ManufacturerItemDescription>יין הר חרמון מוסקטו</ManufacturerItemDescription><SoldByWeight/><Quantity>750.00</Quantity><UnitOfMeasure>מ"ל</UnitOfMeasure><QtyInPackage>לא ידוע</QtyInPackage><UnitOfMeasurePrice>0.0439</UnitOfMeasurePrice><AllowDiscount>1</AllowDiscount><ItemStatus>1</ItemStatus><ItemPrice>32.90</ItemPrice></item><item><PriceUpdateDate>2016-05-01 10:34:00</PriceUpdateDate><ItemCode>7290014525061</ItemCode><ItemType>1</ItemType><ItemName>עוגיות מרבה חמאה ללת</ItemName><ManufacturerName>מרבה</ManufacturerName><ManufactureCountry>גרמניה</ManufactureCountry><ManufacturerItemDescription>משחת אלמקס      ור 75מ"ל</ManufacturerItemDescription><SoldByWeight/><Quantity>200.00</Quantity><UnitOfMeasure>גרם     </UnitOfMeasure><QtyInPackage>לא ידוע</QtyInPackage><UnitOfMeasurePrice>0.0845</UnitOfMeasurePrice><AllowDiscount>1</AllowDiscount><ItemStatus>1</ItemStatus><ItemPrice>16.90</ItemPrice></item><item><PriceUpdateDate>2016-06-28 07:04:50</PriceUpdateDate><ItemCode>7290014525177</ItemCode><ItemType>1</ItemType><ItemName>מרבה סלים פרוט יוגור</ItemName><ManufacturerName>מרבה</ManufacturerName><ManufactureCountry>ספרד</ManufactureCountry><ManufacturerItemDescription>סלים דליס יוגורט ופירות 1</ManufacturerItemDescription><SoldByWeight/><Quantity>182.00</Quantity><UnitOfMeasure>גרם     </UnitOfMeasure><QtyInPackage>לא ידוע</QtyInPackage><UnitOfMeasurePrice>0.0874</UnitOfMeasurePrice><AllowDiscount>1</AllowDiscount><ItemStatus>1</ItemStatus><ItemPrice>15.90</ItemPrice></item><item><PriceUpdateDate>2016-08-02 09:30:15</PriceUpdateDate><ItemCode>7290014534001</ItemCode><ItemType>1</ItemType><ItemName>מב תרסיס שמן קנולה ל</ItemName><ManufacturerName>לא ממותג</ManufacturerName><ManufactureCountry>ישראל</ManufactureCountry><ManufacturerItemDescription>מב תרסיס שמן קנולה ל</ManufacturerItemDescription><SoldByWeight/><Quantity>170.00</Quantity><UnitOfMeasure>גרם     </UnitOfMeasure><QtyInPackage>לא ידוע</QtyInPackage><UnitOfMeasurePrice>0.0641</UnitOfMeasurePrice><AllowDiscount>1</AllowDiscount><ItemStatus>1</ItemStatus><ItemPrice>10.90</ItemPrice></item><item><PriceUpdateDate>2016-08-02 09:30:15</PriceUpdateDate><ItemCode>7290014534018</ItemCode><ItemType>1</ItemType><ItemName>מב תרסיס שמן זית להת</ItemName><ManufacturerName>לא ממותג</ManufacturerName><ManufactureCountry>ישראל</ManufactureCountry><ManufacturerItemDescription>מב תרסיס שמן זית להת</ManufacturerItemDescription><SoldByWeight/><Quantity>170.00</Quantity><UnitOfMeasure>גרם     </UnitOfMeasure><QtyInPackage>לא ידוע</QtyInPackage><UnitOfMeasurePrice>0.0641</UnitOfMeasurePrice><AllowDiscount>1</AllowDiscount><ItemStatus>1</ItemStatus><ItemPrice>10.90</ItemPrice></item><item><PriceUpdateDate>2016-08-07 20:02:48</PriceUpdateDate><ItemCode>7290014603004</ItemCode><ItemType>1</ItemType><ItemName>מאגדת מיני סולרו תות</ItemName><ManufacturerName>שטראוס גלידה</ManufacturerName><ManufactureCountry>ישראל</ManufactureCountry><ManufacturerItemDescription>מאגדת סולרו מיני תות 5 יח</ManufacturerItemDescription><SoldByWeight/><Quantity>295.00</Quantity><UnitOfMeasure>גרם     </UnitOfMeasure><QtyInPackage>לא ידוע</QtyInPackage><UnitOfMeasurePrice>0.0912</UnitOfMeasurePrice><AllowDiscount>1</AllowDiscount><ItemStatus>1</ItemStatus><ItemPrice>26.90</ItemPrice></item><item><PriceUpdateDate>2016-06-28 07:04:50</PriceUpdateDate><ItemCode>7290014603073</ItemCode><ItemType>1</ItemType><ItemName>מב מאגדת מיני מגנום</ItemName><ManufacturerName>שטראוס גלידה</ManufacturerName><ManufactureCountry>ישראל</ManufactureCountry><ManufacturerItemDescription>מאגדת מיני מגנום דאבל שוק</ManufacturerItemDescription><SoldByWeight/><Quantity>310.00</Quantity><UnitOfMeasure>גרם     </UnitOfMeasure><QtyInPackage>לא ידוע</QtyInPackage><UnitOfMeasurePrice>0.0803</UnitOfMeasurePrice><AllowDiscount>1</AllowDiscount><ItemStatus>1</ItemStatus><ItemPrice>24.90</ItemPrice></item><item><PriceUpdateDate>2016-08-02 09:30:15</PriceUpdateDate><ItemCode>7290014603547</ItemCode><ItemType>1</ItemType><ItemName>גלידות קרמיסימו סנדי</ItemName><ManufacturerName>קרמיסימו</ManufacturerName><ManufactureCountry>ישראל</ManufactureCountry><ManufacturerItemDescription>קרמיסימו סנדיי וניל שוקול</ManufacturerItemDescription><SoldByWeight/><Quantity>1330.00</Quantity><UnitOfMeasure>מ"ל</UnitOfMeasure><QtyInPackage>לא ידוע</QtyInPackage><UnitOfMeasurePrice>0.0150</UnitOfMeasurePrice><AllowDiscount>1</AllowDiscount><ItemStatus>1</ItemStatus><ItemPrice>19.90</ItemPrice></item><item><PriceUpdateDate>2016-06-28 07:04:51</PriceUpdateDate><ItemCode>7290014603660</ItemCode><ItemType>1</ItemType><ItemName>מב מאגדת מיני מגנום</ItemName><ManufacturerName>שטראוס גלידה</ManufacturerName><ManufactureCountry>ישראל</ManufactureCountry><ManufacturerItemDescription>מאגדת מיני מגנום בראוניז</ManufacturerItemDescription><SoldByWeight/><Quantity>310.00</Quantity><UnitOfMeasure>גרם     </UnitOfMeasure><QtyInPackage>לא ידוע</QtyInPackage><UnitOfMeasurePrice>0.0803</UnitOfMeasurePrice><AllowDiscount>1</AllowDiscount><ItemStatus>1</ItemStatus><ItemPrice>24.90</ItemPrice></item><item><PriceUpdateDate>2016-06-28 07:04:51</PriceUpdateDate><ItemCode>7290014692305</ItemCode><ItemType>1</ItemType><ItemName>גבינת קממבר 125 גרם</ItemName><ManufacturerName>וילי פוד</ManufacturerName><ManufactureCountry>ישראל</ManufactureCountry><ManufacturerItemDescription>גבינת קממבר 125 גרם</ManufacturerItemDescription><SoldByWeight/><Quantity>125.00</Quantity><UnitOfMeasure>גרם     </UnitOfMeasure><QtyInPackage>לא ידוע</QtyInPackage><UnitOfMeasurePrice>0.1792</UnitOfMeasurePrice><AllowDiscount>1</AllowDiscount><ItemStatus>1</ItemStatus><ItemPrice>22.40</ItemPrice></item><item><PriceUpdateDate>2016-06-28 07:04:51</PriceUpdateDate><ItemCode>7290014746602</ItemCode><ItemType>1</ItemType><ItemName>מב עוף טוב כתף בקר 2</ItemName><ManufacturerName>עוף טוב</ManufacturerName><ManufactureCountry>ישראל</ManufactureCountry><ManufacturerItemDescription>כתף בקר 280 גרם</ManufacturerItemDescription><SoldByWeight/><Quantity>280.00</Quantity><UnitOfMeasure>גרם     </UnitOfMeasure><QtyInPackage>לא ידוע</QtyInPackage><UnitOfMeasurePrice>0.0782</UnitOfMeasurePrice><AllowDiscount>1</AllowDiscount><ItemStatus>1</ItemStatus><ItemPrice>21.90</ItemPrice></item><item><PriceUpdateDate>2016-04-27 08:40:23</PriceUpdateDate><ItemCode>7290014747043</ItemCode><ItemType>1</ItemType><ItemName>עוף טוב פסטרמה חזה ע</ItemName><ManufacturerName>עוף טוב</ManufacturerName><ManufactureCountry>לא ידוע</ManufactureCountry><ManufacturerItemDescription>עוף טוב פסטרמה חזה ע</ManufacturerItemDescription><SoldByWeight/><Quantity>250.00</Quantity><UnitOfMeasure>גרם     </UnitOfMeasure><QtyInPackage>לא ידוע</QtyInPackage><UnitOfMeasurePrice>0.0876</UnitOfMeasurePrice><AllowDiscount>1</AllowDiscount><ItemStatus>1</ItemStatus><ItemPrice>21.90</ItemPrice></item><item><PriceUpdateDate>2016-06-28 07:04:51</PriceUpdateDate><ItemCode>7290014758100</ItemCode><ItemType>1</ItemType><ItemName>מאגדת שמיניה יוגורט</ItemName><ManufacturerName>תנובה</ManufacturerName><ManufactureCountry>ישראל</ManufactureCountry><ManufacturerItemDescription>מאגדת שמיניה יוגורט</ManufacturerItemDescription><SoldByWeight/><Quantity>1200.00</Quantity><UnitOfMeasure>גרם     </UnitOfMeasure><QtyInPackage>לא ידוע</QtyInPackage><UnitOfMeasurePrice>0.0137</UnitOfMeasurePrice><AllowDiscount>1</AllowDiscount><ItemStatus>1</ItemStatus><ItemPrice>16.40</ItemPrice></item><item><PriceUpdateDate>2016-06-28 07:04:51</PriceUpdateDate><ItemCode>7290014758117</ItemCode><ItemType>1</ItemType><ItemName>מאגדת שמיניה יוגורט</ItemName><ManufacturerName>תנובה</ManufacturerName><ManufactureCountry>ישראל</ManufactureCountry><ManufacturerItemDescription>מאגדת שמיניה יוגורט</ManufacturerItemDescription><SoldByWeight/><Quantity>1200.00</Quantity><UnitOfMeasure>גרם     </UnitOfMeasure><QtyInPackage>לא ידוע</QtyInPackage><UnitOfMeasurePrice>0.0137</UnitOfMeasurePrice><AllowDiscount>1</AllowDiscount><ItemStatus>1</ItemStatus><ItemPrice>16.40</ItemPrice></item><item><PriceUpdateDate>2015-11-10 07:33:10</PriceUpdateDate><ItemCode>7290014758308</ItemCode><ItemType>1</ItemType><ItemName>פיראוס יוגורט עיזים</ItemName><ManufacturerName>פיראוס</ManufacturerName><ManufactureCountry>ישראל</ManufactureCountry><ManufacturerItemDescription>יוגורט עיזים 150 גרם</ManufacturerItemDescription><SoldByWeight/><Quantity>150.00</Quantity><UnitOfMeasure>גרם     </UnitOfMeasure><QtyInPackage>לא ידוע</QtyInPackage><UnitOfMeasurePrice>0.0427</UnitOfMeasurePrice><AllowDiscount>1</AllowDiscount><ItemStatus>1</ItemStatus><ItemPrice>6.40</ItemPrice></item><item><PriceUpdateDate>2016-08-02 09:30:16</PriceUpdateDate><ItemCode>7290014758346</ItemCode><ItemType>1</ItemType><ItemName>מאגדת מעדן סויה שוקו</ItemName><ManufacturerName>מעדן תנובה</ManufacturerName><ManufactureCountry>ישראל</ManufactureCountry><ManufacturerItemDescription>מאגדת זוג מעדני סויה עם ש</ManufacturerItemDescription><SoldByWeight/><Quantity>250.00</Quantity><UnitOfMeasure>גרם     </UnitOfMeasure><QtyInPackage>לא ידוע</QtyInPackage><UnitOfMeasurePrice>0.0348</UnitOfMeasurePrice><AllowDiscount>1</AllowDiscount><ItemStatus>1</ItemStatus><ItemPrice>8.70</ItemPrice></item><item><PriceUpdateDate>2016-08-02 09:30:16</PriceUpdateDate><ItemCode>7290014758353</ItemCode><ItemType>1</ItemType><ItemName>מאגדת מעדן סויה במתי</ItemName><ManufacturerName>מעדן תנובה</ManufacturerName><ManufactureCountry>ישראל</ManufactureCountry><ManufacturerItemDescription>מאגדת מעדן סויה במתי</ManufacturerItemDescription><SoldByWeight/><Quantity>250.00</Quantity><UnitOfMeasure>גרם     </UnitOfMeasure><QtyInPackage>לא ידוע</QtyInPackage><UnitOfMeasurePrice>0.0348</UnitOfMeasurePrice><AllowDiscount>1</AllowDiscount><ItemStatus>1</ItemStatus><ItemPrice>8.70</ItemPrice></item><item><PriceUpdateDate>2015-10-01 00:29:13</PriceUpdateDate><ItemCode>7290014758681</ItemCode><ItemType>1</ItemType><ItemName>קוטג' 1% בגביע 250 ג</ItemName><ManufacturerName>קוטג תנובה</ManufacturerName><ManufactureCountry>ישראל</ManufactureCountry><ManufacturerItemDescription>קוטג 250 1% גרם</ManufacturerItemDescription><SoldByWeight/><Quantity>250.00</Quantity><UnitOfMeasure>גרם     </UnitOfMeasure><QtyInPackage>לא ידוע</QtyInPackage><UnitOfMeasurePrice>0.0228</UnitOfMeasurePrice><AllowDiscount>1</AllowDiscount><ItemStatus>1</ItemStatus><ItemPrice>5.70</ItemPrice></item><item><PriceUpdateDate>2016-08-02 09:30:16</PriceUpdateDate><ItemCode>7290014759084</ItemCode><ItemType>1</ItemType><ItemName>מב גבינת נפוליאון טב</ItemName><ManufacturerName>נפוליאון</ManufacturerName><ManufactureCountry>ישראל</ManufactureCountry><ManufacturerItemDescription>גבינה שמנת נפוליאון 225 ג</ManufacturerItemDescription><SoldByWeight/><Quantity>225.00</Quantity><UnitOfMeasure>גרם     </UnitOfMeasure><QtyInPackage>לא ידוע</QtyInPackage><UnitOfMeasurePrice>0.0444</UnitOfMeasurePrice><AllowDiscount>1</AllowDiscount><ItemStatus>1</ItemStatus><ItemPrice>10.00</ItemPrice></item><item><PriceUpdateDate>2016-08-02 09:30:16</PriceUpdateDate><ItemCode>7290014759909</ItemCode><ItemType>1</ItemType><ItemName>מב פטה עיזים פיראוס</ItemName><ManufacturerName>פיראוס</ManufacturerName><ManufactureCountry>ישראל</ManufactureCountry><ManufacturerItemDescription>מב פטה עיזים פיראוס</ManufacturerItemDescription><SoldByWeight/><Quantity>250.00</Quantity><UnitOfMeasure>גרם     </UnitOfMeasure><QtyInPackage>לא ידוע</QtyInPackage><UnitOfMeasurePrice>0.0876</UnitOfMeasurePrice><AllowDiscount>1</AllowDiscount><ItemStatus>1</ItemStatus><ItemPrice>21.90</ItemPrice></item><item><PriceUpdateDate>2016-06-14 14:54:26</PriceUpdateDate><ItemCode>7290014759978</ItemCode><ItemType>1</ItemType><ItemName>גבינת קולאז' קצ'קבל</ItemName><ManufacturerName>גבינות תנובה</ManufacturerName><ManufactureCountry>ישראל</ManufactureCountry><ManufacturerItemDescription>קצקבל פלח 200 גרם</ManufacturerItemDescription><SoldByWeight/><Quantity>200.00</Quantity><UnitOfMeasure>גרם     </UnitOfMeasure><QtyInPackage>לא ידוע</QtyInPackage><UnitOfMeasurePrice>0.1370</UnitOfMeasurePrice><AllowDiscount>1</AllowDiscount><ItemStatus>1</ItemStatus><ItemPrice>27.40</ItemPrice></item><item><PriceUpdateDate>2016-06-14 14:54:26</PriceUpdateDate><ItemCode>7290014759985</ItemCode><ItemType>1</ItemType><ItemName>גבינת קולאז' פרמזן פ</ItemName><ManufacturerName>גבינות תנובה</ManufacturerName><ManufactureCountry>ישראל</ManufactureCountry><ManufacturerItemDescription>פרמזן פלח 200 גרם</ManufacturerItemDescription><SoldByWeight/><Quantity>200.00</Quantity><UnitOfMeasure>קג</UnitOfMeasure><QtyInPackage>לא ידוע</QtyInPackage><UnitOfMeasurePrice>0.1425</UnitOfMeasurePrice><AllowDiscount>1</AllowDiscount><ItemStatus>1</ItemStatus><ItemPrice>28.50</ItemPrice></item><item><PriceUpdateDate>2015-10-11 06:44:07</PriceUpdateDate><ItemCode>7290014760820</ItemCode><ItemType>1</ItemType><ItemName>יופלה פקאן סיני מצופ</ItemName><ManufacturerName>יופלה</ManufacturerName><ManufactureCountry>ישראל</ManufactureCountry><ManufacturerItemDescription>יופלה פקאן סיני מצופ</ManufacturerItemDescription><SoldByWeight/><Quantity>175.00</Quantity><UnitOfMeasure>גרם     </UnitOfMeasure><QtyInPackage>לא ידוע</QtyInPackage><UnitOfMeasurePrice>0.0326</UnitOfMeasurePrice><AllowDiscount>1</AllowDiscount><ItemStatus>1</ItemStatus><ItemPrice>5.70</ItemPrice></item><item><PriceUpdateDate>2015-10-11 06:44:07</PriceUpdateDate><ItemCode>7290014761063</ItemCode><ItemType>1</ItemType><ItemName>מעדן שוקולד מריר  12</ItemName><ManufacturerName>מעדן תנובה</ManufacturerName><ManufactureCountry>ישראל</ManufactureCountry><ManufacturerItemDescription>YOLOשוקולד מריר מעולה</ManufacturerItemDescription><SoldByWeight/><Quantity>123.00</Quantity><UnitOfMeasure>גרם     </UnitOfMeasure><QtyInPackage>לא ידוע</QtyInPackage><UnitOfMeasurePrice>0.0374</UnitOfMeasurePrice><AllowDiscount>1</AllowDiscount><ItemStatus>1</ItemStatus><ItemPrice>4.60</ItemPrice></item><item><PriceUpdateDate>2015-10-11 06:44:07</PriceUpdateDate><ItemCode>7290014761070</ItemCode><ItemType>1</ItemType><ItemName>מעדן YOLO שוקולד לבן</ItemName><ManufacturerName>מעדן תנובה</ManufacturerName><ManufactureCountry>ישראל</ManufactureCountry><ManufacturerItemDescription>YOLOשוקולד לבן מעולה</ManufacturerItemDescription><SoldByWeight/><Quantity>123.00</Quantity><UnitOfMeasure>גרם     </UnitOfMeasure><QtyInPackage>לא ידוע</QtyInPackage><UnitOfMeasurePrice>0.0374</UnitOfMeasurePrice><AllowDiscount>1</AllowDiscount><ItemStatus>1</ItemStatus><ItemPrice>4.60</ItemPrice></item><item><PriceUpdateDate>2016-08-02 09:30:16</PriceUpdateDate><ItemCode>7290014762756</ItemCode><ItemType>1</ItemType><ItemName>מב גבינת נפוליאון  1</ItemName><ManufacturerName>נפוליאון</ManufacturerName><ManufactureCountry>ישראל</ManufactureCountry><ManufacturerItemDescription>גבינה שמנת נפוליאון 225 ג</ManufacturerItemDescription><SoldByWeight/><Quantity>225.00</Quantity><UnitOfMeasure>גרם     </UnitOfMeasure><QtyInPackage>לא ידוע</QtyInPackage><UnitOfMeasurePrice>0.0444</UnitOfMeasurePrice><AllowDiscount>1</AllowDiscount><ItemStatus>1</ItemStatus><ItemPrice>10.00</ItemPrice></item><item><PriceUpdateDate>2016-08-02 09:30:16</PriceUpdateDate><ItemCode>7290014762831</ItemCode><ItemType>1</ItemType><ItemName>מב גבינה נפוליאון  2</ItemName><ManufacturerName>נפוליאון</ManufacturerName><ManufactureCountry>לא ידוע</ManufactureCountry><ManufacturerItemDescription>מב גבינה נפוליאון  2</ManufacturerItemDescription><SoldByWeight/><Quantity>225.00</Quantity><UnitOfMeasure>גרם     </UnitOfMeasure><QtyInPackage>לא ידוע</QtyInPackage><UnitOfMeasurePrice>0.0444</UnitOfMeasurePrice><AllowDiscount>1</AllowDiscount><ItemStatus>1</ItemStatus><ItemPrice>10.00</ItemPrice></item><item><PriceUpdateDate>2016-07-14 06:53:04</PriceUpdateDate><ItemCode>7290014763272</ItemCode><ItemType>1</ItemType><ItemName>משקה סויה BIO עם תות</ItemName><ManufacturerName>תנובה</ManufacturerName><ManufactureCountry>לא ידוע</ManufactureCountry><ManufacturerItemDescription>משקה סויה BIO עם תות</ManufacturerItemDescription><SoldByWeight/><Quantity>250.00</Quantity><UnitOfMeasure>מ"ל</UnitOfMeasure><QtyInPackage>לא ידוע</QtyInPackage><UnitOfMeasurePrice>0.0256</UnitOfMeasurePrice><AllowDiscount>1</AllowDiscount><ItemStatus>1</ItemStatus><ItemPrice>6.40</ItemPrice></item><item><PriceUpdateDate>2016-07-14 06:53:04</PriceUpdateDate><ItemCode>7290014763289</ItemCode><ItemType>1</ItemType><ItemName>משקה סויה BIO בטעם פ</ItemName><ManufacturerName>תנובה</ManufacturerName><ManufactureCountry>לא ידוע</ManufactureCountry><ManufacturerItemDescription>משקה סויה BIO בטעם פ</ManufacturerItemDescription><SoldByWeight/><Quantity>250.00</Quantity><UnitOfMeasure>מ"ל</UnitOfMeasure><QtyInPackage>לא ידוע</QtyInPackage><UnitOfMeasurePrice>0.0256</UnitOfMeasurePrice><AllowDiscount>1</AllowDiscount><ItemStatus>1</ItemStatus><ItemPrice>6.40</ItemPrice></item><item><PriceUpdateDate>2016-07-14 06:53:04</PriceUpdateDate><ItemCode>7290014763401</ItemCode><ItemType>1</ItemType><ItemName>משקה סויה BIO בטעם א</ItemName><ManufacturerName>תנובה</ManufacturerName><ManufactureCountry>לא ידוע</ManufactureCountry><ManufacturerItemDescription>משקה סויה BIO בטעם א</ManufacturerItemDescription><SoldByWeight/><Quantity>250.00</Quantity><UnitOfMeasure>מ"ל</UnitOfMeasure><QtyInPackage>לא ידוע</QtyInPackage><UnitOfMeasurePrice>0.0256</UnitOfMeasurePrice><AllowDiscount>1</AllowDiscount><ItemStatus>1</ItemStatus><ItemPrice>6.40</ItemPrice></item><item><PriceUpdateDate>2016-05-01 10:34:04</PriceUpdateDate><ItemCode>7290014789913</ItemCode><ItemType>1</ItemType><ItemName>מארז שלישיה עוגיות א</ItemName><ManufacturerName>אוראו</ManufacturerName><ManufactureCountry>ספרד</ManufactureCountry><ManufacturerItemDescription>סבון פלמוליב    שחור750מ</ManufacturerItemDescription><SoldByWeight/><Quantity>528.00</Quantity><UnitOfMeasure>גרם     </UnitOfMeasure><QtyInPackage>לא ידוע</QtyInPackage><UnitOfMeasurePrice>0.0472</UnitOfMeasurePrice><AllowDiscount>1</AllowDiscount><ItemStatus>1</ItemStatus><ItemPrice>24.90</ItemPrice></item><item><PriceUpdateDate>2015-02-01 07:15:03</PriceUpdateDate><ItemCode>7290014791558</ItemCode><ItemType>1</ItemType><ItemName>שוופס סודה רביעייה נ</ItemName><ManufacturerName>שוופס</ManufacturerName><ManufactureCountry>ישראל</ManufactureCountry><ManufacturerItemDescription>שוופס סודה רביעייה נ</ManufacturerItemDescription><SoldByWeight/><Quantity>6000.00</Quantity><UnitOfMeasure>מ"ל</UnitOfMeasure><QtyInPackage>לא ידוע</QtyInPackage><UnitOfMeasurePrice>0.0018</UnitOfMeasurePrice><AllowDiscount>1</AllowDiscount><ItemStatus>1</ItemStatus><ItemPrice>11.00</ItemPrice></item><item><PriceUpdateDate>2016-05-31 06:17:10</PriceUpdateDate><ItemCode>7290014791565</ItemCode><ItemType>1</ItemType><ItemName>שוופס ענבים 1.5 ליטר</ItemName><ManufacturerName>שוופס</ManufacturerName><ManufactureCountry>ישראל</ManufactureCountry><ManufacturerItemDescription>שוופס ענבים 1.5 ליטר</ManufacturerItemDescription><SoldByWeight/><Quantity>1500.00</Quantity><UnitOfMeasure>מ"ל</UnitOfMeasure><QtyInPackage>לא ידוע</QtyInPackage><UnitOfMeasurePrice>0.0053</UnitOfMeasurePrice><AllowDiscount>1</AllowDiscount><ItemStatus>1</ItemStatus><ItemPrice>7.90</ItemPrice></item><item><PriceUpdateDate>2016-05-31 06:17:11</PriceUpdateDate><ItemCode>7290014875289</ItemCode><ItemType>1</ItemType><ItemName>טבעול שניצל תרד 99 ק</ItemName><ManufacturerName>טבעול</ManufacturerName><ManufactureCountry>ישראל</ManufactureCountry><ManufacturerItemDescription>שניצל תירס ללא גלוטן 660</ManufacturerItemDescription><SoldByWeight/><Quantity>630.00</Quantity><UnitOfMeasure>גרם     </UnitOfMeasure><QtyInPackage>לא ידוע</QtyInPackage><UnitOfMeasurePrice>0.0522</UnitOfMeasurePrice><AllowDiscount>1</AllowDiscount><ItemStatus>1</ItemStatus><ItemPrice>32.90</ItemPrice></item><item><PriceUpdateDate>2015-11-01 06:57:37</PriceUpdateDate><ItemCode>7290014905177</ItemCode><ItemType>1</ItemType><ItemName>אסטוניש סבון נוזלי ל</ItemName><ManufacturerName>יעקבי</ManufacturerName><ManufactureCountry>ישראל</ManufactureCountry><ManufacturerItemDescription>אסטוניש סבון נוזלי ל</ManufacturerItemDescription><SoldByWeight/><Quantity>500.00</Quantity><UnitOfMeasure>מ"ל</UnitOfMeasure><QtyInPackage>לא ידוע</QtyInPackage><UnitOfMeasurePrice>0.0238</UnitOfMeasurePrice><AllowDiscount>1</AllowDiscount><ItemStatus>1</ItemStatus><ItemPrice>11.90</ItemPrice></item><item><PriceUpdateDate>2016-08-02 09:30:17</PriceUpdateDate><ItemCode>7290014905696</ItemCode><ItemType>1</ItemType><ItemName>מב נוזל כלים הפי צהו</ItemName><ManufacturerName>יעקבי</ManufacturerName><ManufactureCountry>ישראל</ManufactureCountry><ManufacturerItemDescription>מב נוזל כלים הפי צהו</ManufacturerItemDescription><SoldByWeight/><Quantity>750.00</Quantity><UnitOfMeasure>מ"ל</UnitOfMeasure><QtyInPackage>לא ידוע</QtyInPackage><UnitOfMeasurePrice>0.0105</UnitOfMeasurePrice><AllowDiscount>1</AllowDiscount><ItemStatus>1</ItemStatus><ItemPrice>7.90</ItemPrice></item><item><PriceUpdateDate>2015-02-19 06:42:15</PriceUpdateDate><ItemCode>7290014905955</ItemCode><ItemType>1</ItemType><ItemName>ג'ל אסלה סופר מרוכז</ItemName><ManufacturerName>יעקבי</ManufacturerName><ManufactureCountry>ישראל</ManufactureCountry><ManufacturerItemDescription>ג'ל אסלה סופר מרוכז</ManufacturerItemDescription><SoldByWeight/><Quantity>80.00</Quantity><UnitOfMeasure>גרם     </UnitOfMeasure><QtyInPackage>לא ידוע</QtyInPackage><UnitOfMeasurePrice>0.1375</UnitOfMeasurePrice><AllowDiscount>1</AllowDiscount><ItemStatus>1</ItemStatus><ItemPrice>11.00</ItemPrice></item><item><PriceUpdateDate>2016-05-01 10:34:04</PriceUpdateDate><ItemCode>7290014940086</ItemCode><ItemType>1</ItemType><ItemName>הלחמניה להמבורגר</ItemName><ManufacturerName>אנג'ל</ManufacturerName><ManufactureCountry>ישראל</ManufactureCountry><ManufacturerItemDescription>לחמניה להמבורגר 8 יח</ManufacturerItemDescription><SoldByWeight/><Quantity>600.00</Quantity><UnitOfMeasure>גרם     </UnitOfMeasure><QtyInPackage>לא ידוע</QtyInPackage><UnitOfMeasurePrice>0.0247</UnitOfMeasurePrice><AllowDiscount>1</AllowDiscount><ItemStatus>1</ItemStatus><ItemPrice>14.80</ItemPrice></item><item><PriceUpdateDate>2016-02-01 19:33:16</PriceUpdateDate><ItemCode>7290015005418</ItemCode><ItemType>1</ItemType><ItemName>תירס קפוא 800 גרם המ</ItemName><ManufacturerName>"המותג"</ManufacturerName><ManufactureCountry>ישראל</ManufactureCountry><ManufacturerItemDescription>תירס קפוא 800 גרם המ</ManufacturerItemDescription><SoldByWeight/><Quantity>800.00</Quantity><UnitOfMeasure>גרם     </UnitOfMeasure><QtyInPackage>לא ידוע</QtyInPackage><UnitOfMeasurePrice>0.0136</UnitOfMeasurePrice><AllowDiscount>1</AllowDiscount><ItemStatus>1</ItemStatus><ItemPrice>10.90</ItemPrice></item><item><PriceUpdateDate>2016-05-01 10:34:05</PriceUpdateDate><ItemCode>7290015009102</ItemCode><ItemType>1</ItemType><ItemName>עלי טורטייה 20 ס''מ</ItemName><ManufacturerName>לא ממותג</ManufacturerName><ManufactureCountry>ישראל</ManufactureCountry><ManufacturerItemDescription>עלי טורטייה 20 ס''מ</ManufacturerItemDescription><SoldByWeight/><Quantity>360.00</Quantity><UnitOfMeasure>גרם     </UnitOfMeasure><QtyInPackage>לא ידוע</QtyInPackage><UnitOfMeasurePrice>0.0525</UnitOfMeasurePrice><AllowDiscount>1</AllowDiscount><ItemStatus>1</ItemStatus><ItemPrice>18.90</ItemPrice></item><item><PriceUpdateDate>2016-05-01 10:34:05</PriceUpdateDate><ItemCode>7290015009119</ItemCode><ItemType>1</ItemType><ItemName>עלי טורטייה 25 ס''מ</ItemName><ManufacturerName>לא ממותג</ManufacturerName><ManufactureCountry>ישראל</ManufactureCountry><ManufacturerItemDescription>עלי טורטייה 25 ס''מ</ManufacturerItemDescription><SoldByWeight/><Quantity>420.00</Quantity><UnitOfMeasure>גרם     </UnitOfMeasure><QtyInPackage>לא ידוע</QtyInPackage><UnitOfMeasurePrice>0.0426</UnitOfMeasurePrice><AllowDiscount>1</AllowDiscount><ItemStatus>1</ItemStatus><ItemPrice>17.90</ItemPrice></item><item><PriceUpdateDate>2016-08-08 16:08:10</PriceUpdateDate><ItemCode>7290015014267</ItemCode><ItemType>1</ItemType><ItemName>פסיפלורה #</ItemName><ManufacturerName>לא ממותג</ManufacturerName><ManufactureCountry>ישראל</ManufactureCountry><ManufacturerItemDescription>פסיפלורה #</ManufacturerItemDescription><SoldByWeight/><Quantity>1.00</Quantity><UnitOfMeasure>קג</UnitOfMeasure><QtyInPackage>לא ידוע</QtyInPackage><UnitOfMeasurePrice>9.9000</UnitOfMeasurePrice><AllowDiscount>1</AllowDiscount><ItemStatus>1</ItemStatus><ItemPrice>9.90</ItemPrice></item><item><PriceUpdateDate>2016-05-01 10:34:06</PriceUpdateDate><ItemCode>7290015025416</ItemCode><ItemType>1</ItemType><ItemName>טוסו חטיף דגנים עם ק</ItemName><ManufacturerName>טוסו</ManufacturerName><ManufactureCountry>לא ידוע</ManufactureCountry><ManufacturerItemDescription>טוסו חטיף דגנים עם ק</ManufacturerItemDescription><SoldByWeight/><Quantity>120.00</Quantity><UnitOfMeasure>גרם     </UnitOfMeasure><QtyInPackage>לא ידוע</QtyInPackage><UnitOfMeasurePrice>0.1408</UnitOfMeasurePrice><AllowDiscount>1</AllowDiscount><ItemStatus>1</ItemStatus><ItemPrice>16.90</ItemPrice></item><item><PriceUpdateDate>2016-06-28 07:04:53</PriceUpdateDate><ItemCode>7290015039635</ItemCode><ItemType>1</ItemType><ItemName>גבינה פרמז'ן משולש 2</ItemName><ManufacturerName>וילי פוד</ManufacturerName><ManufactureCountry>ישראל</ManufactureCountry><ManufacturerItemDescription>גבינה פרמז'ן משולש 2</ManufacturerItemDescription><SoldByWeight/><Quantity>200.00</Quantity><UnitOfMeasure>גרם     </UnitOfMeasure><QtyInPackage>לא ידוע</QtyInPackage><UnitOfMeasurePrice>0.1285</UnitOfMeasurePrice><AllowDiscount>1</AllowDiscount><ItemStatus>1</ItemStatus><ItemPrice>25.70</ItemPrice></item><item><PriceUpdateDate>2016-05-01 10:34:07</PriceUpdateDate><ItemCode>7290015139281</ItemCode><ItemType>1</ItemType><ItemName>וופל אגו מוקה 130 גר</ItemName><ManufacturerName>אגו</ManufacturerName><ManufactureCountry>ישראל</ManufactureCountry><ManufacturerItemDescription>וופל אגו מוקה 130 גר</ManufacturerItemDescription><SoldByWeight/><Quantity>130.00</Quantity><UnitOfMeasure>גרם     </UnitOfMeasure><QtyInPackage>לא ידוע</QtyInPackage><UnitOfMeasurePrice>0.0762</UnitOfMeasurePrice><AllowDiscount>1</AllowDiscount><ItemStatus>1</ItemStatus><ItemPrice>9.90</ItemPrice></item><item><PriceUpdateDate>2016-05-01 10:34:07</PriceUpdateDate><ItemCode>7290015139298</ItemCode><ItemType>1</ItemType><ItemName>וופל אגו חמאת בוטנים</ItemName><ManufacturerName>אגו</ManufacturerName><ManufactureCountry>ישראל</ManufactureCountry><ManufacturerItemDescription>וופל אגו חמאת בוטנים</ManufacturerItemDescription><SoldByWeight/><Quantity>130.00</Quantity><UnitOfMeasure>גרם     </UnitOfMeasure><QtyInPackage>לא ידוע</QtyInPackage><UnitOfMeasurePrice>0.0762</UnitOfMeasurePrice><AllowDiscount>1</AllowDiscount><ItemStatus>1</ItemStatus><ItemPrice>9.90</ItemPrice></item><item><PriceUpdateDate>2015-12-15 07:04:32</PriceUpdateDate><ItemCode>7290015139328</ItemCode><ItemType>1</ItemType><ItemName>אגו וופל קוביות וניל</ItemName><ManufacturerName>כרמית</ManufacturerName><ManufactureCountry>לא ידוע</ManufactureCountry><ManufacturerItemDescription>אגו וופל קוביות וניל</ManufacturerItemDescription><SoldByWeight/><Quantity>200.00</Quantity><UnitOfMeasure>גרם     </UnitOfMeasure><QtyInPackage>לא ידוע</QtyInPackage><UnitOfMeasurePrice>0.0445</UnitOfMeasurePrice><AllowDiscount>1</AllowDiscount><ItemStatus>1</ItemStatus><ItemPrice>8.90</ItemPrice></item><item><PriceUpdateDate>2016-06-28 07:04:54</PriceUpdateDate><ItemCode>7290015150118</ItemCode><ItemType>1</ItemType><ItemName>עגבניות חתוכות דק 3*</ItemName><ManufacturerName>לא ממותג</ManufacturerName><ManufactureCountry>ישראל</ManufactureCountry><ManufacturerItemDescription>עגבניות חתוכות דק 3*</ManufacturerItemDescription><SoldByWeight/><Quantity>1200.00</Quantity><UnitOfMeasure>גרם     </UnitOfMeasure><QtyInPackage>לא ידוע</QtyInPackage><UnitOfMeasurePrice>0.0166</UnitOfMeasurePrice><AllowDiscount>1</AllowDiscount><ItemStatus>1</ItemStatus><ItemPrice>19.90</ItemPrice></item><item><PriceUpdateDate>2015-11-05 06:52:48</PriceUpdateDate><ItemCode>7290015150637</ItemCode><ItemType>1</ItemType><ItemName>סופר או'ז סנדויץ' שו</ItemName><ManufacturerName>לא ממותג</ManufacturerName><ManufactureCountry>ישראל</ManufactureCountry><ManufacturerItemDescription>סופר או'ז סנדויץ' שו</ManufacturerItemDescription><SoldByWeight/><Quantity>165.00</Quantity><UnitOfMeasure>גרם     </UnitOfMeasure><QtyInPackage>לא ידוע</QtyInPackage><UnitOfMeasurePrice>0.0479</UnitOfMeasurePrice><AllowDiscount>1</AllowDiscount><ItemStatus>1</ItemStatus><ItemPrice>7.90</ItemPrice></item><item><PriceUpdateDate>2015-02-19 06:42:16</PriceUpdateDate><ItemCode>7290015251600</ItemCode><ItemType>1</ItemType><ItemName>נוזל רצפות דוחה חרקי</ItemName><ManufacturerName>"המותג"</ManufacturerName><ManufactureCountry>ישראל</ManufactureCountry><ManufacturerItemDescription>נוזל רצפות דוחה חרקי</ManufacturerItemDescription><SoldByWeight/><Quantity>2000.00</Quantity><UnitOfMeasure>מ"ל</UnitOfMeasure><QtyInPackage>לא ידוע</QtyInPackage><UnitOfMeasurePrice>0.0070</UnitOfMeasurePrice><AllowDiscount>1</AllowDiscount><ItemStatus>1</ItemStatus><ItemPrice>13.90</ItemPrice></item><item><PriceUpdateDate>2015-12-17 06:50:18</PriceUpdateDate><ItemCode>7290015282031</ItemCode><ItemType>1</ItemType><ItemName>חומוס עם חריף 300 גר</ItemName><ManufacturerName>סלטי שמיר</ManufacturerName><ManufactureCountry>ישראל</ManufactureCountry><ManufacturerItemDescription>חומוס עם חריף 300 גר</ManufacturerItemDescription><SoldByWeight/><Quantity>300.00</Quantity><UnitOfMeasure>גרם     </UnitOfMeasure><QtyInPackage>לא ידוע</QtyInPackage><UnitOfMeasurePrice>0.0330</UnitOfMeasurePrice><AllowDiscount>1</AllowDiscount><ItemStatus>1</ItemStatus><ItemPrice>9.90</ItemPrice></item><item><PriceUpdateDate>2016-03-11 08:34:42</PriceUpdateDate><ItemCode>7290015324243</ItemCode><ItemType>1</ItemType><ItemName>כורכום  שקית 250 גרם</ItemName><ManufacturerName>טעם וריח</ManufacturerName><ManufactureCountry>לא ידוע</ManufactureCountry><ManufacturerItemDescription>כורכום  שקית 250 גרם</ManufacturerItemDescription><SoldByWeight/><Quantity>250.00</Quantity><UnitOfMeasure>גרם     </UnitOfMeasure><QtyInPackage>לא ידוע</QtyInPackage><UnitOfMeasurePrice>0.0556</UnitOfMeasurePrice><AllowDiscount>1</AllowDiscount><ItemStatus>1</ItemStatus><ItemPrice>13.90</ItemPrice></item><item><PriceUpdateDate>2016-03-11 08:34:42</PriceUpdateDate><ItemCode>7290015324250</ItemCode><ItemType>1</ItemType><ItemName>פפריקה מרוקאית שקית</ItemName><ManufacturerName>טעם וריח</ManufacturerName><ManufactureCountry>לא ידוע</ManufactureCountry><ManufacturerItemDescription>פפריקה מרוקאית שקית</ManufacturerItemDescription><SoldByWeight/><Quantity>250.00</Quantity><UnitOfMeasure>גרם     </UnitOfMeasure><QtyInPackage>לא ידוע</QtyInPackage><UnitOfMeasurePrice>0.0556</UnitOfMeasurePrice><AllowDiscount>1</AllowDiscount><ItemStatus>1</ItemStatus><ItemPrice>13.90</ItemPrice></item><item><PriceUpdateDate>2016-08-02 09:30:18</PriceUpdateDate><ItemCode>7290015347457</ItemCode><ItemType>1</ItemType><ItemName>מב קינואה שחורה 400</ItemName><ManufacturerName>מיה</ManufacturerName><ManufactureCountry>לא ידוע</ManufactureCountry><ManufacturerItemDescription>מב קינואה שחורה 400</ManufacturerItemDescription><SoldByWeight/><Quantity>400.00</Quantity><UnitOfMeasure>גרם     </UnitOfMeasure><QtyInPackage>לא ידוע</QtyInPackage><UnitOfMeasurePrice>0.0422</UnitOfMeasurePrice><AllowDiscount>1</AllowDiscount><ItemStatus>1</ItemStatus><ItemPrice>16.90</ItemPrice></item><item><PriceUpdateDate>2016-08-02 09:30:18</PriceUpdateDate><ItemCode>7290015347464</ItemCode><ItemType>1</ItemType><ItemName>מב קינואה מעורבת  40</ItemName><ManufacturerName>מיה</ManufacturerName><ManufactureCountry>לא ידוע</ManufactureCountry><ManufacturerItemDescription>מב קינואה מעורבת  40</ManufacturerItemDescription><SoldByWeight/><Quantity>400.00</Quantity><UnitOfMeasure>גרם     </UnitOfMeasure><QtyInPackage>לא ידוע</QtyInPackage><UnitOfMeasurePrice>0.0422</UnitOfMeasurePrice><AllowDiscount>1</AllowDiscount><ItemStatus>1</ItemStatus><ItemPrice>16.90</ItemPrice></item><item><PriceUpdateDate>2015-10-29 07:16:23</PriceUpdateDate><ItemCode>7290015355834</ItemCode><ItemType>1</ItemType><ItemName>מתבל עגבניות היינץ ח</ItemName><ManufacturerName>היינץ</ManufacturerName><ManufactureCountry>לא ידוע</ManufactureCountry><ManufacturerItemDescription>מתבל עגבניות היינץ ח</ManufacturerItemDescription><SoldByWeight/><Quantity>890.00</Quantity><UnitOfMeasure>גרם     </UnitOfMeasure><QtyInPackage>לא ידוע</QtyInPackage><UnitOfMeasurePrice>0.0224</UnitOfMeasurePrice><AllowDiscount>1</AllowDiscount><ItemStatus>1</ItemStatus><ItemPrice>19.90</ItemPrice></item><item><PriceUpdateDate>2016-05-01 10:34:07</PriceUpdateDate><ItemCode>7290015437370</ItemCode><ItemType>1</ItemType><ItemName>דג מקרל ברוטב עגבניו</ItemName><ManufacturerName>תומר</ManufacturerName><ManufactureCountry>ישראל</ManufactureCountry><ManufacturerItemDescription>דג מקרל ברוטב עגבניו</ManufacturerItemDescription><SoldByWeight/><Quantity>185.00</Quantity><UnitOfMeasure>גרם     </UnitOfMeasure><QtyInPackage>לא ידוע</QtyInPackage><UnitOfMeasurePrice>0.0357</UnitOfMeasurePrice><AllowDiscount>1</AllowDiscount><ItemStatus>1</ItemStatus><ItemPrice>6.60</ItemPrice></item><item><PriceUpdateDate>2016-06-28 07:04:55</PriceUpdateDate><ItemCode>7290015437523</ItemCode><ItemType>1</ItemType><ItemName>לה פסטה דפי לזניה 50</ItemName><ManufacturerName>לא ממותג</ManufacturerName><ManufactureCountry>ישראל</ManufactureCountry><ManufacturerItemDescription>לה פסטה דפי לזניה 50</ManufacturerItemDescription><SoldByWeight/><Quantity>500.00</Quantity><UnitOfMeasure>גרם     </UnitOfMeasure><QtyInPackage>לא ידוע</QtyInPackage><UnitOfMeasurePrice>0.0268</UnitOfMeasurePrice><AllowDiscount>1</AllowDiscount><ItemStatus>1</ItemStatus><ItemPrice>13.40</ItemPrice></item><item><PriceUpdateDate>2016-06-28 07:04:55</PriceUpdateDate><ItemCode>7290015597012</ItemCode><ItemType>1</ItemType><ItemName>מב מאגדת מיני מגנום</ItemName><ManufacturerName>מגנום-גלידה</ManufacturerName><ManufactureCountry>ישראל</ManufactureCountry><ManufacturerItemDescription>מאגדת מיני מגנום קרם ברול</ManufacturerItemDescription><SoldByWeight/><Quantity>285.00</Quantity><UnitOfMeasure>גרם     </UnitOfMeasure><QtyInPackage>לא ידוע</QtyInPackage><UnitOfMeasurePrice>0.0874</UnitOfMeasurePrice><AllowDiscount>1</AllowDiscount><ItemStatus>1</ItemStatus><ItemPrice>24.90</ItemPrice></item><item><PriceUpdateDate>2016-03-01 07:01:24</PriceUpdateDate><ItemCode>7290015597234</ItemCode><ItemType>1</ItemType><ItemName>מאגדת  מיני לייט תות</ItemName><ManufacturerName>שטראוס לייט</ManufacturerName><ManufactureCountry>ישראל</ManufactureCountry><ManufacturerItemDescription>מאגדת לייט פרי</ManufacturerItemDescription><SoldByWeight/><Quantity>0.00</Quantity><UnitOfMeasure>גרם     </UnitOfMeasure><QtyInPackage>לא ידוע</QtyInPackage><UnitOfMeasurePrice>0.0000</UnitOfMeasurePrice><AllowDiscount>1</AllowDiscount><ItemStatus>1</ItemStatus><ItemPrice>28.50</ItemPrice></item><item><PriceUpdateDate>2016-08-02 09:30:18</PriceUpdateDate><ItemCode>7290015597258</ItemCode><ItemType>1</ItemType><ItemName>מב מאגדת לייט וניל ע</ItemName><ManufacturerName>שטראוס גלידה</ManufacturerName><ManufactureCountry>ישראל</ManufactureCountry><ManufacturerItemDescription>מב מאגדת לייט וניל ע</ManufacturerItemDescription><SoldByWeight/><Quantity>342.00</Quantity><UnitOfMeasure>גרם     </UnitOfMeasure><QtyInPackage>לא ידוע</QtyInPackage><UnitOfMeasurePrice>0.0582</UnitOfMeasurePrice><AllowDiscount>1</AllowDiscount><ItemStatus>1</ItemStatus><ItemPrice>19.90</ItemPrice></item><item><PriceUpdateDate>2016-03-01 07:01:24</PriceUpdateDate><ItemCode>7290015597326</ItemCode><ItemType>1</ItemType><ItemName>מאגדת  אייס לייט - ק</ItemName><ManufacturerName>שטראוס גלידה</ManufacturerName><ManufactureCountry>ישראל</ManufactureCountry><ManufacturerItemDescription>מאגדת  אייס לייט - ק</ManufacturerItemDescription><SoldByWeight/><Quantity>710.00</Quantity><UnitOfMeasure>גרם     </UnitOfMeasure><QtyInPackage>לא ידוע</QtyInPackage><UnitOfMeasurePrice>0.0393</UnitOfMeasurePrice><AllowDiscount>1</AllowDiscount><ItemStatus>1</ItemStatus><ItemPrice>27.90</ItemPrice></item><item><PriceUpdateDate>2016-06-28 07:04:55</PriceUpdateDate><ItemCode>7290015597333</ItemCode><ItemType>1</ItemType><ItemName>מב מאגדת מיני מגנום</ItemName><ManufacturerName>מגנום-גלידה</ManufacturerName><ManufactureCountry>ישראל</ManufactureCountry><ManufacturerItemDescription>מאגדת מיני מגנום וניל</ManufacturerItemDescription><SoldByWeight/><Quantity>260.00</Quantity><UnitOfMeasure>גרם     </UnitOfMeasure><QtyInPackage>לא ידוע</QtyInPackage><UnitOfMeasurePrice>0.0958</UnitOfMeasurePrice><AllowDiscount>1</AllowDiscount><ItemStatus>1</ItemStatus><ItemPrice>24.90</ItemPrice></item><item><PriceUpdateDate>2016-08-02 09:30:18</PriceUpdateDate><ItemCode>7290015597364</ItemCode><ItemType>1</ItemType><ItemName>מב מאגדת לייט ריבת ח</ItemName><ManufacturerName>שטראוס גלידה</ManufacturerName><ManufactureCountry>ישראל</ManufactureCountry><ManufacturerItemDescription>מב מאגדת לייט ריבת ח</ManufacturerItemDescription><SoldByWeight/><Quantity>330.00</Quantity><UnitOfMeasure>גרם     </UnitOfMeasure><QtyInPackage>לא ידוע</QtyInPackage><UnitOfMeasurePrice>0.0603</UnitOfMeasurePrice><AllowDiscount>1</AllowDiscount><ItemStatus>1</ItemStatus><ItemPrice>19.90</ItemPrice></item><item><PriceUpdateDate>2016-08-02 09:30:19</PriceUpdateDate><ItemCode>7290015781008</ItemCode><ItemType>1</ItemType><ItemName>מב יין מרלו 750 מ"ל</ItemName><ManufacturerName>VISION</ManufacturerName><ManufactureCountry>לא ידוע</ManufactureCountry><ManufacturerItemDescription>מב יין מרלו 750 מ"ל</ManufacturerItemDescription><SoldByWeight/><Quantity>750.00</Quantity><UnitOfMeasure>מ"ל</UnitOfMeasure><QtyInPackage>לא ידוע</QtyInPackage><UnitOfMeasurePrice>0.0439</UnitOfMeasurePrice><AllowDiscount>1</AllowDiscount><ItemStatus>1</ItemStatus><ItemPrice>32.90</ItemPrice></item><item><PriceUpdateDate>2016-08-02 09:30:19</PriceUpdateDate><ItemCode>7290015781107</ItemCode><ItemType>1</ItemType><ItemName>מב יין סנג'ובזה 750</ItemName><ManufacturerName>IMPRESSION</ManufacturerName><ManufactureCountry>לא ידוע</ManufactureCountry><ManufacturerItemDescription>מב יין סנג'ובזה 750</ManufacturerItemDescription><SoldByWeight/><Quantity>750.00</Quantity><UnitOfMeasure>מ"ל</UnitOfMeasure><QtyInPackage>לא ידוע</QtyInPackage><UnitOfMeasurePrice>0.0532</UnitOfMeasurePrice><AllowDiscount>1</AllowDiscount><ItemStatus>1</ItemStatus><ItemPrice>39.90</ItemPrice></item><item><PriceUpdateDate>2016-08-02 09:30:19</PriceUpdateDate><ItemCode>7290015781299</ItemCode><ItemType>1</ItemType><ItemName>מב יין שיראז  750 מ"</ItemName><ManufacturerName>VISION</ManufacturerName><ManufactureCountry>לא ידוע</ManufactureCountry><ManufacturerItemDescription>מב יין שיראז  750 מ"</ManufacturerItemDescription><SoldByWeight/><Quantity>750.00</Quantity><UnitOfMeasure>מ"ל</UnitOfMeasure><QtyInPackage>לא ידוע</QtyInPackage><UnitOfMeasurePrice>0.0439</UnitOfMeasurePrice><AllowDiscount>1</AllowDiscount><ItemStatus>1</ItemStatus><ItemPrice>32.90</ItemPrice></item><item><PriceUpdateDate>2016-07-07 13:56:00</PriceUpdateDate><ItemCode>7290016006209</ItemCode><ItemType>1</ItemType><ItemName>ספרינג  ג'ונגל 1.5 ל</ItemName><ManufacturerName>ספרינג</ManufacturerName><ManufactureCountry>ישראל</ManufactureCountry><ManufacturerItemDescription>ספרינג תפוזים 1.5 ל</ManufacturerItemDescription><SoldByWeight/><Quantity>1500.00</Quantity><UnitOfMeasure>מ"ל</UnitOfMeasure><QtyInPackage>לא ידוע</QtyInPackage><UnitOfMeasurePrice>0.0039</UnitOfMeasurePrice><AllowDiscount>1</AllowDiscount><ItemStatus>1</ItemStatus><ItemPrice>5.90</ItemPrice></item><item><PriceUpdateDate>2016-07-07 13:56:00</PriceUpdateDate><ItemCode>7290016006223</ItemCode><ItemType>1</ItemType><ItemName>ספרינג  ג'ונגל 1.5 ל</ItemName><ManufacturerName>ספרינג</ManufacturerName><ManufactureCountry>ישראל</ManufactureCountry><ManufacturerItemDescription>ספרינג תפוזים 1.5 ל</ManufacturerItemDescription><SoldByWeight/><Quantity>1500.00</Quantity><UnitOfMeasure>מ"ל</UnitOfMeasure><QtyInPackage>לא ידוע</QtyInPackage><UnitOfMeasurePrice>0.0039</UnitOfMeasurePrice><AllowDiscount>1</AllowDiscount><ItemStatus>1</ItemStatus><ItemPrice>5.90</ItemPrice></item><item><PriceUpdateDate>2016-05-01 06:12:09</PriceUpdateDate><ItemCode>7290016006292</ItemCode><ItemType>1</ItemType><ItemName>נקטר ספרינג מנגו בננ</ItemName><ManufacturerName>ספרינג</ManufacturerName><ManufactureCountry>ישראל</ManufactureCountry><ManufacturerItemDescription>ספרינג נקטר תות בננה 1 לק</ManufacturerItemDescription><SoldByWeight/><Quantity>1000.00</Quantity><UnitOfMeasure>מ"ל</UnitOfMeasure><QtyInPackage>לא ידוע</QtyInPackage><UnitOfMeasurePrice>0.0067</UnitOfMeasurePrice><AllowDiscount>1</AllowDiscount><ItemStatus>1</ItemStatus><ItemPrice>6.70</ItemPrice></item><item><PriceUpdateDate>2016-05-31 06:17:15</PriceUpdateDate><ItemCode>7290016006360</ItemCode><ItemType>1</ItemType><ItemName>שוופס מוגז פירות תות</ItemName><ManufacturerName>שוופס</ManufacturerName><ManufactureCountry>ישראל</ManufactureCountry><ManufacturerItemDescription>שוופס פירות אשכולית אדומה</ManufacturerItemDescription><SoldByWeight/><Quantity>1500.00</Quantity><UnitOfMeasure>מ"ל</UnitOfMeasure><QtyInPackage>לא ידוע</QtyInPackage><UnitOfMeasurePrice>0.0053</UnitOfMeasurePrice><AllowDiscount>1</AllowDiscount><ItemStatus>1</ItemStatus><ItemPrice>7.90</ItemPrice></item><item><PriceUpdateDate>2016-06-28 07:04:57</PriceUpdateDate><ItemCode>7290016079258</ItemCode><ItemType>1</ItemType><ItemName>מארז עוגיות אוראו לש</ItemName><ManufacturerName>אוראו</ManufacturerName><ManufactureCountry>ספרד</ManufactureCountry><ManufacturerItemDescription>דפי לזניה       ם</ManufacturerItemDescription><SoldByWeight/><Quantity>396.00</Quantity><UnitOfMeasure>גרם     </UnitOfMeasure><QtyInPackage>לא ידוע</QtyInPackage><UnitOfMeasurePrice>0.0629</UnitOfMeasurePrice><AllowDiscount>1</AllowDiscount><ItemStatus>1</ItemStatus><ItemPrice>24.90</ItemPrice></item><item><PriceUpdateDate>2015-12-17 06:49:27</PriceUpdateDate><ItemCode>7290016087055</ItemCode><ItemType>1</ItemType><ItemName>רסק עגבניות  100 גרם</ItemName><ManufacturerName>לא ממותג</ManufacturerName><ManufactureCountry>ישראל</ManufactureCountry><ManufacturerItemDescription>רסק עגבניות 100 22% גר</ManufacturerItemDescription><SoldByWeight/><Quantity>100.00</Quantity><UnitOfMeasure>גרם     </UnitOfMeasure><QtyInPackage>לא ידוע</QtyInPackage><UnitOfMeasurePrice>0.0190</UnitOfMeasurePrice><AllowDiscount>1</AllowDiscount><ItemStatus>1</ItemStatus><ItemPrice>1.90</ItemPrice></item><item><PriceUpdateDate>2015-12-17 06:49:27</PriceUpdateDate><ItemCode>7290016087062</ItemCode><ItemType>1</ItemType><ItemName>רסק עגבניות 260 גרם</ItemName><ManufacturerName>לא ממותג</ManufacturerName><ManufactureCountry>ישראל</ManufactureCountry><ManufacturerItemDescription>רסק עגבניות 260 22% גרם</ManufacturerItemDescription><SoldByWeight/><Quantity>260.00</Quantity><UnitOfMeasure>גרם     </UnitOfMeasure><QtyInPackage>לא ידוע</QtyInPackage><UnitOfMeasurePrice>0.0146</UnitOfMeasurePrice><AllowDiscount>1</AllowDiscount><ItemStatus>1</ItemStatus><ItemPrice>3.80</ItemPrice></item><item><PriceUpdateDate>2016-08-02 09:30:20</PriceUpdateDate><ItemCode>7290016188301</ItemCode><ItemType>1</ItemType><ItemName>מב יין קונקורד קינג</ItemName><ManufacturerName>קיניג דיוד</ManufacturerName><ManufactureCountry>ישראל</ManufactureCountry><ManufacturerItemDescription>יין קונקורד קינג דיויד 75</ManufacturerItemDescription><SoldByWeight/><Quantity>750.00</Quantity><UnitOfMeasure>מ"ל</UnitOfMeasure><QtyInPackage>לא ידוע</QtyInPackage><UnitOfMeasurePrice>0.0252</UnitOfMeasurePrice><AllowDiscount>1</AllowDiscount><ItemStatus>1</ItemStatus><ItemPrice>18.90</ItemPrice></item><item><PriceUpdateDate>2015-12-03 07:05:36</PriceUpdateDate><ItemCode>7290016270488</ItemCode><ItemType>1</ItemType><ItemName>תרד</ItemName><ManufacturerName>ביכורי קטיף תעשיות</ManufacturerName><ManufactureCountry>לא ידוע</ManufactureCountry><ManufacturerItemDescription>תרד</ManufacturerItemDescription><SoldByWeight/><Quantity>1.00</Quantity><UnitOfMeasure>יח</UnitOfMeasure><QtyInPackage>לא ידוע</QtyInPackage><UnitOfMeasurePrice>10.0000</UnitOfMeasurePrice><AllowDiscount>1</AllowDiscount><ItemStatus>1</ItemStatus><ItemPrice>10.00</ItemPrice></item><item><PriceUpdateDate>2016-07-18 13:37:58</PriceUpdateDate><ItemCode>7290016439014</ItemCode><ItemType>1</ItemType><ItemName>סילאן טבעי משק צור 4</ItemName><ManufacturerName>לא ממותג</ManufacturerName><ManufactureCountry>לא ידוע</ManufactureCountry><ManufacturerItemDescription>סילאן טבעי משק צור 4</ManufacturerItemDescription><SoldByWeight/><Quantity>370.00</Quantity><UnitOfMeasure>גרם     </UnitOfMeasure><QtyInPackage>לא ידוע</QtyInPackage><UnitOfMeasurePrice>0.0727</UnitOfMeasurePrice><AllowDiscount>1</AllowDiscount><ItemStatus>1</ItemStatus><ItemPrice>26.90</ItemPrice></item><item><PriceUpdateDate>2016-05-31 06:17:17</PriceUpdateDate><ItemCode>7290100240632</ItemCode><ItemType>1</ItemType><ItemName>פתית 250 גרם</ItemName><ManufacturerName>פתית</ManufacturerName><ManufactureCountry>ישראל</ManufactureCountry><ManufacturerItemDescription>פתית 250 גרם</ManufacturerItemDescription><SoldByWeight/><Quantity>250.00</Quantity><UnitOfMeasure>גרם     </UnitOfMeasure><QtyInPackage>לא ידוע</QtyInPackage><UnitOfMeasurePrice>0.0708</UnitOfMeasurePrice><AllowDiscount>1</AllowDiscount><ItemStatus>1</ItemStatus><ItemPrice>17.70</ItemPrice></item><item><PriceUpdateDate>2016-05-31 06:17:17</PriceUpdateDate><ItemCode>7290100240656</ItemCode><ItemType>1</ItemType><ItemName>פתית 300 גרם</ItemName><ManufacturerName>פתית</ManufacturerName><ManufactureCountry>ישראל</ManufactureCountry><ManufacturerItemDescription>פתית שיפון 300 גרם</ManufacturerItemDescription><SoldByWeight/><Quantity>300.00</Quantity><UnitOfMeasure>גרם     </UnitOfMeasure><QtyInPackage>לא ידוע</QtyInPackage><UnitOfMeasurePrice>0.0590</UnitOfMeasurePrice><AllowDiscount>1</AllowDiscount><ItemStatus>1</ItemStatus><ItemPrice>17.70</ItemPrice></item><item><PriceUpdateDate>2016-05-31 06:17:17</PriceUpdateDate><ItemCode>7290100243671</ItemCode><ItemType>1</ItemType><ItemName>מרכך כביסה בדין אקסט</ItemName><ManufacturerName>בדין</ManufacturerName><ManufactureCountry>ישראל</ManufactureCountry><ManufacturerItemDescription>מרכך כביסה בדין  960 מ"ל</ManufacturerItemDescription><SoldByWeight/><Quantity>960.00</Quantity><UnitOfMeasure>מ"ל</UnitOfMeasure><QtyInPackage>לא ידוע</QtyInPackage><UnitOfMeasurePrice>0.0176</UnitOfMeasurePrice><AllowDiscount>0</AllowDiscount><ItemStatus>1</ItemStatus><ItemPrice>16.90</ItemPrice></item><item><PriceUpdateDate>2016-05-31 06:17:17</PriceUpdateDate><ItemCode>7290100243688</ItemCode><ItemType>1</ItemType><ItemName>מרכך כביסה בדין אקסט</ItemName><ManufacturerName>בדין</ManufacturerName><ManufactureCountry>ישראל</ManufactureCountry><ManufacturerItemDescription>מרכך כביסה בדין  960 מ"ל</ManufacturerItemDescription><SoldByWeight/><Quantity>960.00</Quantity><UnitOfMeasure>מ"ל</UnitOfMeasure><QtyInPackage>לא ידוע</QtyInPackage><UnitOfMeasurePrice>0.0176</UnitOfMeasurePrice><AllowDiscount>0</AllowDiscount><ItemStatus>1</ItemStatus><ItemPrice>16.90</ItemPrice></item><item><PriceUpdateDate>2016-05-01 10:34:09</PriceUpdateDate><ItemCode>7290100245231</ItemCode><ItemType>1</ItemType><ItemName>מרק נמס בכוס ועוד ט.</ItemName><ManufacturerName>קנור</ManufacturerName><ManufactureCountry>ישראל</ManufactureCountry><ManufacturerItemDescription>מרק נמס בכוס ועוד ט.</ManufacturerItemDescription><SoldByWeight/><Quantity>50.00</Quantity><UnitOfMeasure>גרם     </UnitOfMeasure><QtyInPackage>לא ידוע</QtyInPackage><UnitOfMeasurePrice>0.1660</UnitOfMeasurePrice><AllowDiscount>1</AllowDiscount><ItemStatus>1</ItemStatus><ItemPrice>8.30</ItemPrice></item><item><PriceUpdateDate>2016-08-02 09:30:20</PriceUpdateDate><ItemCode>7290100247051</ItemCode><ItemType>1</ItemType><ItemName>מב תחליב רחצה פינוק</ItemName><ManufacturerName>פינוק</ManufacturerName><ManufactureCountry>ישראל</ManufactureCountry><ManufacturerItemDescription>מב תחליב רחצה פינוק</ManufacturerItemDescription><SoldByWeight/><Quantity>700.00</Quantity><UnitOfMeasure>מ"ל</UnitOfMeasure><QtyInPackage>לא ידוע</QtyInPackage><UnitOfMeasurePrice>0.0141</UnitOfMeasurePrice><AllowDiscount>1</AllowDiscount><ItemStatus>1</ItemStatus><ItemPrice>9.90</ItemPrice></item><item><PriceUpdateDate>2016-05-01 10:34:10</PriceUpdateDate><ItemCode>7290100247785</ItemCode><ItemType>1</ItemType><ItemName>מרק קנור תירס מוקרם</ItemName><ManufacturerName>קנור</ManufacturerName><ManufactureCountry>ישראל</ManufactureCountry><ManufacturerItemDescription>מרק תירס מוקרם 83 גרם</ManufacturerItemDescription><SoldByWeight/><Quantity>79.00</Quantity><UnitOfMeasure>גרם     </UnitOfMeasure><QtyInPackage>לא ידוע</QtyInPackage><UnitOfMeasurePrice>0.1468</UnitOfMeasurePrice><AllowDiscount>1</AllowDiscount><ItemStatus>1</ItemStatus><ItemPrice>11.60</ItemPrice></item><item><PriceUpdateDate>2016-05-01 10:34:10</PriceUpdateDate><ItemCode>7290100247808</ItemCode><ItemType>1</ItemType><ItemName>מרק נמס בכוס אקסטרה</ItemName><ManufacturerName>קנור</ManufacturerName><ManufactureCountry>ישראל</ManufactureCountry><ManufacturerItemDescription>מרק נמס בכוס אקסטרה טעם ע</ManufacturerItemDescription><SoldByWeight/><Quantity>28.00</Quantity><UnitOfMeasure>גרם     </UnitOfMeasure><QtyInPackage>לא ידוע</QtyInPackage><UnitOfMeasurePrice>0.1929</UnitOfMeasurePrice><AllowDiscount>1</AllowDiscount><ItemStatus>1</ItemStatus><ItemPrice>5.40</ItemPrice></item><item><PriceUpdateDate>2016-05-01 10:34:10</PriceUpdateDate><ItemCode>7290100247839</ItemCode><ItemType>1</ItemType><ItemName>מרק נמס בכוס אקסטרה</ItemName><ManufacturerName>קנור</ManufacturerName><ManufactureCountry>ישראל</ManufactureCountry><ManufacturerItemDescription>מרק נמס בכוס אקסטרה ירקות</ManufacturerItemDescription><SoldByWeight/><Quantity>35.00</Quantity><UnitOfMeasure>גרם     </UnitOfMeasure><QtyInPackage>לא ידוע</QtyInPackage><UnitOfMeasurePrice>0.1543</UnitOfMeasurePrice><AllowDiscount>1</AllowDiscount><ItemStatus>1</ItemStatus><ItemPrice>5.40</ItemPrice></item><item><PriceUpdateDate>2016-05-31 06:17:18</PriceUpdateDate><ItemCode>7290100249932</ItemCode><ItemType>1</ItemType><ItemName>דליפקאן בד"צ 400 גרם</ItemName><ManufacturerName>תלמה</ManufacturerName><ManufactureCountry>ישראל</ManufactureCountry><ManufacturerItemDescription>דליפקאן 400 גר בדץ</ManufacturerItemDescription><SoldByWeight/><Quantity>400.00</Quantity><UnitOfMeasure>גרם     </UnitOfMeasure><QtyInPackage>לא ידוע</QtyInPackage><UnitOfMeasurePrice>0.0497</UnitOfMeasurePrice><AllowDiscount>1</AllowDiscount><ItemStatus>1</ItemStatus><ItemPrice>19.90</ItemPrice></item><item><PriceUpdateDate>2016-05-01 10:34:12</PriceUpdateDate><ItemCode>7290100680711</ItemCode><ItemType>1</ItemType><ItemName>פירורית זהב 350 גרם</ItemName><ManufacturerName>פירורית</ManufacturerName><ManufactureCountry>ישראל</ManufactureCountry><ManufacturerItemDescription>פירורית זהב 350 גרם</ManufacturerItemDescription><SoldByWeight/><Quantity>350.00</Quantity><UnitOfMeasure>גרם     </UnitOfMeasure><QtyInPackage>לא ידוע</QtyInPackage><UnitOfMeasurePrice>0.0246</UnitOfMeasurePrice><AllowDiscount>1</AllowDiscount><ItemStatus>1</ItemStatus><ItemPrice>8.60</ItemPrice></item><item><PriceUpdateDate>2016-05-01 10:34:12</PriceUpdateDate><ItemCode>7290100680728</ItemCode><ItemType>1</ItemType><ItemName>פירורית רגילה  350 ג</ItemName><ManufacturerName>פירורית</ManufacturerName><ManufactureCountry>ישראל</ManufactureCountry><ManufacturerItemDescription>פירורית רגילה  350 ג</ManufacturerItemDescription><SoldByWeight/><Quantity>350.00</Quantity><UnitOfMeasure>גרם     </UnitOfMeasure><QtyInPackage>לא ידוע</QtyInPackage><UnitOfMeasurePrice>0.0246</UnitOfMeasurePrice><AllowDiscount>1</AllowDiscount><ItemStatus>1</ItemStatus><ItemPrice>8.60</ItemPrice></item><item><PriceUpdateDate>2016-05-01 10:34:13</PriceUpdateDate><ItemCode>7290100683880</ItemCode><ItemType>1</ItemType><ItemName>פירה 260 גרם</ItemName><ManufacturerName>אסם</ManufacturerName><ManufactureCountry>ישראל</ManufactureCountry><ManufacturerItemDescription>תבשיל פירה 260 גרם</ManufacturerItemDescription><SoldByWeight/><Quantity>260.00</Quantity><UnitOfMeasure>גרם     </UnitOfMeasure><QtyInPackage>לא ידוע</QtyInPackage><UnitOfMeasurePrice>0.0608</UnitOfMeasurePrice><AllowDiscount>1</AllowDiscount><ItemStatus>1</ItemStatus><ItemPrice>15.80</ItemPrice></item><item><PriceUpdateDate>2016-02-26 06:49:20</PriceUpdateDate><ItemCode>7290100687109</ItemCode><ItemType>1</ItemType><ItemName>במבה במילוי נוגט 60</ItemName><ManufacturerName>במבה</ManufacturerName><ManufactureCountry>ישראל</ManufactureCountry><ManufacturerItemDescription>במבה במילוי נוגט 60 גרם</ManufacturerItemDescription><SoldByWeight/><Quantity>60.00</Quantity><UnitOfMeasure>גרם     </UnitOfMeasure><QtyInPackage>לא ידוע</QtyInPackage><UnitOfMeasurePrice>0.0933</UnitOfMeasurePrice><AllowDiscount>1</AllowDiscount><ItemStatus>1</ItemStatus><ItemPrice>5.60</ItemPrice></item><item><PriceUpdateDate>2016-05-01 10:34:14</PriceUpdateDate><ItemCode>7290100689035</ItemCode><ItemType>1</ItemType><ItemName>פייבר וואן 460 גרם</ItemName><ManufacturerName>נסטלה</ManufacturerName><ManufactureCountry>ארצות הברית</ManufactureCountry><ManufacturerItemDescription>ספגטי עתיר סיביםר בסיבים</ManufacturerItemDescription><SoldByWeight/><Quantity>460.00</Quantity><UnitOfMeasure>גרם     </UnitOfMeasure><QtyInPackage>לא ידוע</QtyInPackage><UnitOfMeasurePrice>0.0607</UnitOfMeasurePrice><AllowDiscount>1</AllowDiscount><ItemStatus>1</ItemStatus><ItemPrice>27.90</ItemPrice></item><item><PriceUpdateDate>2016-05-01 10:34:15</PriceUpdateDate><ItemCode>7290100689820</ItemCode><ItemType>1</ItemType><ItemName>מרק עגבניות עם אורז</ItemName><ManufacturerName>אסם</ManufacturerName><ManufactureCountry>ישראל</ManufactureCountry><ManufacturerItemDescription>מרק עגבניות עם אורז</ManufacturerItemDescription><SoldByWeight/><Quantity>0.00</Quantity><UnitOfMeasure>יח'</UnitOfMeasure><QtyInPackage>לא ידוע</QtyInPackage><UnitOfMeasurePrice>0.0000</UnitOfMeasurePrice><AllowDiscount>1</AllowDiscount><ItemStatus>1</ItemStatus><ItemPrice>14.50</ItemPrice></item><item><PriceUpdateDate>2016-08-02 09:30:21</PriceUpdateDate><ItemCode>7290100700020</ItemCode><ItemType>1</ItemType><ItemName>גריסי פנינה 500 גרם</ItemName><ManufacturerName>סוגת</ManufacturerName><ManufactureCountry>ישראל</ManufactureCountry><ManufacturerItemDescription>גריסי פנינה 500 גרם</ManufacturerItemDescription><SoldByWeight/><Quantity>500.00</Quantity><UnitOfMeasure>גרם     </UnitOfMeasure><QtyInPackage>לא ידוע</QtyInPackage><UnitOfMeasurePrice>0.0144</UnitOfMeasurePrice><AllowDiscount>1</AllowDiscount><ItemStatus>1</ItemStatus><ItemPrice>7.20</ItemPrice></item><item><PriceUpdateDate>2016-08-07 20:02:49</PriceUpdateDate><ItemCode>7290100700396</ItemCode><ItemType>1</ItemType><ItemName>אורז יסמין קלאסי 1 ק</ItemName><ManufacturerName>סוגת</ManufacturerName><ManufactureCountry>ישראל</ManufactureCountry><ManufacturerItemDescription>אורז יסמין 1 קג</ManufacturerItemDescription><SoldByWeight/><Quantity>1000.00</Quantity><UnitOfMeasure>גרם     </UnitOfMeasure><QtyInPackage>לא ידוע</QtyInPackage><UnitOfMeasurePrice>0.0149</UnitOfMeasurePrice><AllowDiscount>0</AllowDiscount><ItemStatus>1</ItemStatus><ItemPrice>14.90</ItemPrice></item><item><PriceUpdateDate>2016-06-28 07:05:00</PriceUpdateDate><ItemCode>7290100700587</ItemCode><ItemType>1</ItemType><ItemName>בורגול 500 גרם</ItemName><ManufacturerName>סוגת</ManufacturerName><ManufactureCountry>ישראל</ManufactureCountry><ManufacturerItemDescription>בורגול 500 גרם</ManufacturerItemDescription><SoldByWeight/><Quantity>500.00</Quantity><UnitOfMeasure>גרם     </UnitOfMeasure><QtyInPackage>לא ידוע</QtyInPackage><UnitOfMeasurePrice>0.0154</UnitOfMeasurePrice><AllowDiscount>1</AllowDiscount><ItemStatus>1</ItemStatus><ItemPrice>7.70</ItemPrice></item><item><PriceUpdateDate>2015-01-27 10:34:27</PriceUpdateDate><ItemCode>7290100700853</ItemCode><ItemType>1</ItemType><ItemName>מלח ים גס 300 גרם</ItemName><ManufacturerName>סוגת</ManufacturerName><ManufactureCountry>ישראל</ManufactureCountry><ManufacturerItemDescription>מלח ים גס 300 גרם</ManufacturerItemDescription><SoldByWeight/><Quantity>300.00</Quantity><UnitOfMeasure>גרם     </UnitOfMeasure><QtyInPackage>לא ידוע</QtyInPackage><UnitOfMeasurePrice>0.0170</UnitOfMeasurePrice><AllowDiscount>1</AllowDiscount><ItemStatus>1</ItemStatus><ItemPrice>5.10</ItemPrice></item><item><PriceUpdateDate>2016-08-02 09:30:21</PriceUpdateDate><ItemCode>7290100701454</ItemCode><ItemType>1</ItemType><ItemName>גרישה 500 גרם</ItemName><ManufacturerName>סוגת</ManufacturerName><ManufactureCountry>ישראל</ManufactureCountry><ManufacturerItemDescription>גרישה 500 גרם</ManufacturerItemDescription><SoldByWeight/><Quantity>500.00</Quantity><UnitOfMeasure>גרם     </UnitOfMeasure><QtyInPackage>לא ידוע</QtyInPackage><UnitOfMeasurePrice>0.0144</UnitOfMeasurePrice><AllowDiscount>1</AllowDiscount><ItemStatus>1</ItemStatus><ItemPrice>7.20</ItemPrice></item><item><PriceUpdateDate>2016-05-01 10:34:16</PriceUpdateDate><ItemCode>7290100701577</ItemCode><ItemType>1</ItemType><ItemName>קמח לחם 1 ק"ג</ItemName><ManufacturerName>סוגת</ManufacturerName><ManufactureCountry>ישראל</ManufactureCountry><ManufacturerItemDescription>קמח לחם 1 ק"ג</ManufacturerItemDescription><SoldByWeight/><Quantity>1000.00</Quantity><UnitOfMeasure>גרם     </UnitOfMeasure><QtyInPackage>לא ידוע</QtyInPackage><UnitOfMeasurePrice>0.0089</UnitOfMeasurePrice><AllowDiscount>1</AllowDiscount><ItemStatus>1</ItemStatus><ItemPrice>8.90</ItemPrice></item><item><PriceUpdateDate>2016-05-01 10:34:16</PriceUpdateDate><ItemCode>7290100850008</ItemCode><ItemType>1</ItemType><ItemName>שוקולד פרה עם סוכריו</ItemName><ManufacturerName>פרה</ManufacturerName><ManufactureCountry>ישראל</ManufactureCountry><ManufacturerItemDescription>שוקולד פרה עם סוכריו</ManufacturerItemDescription><SoldByWeight/><Quantity>85.00</Quantity><UnitOfMeasure>גרם     </UnitOfMeasure><QtyInPackage>לא ידוע</QtyInPackage><UnitOfMeasurePrice>0.0812</UnitOfMeasurePrice><AllowDiscount>0</AllowDiscount><ItemStatus>1</ItemStatus><ItemPrice>6.90</ItemPrice></item><item><PriceUpdateDate>2015-10-19 10:39:39</PriceUpdateDate><ItemCode>7290100858226</ItemCode><ItemType>1</ItemType><ItemName>טבלת פסק זמן קלאסי 1</ItemName><ManufacturerName>עלית</ManufacturerName><ManufactureCountry>ישראל</ManufactureCountry><ManufacturerItemDescription>טבלת פסק זמן קלאסי 110 גר</ManufacturerItemDescription><SoldByWeight/><Quantity>110.00</Quantity><UnitOfMeasure>גרם     </UnitOfMeasure><QtyInPackage>לא ידוע</QtyInPackage><UnitOfMeasurePrice>0.0864</UnitOfMeasurePrice><AllowDiscount>1</AllowDiscount><ItemStatus>1</ItemStatus><ItemPrice>9.50</ItemPrice></item><item><PriceUpdateDate>2016-05-31 06:17:20</PriceUpdateDate><ItemCode>7290100858592</ItemCode><ItemType>1</ItemType><ItemName>קקאו עלית 150 גרם</ItemName><ManufacturerName>עלית</ManufacturerName><ManufactureCountry>ישראל</ManufactureCountry><ManufacturerItemDescription>אבקת קקאו עלית 150 גרם</ManufacturerItemDescription><SoldByWeight/><Quantity>150.00</Quantity><UnitOfMeasure>גרם     </UnitOfMeasure><QtyInPackage>לא ידוע</QtyInPackage><UnitOfMeasurePrice>0.0647</UnitOfMeasurePrice><AllowDiscount>1</AllowDiscount><ItemStatus>1</ItemStatus><ItemPrice>9.70</ItemPrice></item><item><PriceUpdateDate>2016-01-18 16:40:16</PriceUpdateDate><ItemCode>7290100859162</ItemCode><ItemType>1</ItemType><ItemName>מאגדת זוג שוקולד פרה</ItemName><ManufacturerName>פרה</ManufacturerName><ManufactureCountry>ישראל</ManufactureCountry><ManufacturerItemDescription>מאגדת זוג שוקולד פרה</ManufacturerItemDescription><SoldByWeight/><Quantity>200.00</Quantity><UnitOfMeasure>גרם     </UnitOfMeasure><QtyInPackage>לא ידוע</QtyInPackage><UnitOfMeasurePrice>0.0795</UnitOfMeasurePrice><AllowDiscount>1</AllowDiscount><ItemStatus>1</ItemStatus><ItemPrice>15.90</ItemPrice></item><item><PriceUpdateDate>2016-02-08 14:14:17</PriceUpdateDate><ItemCode>7290100921593</ItemCode><ItemType>1</ItemType><ItemName>סוד סבון אסלה לימון</ItemName><ManufacturerName>סוד</ManufacturerName><ManufactureCountry>ישראל</ManufactureCountry><ManufacturerItemDescription>סוד סבון אסלה לימון</ManufacturerItemDescription><SoldByWeight/><Quantity>50.00</Quantity><UnitOfMeasure>מ"ל</UnitOfMeasure><QtyInPackage>לא ידוע</QtyInPackage><UnitOfMeasurePrice>0.1980</UnitOfMeasurePrice><AllowDiscount>1</AllowDiscount><ItemStatus>1</ItemStatus><ItemPrice>9.90</ItemPrice></item><item><PriceUpdateDate>2016-02-08 14:14:17</PriceUpdateDate><ItemCode>7290100921623</ItemCode><ItemType>1</ItemType><ItemName>סוד סבון אסלה אקונומ</ItemName><ManufacturerName>סוד</ManufacturerName><ManufactureCountry>ישראל</ManufactureCountry><ManufacturerItemDescription>סוד סבון אסלה אקונומ</ManufacturerItemDescription><SoldByWeight/><Quantity>50.00</Quantity><UnitOfMeasure>מ"ל</UnitOfMeasure><QtyInPackage>לא ידוע</QtyInPackage><UnitOfMeasurePrice>0.1980</UnitOfMeasurePrice><AllowDiscount>1</AllowDiscount><ItemStatus>1</ItemStatus><ItemPrice>9.90</ItemPrice></item><item><PriceUpdateDate>2016-05-01 06:12:13</PriceUpdateDate><ItemCode>7290100929889</ItemCode><ItemType>1</ItemType><ItemName>ג'ל כביסה פרסיל לבנד</ItemName><ManufacturerName>פרסיל</ManufacturerName><ManufactureCountry>ישראל</ManufactureCountry><ManufacturerItemDescription>ג'ל כביסה פרסיל לבנד</ManufacturerItemDescription><SoldByWeight/><Quantity>3000.00</Quantity><UnitOfMeasure>מ"ל</UnitOfMeasure><QtyInPackage>לא ידוע</QtyInPackage><UnitOfMeasurePrice>0.0110</UnitOfMeasurePrice><AllowDiscount>1</AllowDiscount><ItemStatus>1</ItemStatus><ItemPrice>32.90</ItemPrice></item><item><PriceUpdateDate>2015-11-10 07:33:18</PriceUpdateDate><ItemCode>7290101450283</ItemCode><ItemType>1</ItemType><ItemName>שקית 50 פסטל</ItemName><ManufacturerName>שמחה זה אנחנו</ManufacturerName><ManufactureCountry>ישראל</ManufactureCountry><ManufacturerItemDescription>שקית 50 פסטל</ManufacturerItemDescription><SoldByWeight/><Quantity>0.00</Quantity><UnitOfMeasure>יח'</UnitOfMeasure><QtyInPackage>לא ידוע</QtyInPackage><UnitOfMeasurePrice>0.0000</UnitOfMeasurePrice><AllowDiscount>1</AllowDiscount><ItemStatus>1</ItemStatus><ItemPrice>14.20</ItemPrice></item><item><PriceUpdateDate>2015-01-27 10:35:24</PriceUpdateDate><ItemCode>7290101451020</ItemCode><ItemType>1</ItemType><ItemName>שקיות 20 מטלי</ItemName><ManufacturerName>שמחה זה אנחנו</ManufacturerName><ManufactureCountry>ישראל</ManufactureCountry><ManufacturerItemDescription>שקיות 20 מטלי</ManufacturerItemDescription><SoldByWeight/><Quantity>0.00</Quantity><UnitOfMeasure>יח'</UnitOfMeasure><QtyInPackage>לא ידוע</QtyInPackage><UnitOfMeasurePrice>0.0000</UnitOfMeasurePrice><AllowDiscount>1</AllowDiscount><ItemStatus>1</ItemStatus><ItemPrice>12.80</ItemPrice></item><item><PriceUpdateDate>2016-05-20 06:39:46</PriceUpdateDate><ItemCode>7290101501374</ItemCode><ItemType>3</ItemType><ItemName>דלעת ארוזה</ItemName><ManufacturerName>.N.Y.C</ManufacturerName><ManufactureCountry>ישראל</ManufactureCountry><ManufacturerItemDescription>דלעת ארוזה</ManufacturerItemDescription><SoldByWeight/><Quantity>1.00</Quantity><UnitOfMeasure>ק"ג</UnitOfMeasure><QtyInPackage>לא ידוע</QtyInPackage><UnitOfMeasurePrice>9.9000</UnitOfMeasurePrice><AllowDiscount>1</AllowDiscount><ItemStatus>1</ItemStatus><ItemPrice>9.90</ItemPrice></item><item><PriceUpdateDate>2016-08-02 09:30:23</PriceUpdateDate><ItemCode>7290101863410</ItemCode><ItemType>1</ItemType><ItemName>מב סיליט באנג ספריי</ItemName><ManufacturerName>סיליט באנג</ManufacturerName><ManufactureCountry>פולין</ManufactureCountry><ManufacturerItemDescription>מב סיליט באנג ספריי</ManufacturerItemDescription><SoldByWeight/><Quantity>750.00</Quantity><UnitOfMeasure>מ"ל</UnitOfMeasure><QtyInPackage>לא ידוע</QtyInPackage><UnitOfMeasurePrice>0.0145</UnitOfMeasurePrice><AllowDiscount>1</AllowDiscount><ItemStatus>1</ItemStatus><ItemPrice>10.90</ItemPrice></item><item><PriceUpdateDate>2016-05-31 06:17:23</PriceUpdateDate><ItemCode>7290101864127</ItemCode><ItemType>1</ItemType><ItemName>קליה אוקסי ספריי 750</ItemName><ManufacturerName>קליה</ManufacturerName><ManufactureCountry>פולין</ManufactureCountry><ManufacturerItemDescription>קליה אוקסי ספריי 750</ManufacturerItemDescription><SoldByWeight/><Quantity>750.00</Quantity><UnitOfMeasure>מ"ל</UnitOfMeasure><QtyInPackage>לא ידוע</QtyInPackage><UnitOfMeasurePrice>0.0265</UnitOfMeasurePrice><AllowDiscount>1</AllowDiscount><ItemStatus>1</ItemStatus><ItemPrice>19.90</ItemPrice></item><item><PriceUpdateDate>2016-06-28 07:05:05</PriceUpdateDate><ItemCode>7290101865261</ItemCode><ItemType>1</ItemType><ItemName>מב פיניש נוזל הברקה</ItemName><ManufacturerName>פיניש</ManufacturerName><ManufactureCountry>פולין</ManufactureCountry><ManufacturerItemDescription>מב פיניש נוזל הברקה</ManufacturerItemDescription><SoldByWeight/><Quantity>800.00</Quantity><UnitOfMeasure>מ"ל</UnitOfMeasure><QtyInPackage>לא ידוע</QtyInPackage><UnitOfMeasurePrice>0.0324</UnitOfMeasurePrice><AllowDiscount>1</AllowDiscount><ItemStatus>1</ItemStatus><ItemPrice>25.90</ItemPrice></item><item><PriceUpdateDate>2016-05-31 06:17:23</PriceUpdateDate><ItemCode>7290101866176</ItemCode><ItemType>1</ItemType><ItemName>ג'ל כביסה קולון 101</ItemName><ManufacturerName>קולון</ManufacturerName><ManufactureCountry>ישראל</ManufactureCountry><ManufacturerItemDescription>גל כביסה קולון 3 101 ליטר</ManufacturerItemDescription><SoldByWeight/><Quantity>3000.00</Quantity><UnitOfMeasure>גרם     </UnitOfMeasure><QtyInPackage>לא ידוע</QtyInPackage><UnitOfMeasurePrice>0.0086</UnitOfMeasurePrice><AllowDiscount>1</AllowDiscount><ItemStatus>1</ItemStatus><ItemPrice>25.90</ItemPrice></item><item><PriceUpdateDate>2016-05-01 10:34:23</PriceUpdateDate><ItemCode>7290102032259</ItemCode><ItemType>1</ItemType><ItemName>טבלת פסק זמן קלאסי מ</ItemName><ManufacturerName>עלית</ManufacturerName><ManufactureCountry>ישראל</ManufactureCountry><ManufacturerItemDescription>טבלת פסק זמן קלאסי מ</ManufacturerItemDescription><SoldByWeight/><Quantity>110.00</Quantity><UnitOfMeasure>גרם     </UnitOfMeasure><QtyInPackage>לא ידוע</QtyInPackage><UnitOfMeasurePrice>0.0864</UnitOfMeasurePrice><AllowDiscount>1</AllowDiscount><ItemStatus>1</ItemStatus><ItemPrice>9.50</ItemPrice></item><item><PriceUpdateDate>2016-01-14 06:54:42</PriceUpdateDate><ItemCode>7290102035007</ItemCode><ItemType>1</ItemType><ItemName>מסטיק מאסט בזוקה 28</ItemName><ManufacturerName>מאסט</ManufacturerName><ManufactureCountry>ישראל</ManufactureCountry><ManufacturerItemDescription>מסטיק מאסט בטעם בזוקה</ManufacturerItemDescription><SoldByWeight/><Quantity>28.00</Quantity><UnitOfMeasure>גרם     </UnitOfMeasure><QtyInPackage>לא ידוע</QtyInPackage><UnitOfMeasurePrice>0.1607</UnitOfMeasurePrice><AllowDiscount>1</AllowDiscount><ItemStatus>1</ItemStatus><ItemPrice>4.50</ItemPrice></item><item><PriceUpdateDate>2015-02-06 06:48:33</PriceUpdateDate><ItemCode>7290102051014</ItemCode><ItemType>1</ItemType><ItemName>נורת ליבון בהיר 60V</ItemName><ManufacturerName>לא ממותג</ManufacturerName><ManufactureCountry>ישראל</ManufactureCountry><ManufacturerItemDescription>נורת ליבון בהיר 60V</ManufacturerItemDescription><SoldByWeight/><Quantity>1.00</Quantity><UnitOfMeasure>יח'</UnitOfMeasure><QtyInPackage>לא ידוע</QtyInPackage><UnitOfMeasurePrice>2.5000</UnitOfMeasurePrice><AllowDiscount>1</AllowDiscount><ItemStatus>1</ItemStatus><ItemPrice>2.50</ItemPrice></item><item><PriceUpdateDate>2016-05-01 06:12:16</PriceUpdateDate><ItemCode>7290102060979</ItemCode><ItemType>1</ItemType><ItemName>משחת שיניים אלמקס מש</ItemName><ManufacturerName>אלמקס</ManufacturerName><ManufactureCountry>פולין</ManufactureCountry><ManufacturerItemDescription>דוגלי בשר וכבד  1 ק"ג</ManufacturerItemDescription><SoldByWeight/><Quantity>100.00</Quantity><UnitOfMeasure>מ"ל</UnitOfMeasure><QtyInPackage>לא ידוע</QtyInPackage><UnitOfMeasurePrice>0.1880</UnitOfMeasurePrice><AllowDiscount>1</AllowDiscount><ItemStatus>1</ItemStatus><ItemPrice>18.80</ItemPrice></item><item><PriceUpdateDate>2016-05-01 06:12:16</PriceUpdateDate><ItemCode>7290102300822</ItemCode><ItemType>1</ItemType><ItemName>צ'דר אנגלי כתום 200</ItemName><ManufacturerName>פיירי</ManufacturerName><ManufactureCountry>לא ידוע</ManufactureCountry><ManufacturerItemDescription>צ'דר אנגלי כתום 200</ManufacturerItemDescription><SoldByWeight/><Quantity>200.00</Quantity><UnitOfMeasure>גרם     </UnitOfMeasure><QtyInPackage>לא ידוע</QtyInPackage><UnitOfMeasurePrice>0.1170</UnitOfMeasurePrice><AllowDiscount>1</AllowDiscount><ItemStatus>1</ItemStatus><ItemPrice>23.40</ItemPrice></item><item><PriceUpdateDate>2016-05-01 06:12:16</PriceUpdateDate><ItemCode>7290102300860</ItemCode><ItemType>1</ItemType><ItemName>צ'דר אנגלי 200 גרם</ItemName><ManufacturerName>נטו סחר</ManufacturerName><ManufactureCountry>לא ידוע</ManufactureCountry><ManufacturerItemDescription>צ'דר אנגלי 200 גרם</ManufacturerItemDescription><SoldByWeight/><Quantity>200.00</Quantity><UnitOfMeasure>גרם     </UnitOfMeasure><QtyInPackage>לא ידוע</QtyInPackage><UnitOfMeasurePrice>0.1170</UnitOfMeasurePrice><AllowDiscount>1</AllowDiscount><ItemStatus>1</ItemStatus><ItemPrice>23.40</ItemPrice></item><item><PriceUpdateDate>2015-10-11 06:44:11</PriceUpdateDate><ItemCode>7290102390427</ItemCode><ItemType>1</ItemType><ItemName>יוגורט פרופתות מולר</ItemName><ManufacturerName>מולר</ManufacturerName><ManufactureCountry>ישראל</ManufactureCountry><ManufacturerItemDescription>פרופ תות מולר 150 מל</ManufacturerItemDescription><SoldByWeight/><Quantity>150.00</Quantity><UnitOfMeasure>מ"ל</UnitOfMeasure><QtyInPackage>לא ידוע</QtyInPackage><UnitOfMeasurePrice>0.0367</UnitOfMeasurePrice><AllowDiscount>1</AllowDiscount><ItemStatus>1</ItemStatus><ItemPrice>5.50</ItemPrice></item><item><PriceUpdateDate>2015-10-11 06:44:11</PriceUpdateDate><ItemCode>7290102390465</ItemCode><ItemType>1</ItemType><ItemName>יוגורט פרופאפרסק ופס</ItemName><ManufacturerName>מולר</ManufacturerName><ManufactureCountry>ישראל</ManufactureCountry><ManufacturerItemDescription>פרופ אפרסק פסיפלורה מולר</ManufacturerItemDescription><SoldByWeight/><Quantity>150.00</Quantity><UnitOfMeasure>מ"ל</UnitOfMeasure><QtyInPackage>לא ידוע</QtyInPackage><UnitOfMeasurePrice>0.0367</UnitOfMeasurePrice><AllowDiscount>1</AllowDiscount><ItemStatus>1</ItemStatus><ItemPrice>5.50</ItemPrice></item><item><PriceUpdateDate>2015-10-11 06:44:11</PriceUpdateDate><ItemCode>7290102390489</ItemCode><ItemType>1</ItemType><ItemName>יוגורט פרופלימון מול</ItemName><ManufacturerName>מולר</ManufacturerName><ManufactureCountry>ישראל</ManufactureCountry><ManufacturerItemDescription>פרופ לימון מולר 150 מל</ManufacturerItemDescription><SoldByWeight/><Quantity>150.00</Quantity><UnitOfMeasure>מ"ל</UnitOfMeasure><QtyInPackage>לא ידוע</QtyInPackage><UnitOfMeasurePrice>0.0367</UnitOfMeasurePrice><AllowDiscount>1</AllowDiscount><ItemStatus>1</ItemStatus><ItemPrice>5.50</ItemPrice></item><item><PriceUpdateDate>2015-10-11 06:44:11</PriceUpdateDate><ItemCode>7290102391844</ItemCode><ItemType>1</ItemType><ItemName>יוגורט פרופ פירות יע</ItemName><ManufacturerName>מולר</ManufacturerName><ManufactureCountry>ישראל</ManufactureCountry><ManufacturerItemDescription>פרופ פירות יער מולר 150</ManufacturerItemDescription><SoldByWeight/><Quantity>150.00</Quantity><UnitOfMeasure>מ"ל</UnitOfMeasure><QtyInPackage>לא ידוע</QtyInPackage><UnitOfMeasurePrice>0.0367</UnitOfMeasurePrice><AllowDiscount>1</AllowDiscount><ItemStatus>1</ItemStatus><ItemPrice>5.50</ItemPrice></item><item><PriceUpdateDate>2016-05-01 06:12:17</PriceUpdateDate><ItemCode>7290102392094</ItemCode><ItemType>1</ItemType><ItemName>חלב עיזים צוריאל 1 ל</ItemName><ManufacturerName>משק צוריאל</ManufacturerName><ManufactureCountry>ישראל</ManufactureCountry><ManufacturerItemDescription>חלב עיזים 1 ליטר קרטון</ManufacturerItemDescription><SoldByWeight/><Quantity>1000.00</Quantity><UnitOfMeasure>מ"ל</UnitOfMeasure><QtyInPackage>לא ידוע</QtyInPackage><UnitOfMeasurePrice>0.0175</UnitOfMeasurePrice><AllowDiscount>0</AllowDiscount><ItemStatus>1</ItemStatus><ItemPrice>17.50</ItemPrice></item><item><PriceUpdateDate>2015-10-11 06:44:11</PriceUpdateDate><ItemCode>7290102393039</ItemCode><ItemType>1</ItemType><ItemName>מולר מיקס פצפוצי שוק</ItemName><ManufacturerName>מולר</ManufacturerName><ManufactureCountry>ישראל</ManufactureCountry><ManufacturerItemDescription>יוגורט מולר מיקס פצפוצי ש</ManufacturerItemDescription><SoldByWeight/><Quantity>150.00</Quantity><UnitOfMeasure>גרם     </UnitOfMeasure><QtyInPackage>לא ידוע</QtyInPackage><UnitOfMeasurePrice>0.0420</UnitOfMeasurePrice><AllowDiscount>0</AllowDiscount><ItemStatus>1</ItemStatus><ItemPrice>6.30</ItemPrice></item><item><PriceUpdateDate>2015-10-11 06:44:11</PriceUpdateDate><ItemCode>7290102393060</ItemCode><ItemType>1</ItemType><ItemName>מולר מיקס גליליות קר</ItemName><ManufacturerName>מולר</ManufacturerName><ManufactureCountry>ישראל</ManufactureCountry><ManufacturerItemDescription>יוגורט קרם אגוזים מולר מי</ManufacturerItemDescription><SoldByWeight/><Quantity>150.00</Quantity><UnitOfMeasure>גרם     </UnitOfMeasure><QtyInPackage>לא ידוע</QtyInPackage><UnitOfMeasurePrice>0.0420</UnitOfMeasurePrice><AllowDiscount>0</AllowDiscount><ItemStatus>1</ItemStatus><ItemPrice>6.30</ItemPrice></item><item><PriceUpdateDate>2015-10-11 06:44:11</PriceUpdateDate><ItemCode>7290102393169</ItemCode><ItemType>1</ItemType><ItemName>מולר תות 3% 150 גרם</ItemName><ManufacturerName>מולר</ManufacturerName><ManufactureCountry>ישראל</ManufactureCountry><ManufacturerItemDescription>יוגורט סימפלי תות 150 3%</ManufacturerItemDescription><SoldByWeight/><Quantity>150.00</Quantity><UnitOfMeasure>גרם     </UnitOfMeasure><QtyInPackage>לא ידוע</QtyInPackage><UnitOfMeasurePrice>0.0360</UnitOfMeasurePrice><AllowDiscount>1</AllowDiscount><ItemStatus>1</ItemStatus><ItemPrice>5.40</ItemPrice></item><item><PriceUpdateDate>2015-10-11 06:44:11</PriceUpdateDate><ItemCode>7290102393176</ItemCode><ItemType>1</ItemType><ItemName>מולר אפרסק 3% 150 גר</ItemName><ManufacturerName>מולר</ManufacturerName><ManufactureCountry>ישראל</ManufactureCountry><ManufacturerItemDescription>מולר אפרסק 3% 150 גר</ManufacturerItemDescription><SoldByWeight/><Quantity>150.00</Quantity><UnitOfMeasure>גרם     </UnitOfMeasure><QtyInPackage>לא ידוע</QtyInPackage><UnitOfMeasurePrice>0.0360</UnitOfMeasurePrice><AllowDiscount>1</AllowDiscount><ItemStatus>1</ItemStatus><ItemPrice>5.40</ItemPrice></item><item><PriceUpdateDate>2015-10-11 06:44:12</PriceUpdateDate><ItemCode>7290102393190</ItemCode><ItemType>1</ItemType><ItemName>מולר פירות יער 3% 15</ItemName><ManufacturerName>מולר</ManufacturerName><ManufactureCountry>ישראל</ManufactureCountry><ManufacturerItemDescription>יוגורט סימפלי פירות יער</ManufacturerItemDescription><SoldByWeight/><Quantity>150.00</Quantity><UnitOfMeasure>גרם     </UnitOfMeasure><QtyInPackage>לא ידוע</QtyInPackage><UnitOfMeasurePrice>0.0360</UnitOfMeasurePrice><AllowDiscount>1</AllowDiscount><ItemStatus>1</ItemStatus><ItemPrice>5.40</ItemPrice></item><item><PriceUpdateDate>2016-03-29 07:51:46</PriceUpdateDate><ItemCode>7290102393299</ItemCode><ItemType>1</ItemType><ItemName>יוגורט עיזים לשתיה 5</ItemName><ManufacturerName>משק צוריאל</ManufacturerName><ManufactureCountry>ישראל</ManufactureCountry><ManufacturerItemDescription>יוגורט עיזים לשתיה 500 מל</ManufacturerItemDescription><SoldByWeight/><Quantity>500.00</Quantity><UnitOfMeasure>גרם     </UnitOfMeasure><QtyInPackage>לא ידוע</QtyInPackage><UnitOfMeasurePrice>0.0278</UnitOfMeasurePrice><AllowDiscount>1</AllowDiscount><ItemStatus>1</ItemStatus><ItemPrice>13.90</ItemPrice></item><item><PriceUpdateDate>2015-10-19 10:44:45</PriceUpdateDate><ItemCode>7290102393848</ItemCode><ItemType>1</ItemType><ItemName>יוגורט עיזים עם תות</ItemName><ManufacturerName>משק צוריאל</ManufacturerName><ManufactureCountry>ישראל</ManufactureCountry><ManufacturerItemDescription>יוגורט עיזים תות 150 גר</ManufacturerItemDescription><SoldByWeight/><Quantity>150.00</Quantity><UnitOfMeasure>גרם     </UnitOfMeasure><QtyInPackage>לא ידוע</QtyInPackage><UnitOfMeasurePrice>0.0460</UnitOfMeasurePrice><AllowDiscount>0</AllowDiscount><ItemStatus>1</ItemStatus><ItemPrice>6.90</ItemPrice></item><item><PriceUpdateDate>2015-10-19 10:44:45</PriceUpdateDate><ItemCode>7290102393855</ItemCode><ItemType>1</ItemType><ItemName>יוגורט עיזים עם אפרס</ItemName><ManufacturerName>משק צוריאל</ManufacturerName><ManufactureCountry>ישראל</ManufactureCountry><ManufacturerItemDescription>יוגורט עיזים אפרסק 150 גר</ManufacturerItemDescription><SoldByWeight/><Quantity>150.00</Quantity><UnitOfMeasure>גרם     </UnitOfMeasure><QtyInPackage>לא ידוע</QtyInPackage><UnitOfMeasurePrice>0.0460</UnitOfMeasurePrice><AllowDiscount>0</AllowDiscount><ItemStatus>1</ItemStatus><ItemPrice>6.90</ItemPrice></item><item><PriceUpdateDate>2015-11-10 07:33:19</PriceUpdateDate><ItemCode>7290102394326</ItemCode><ItemType>1</ItemType><ItemName>בולגרית 5% 250 גרם א</ItemName><ManufacturerName>משק צוריאל</ManufacturerName><ManufactureCountry>ישראל</ManufactureCountry><ManufacturerItemDescription>בולגרית 5% 250 גרם א</ManufacturerItemDescription><SoldByWeight/><Quantity>250.00</Quantity><UnitOfMeasure>גרם     </UnitOfMeasure><QtyInPackage>לא ידוע</QtyInPackage><UnitOfMeasurePrice>0.0736</UnitOfMeasurePrice><AllowDiscount>1</AllowDiscount><ItemStatus>1</ItemStatus><ItemPrice>18.40</ItemPrice></item><item><PriceUpdateDate>2016-08-02 09:30:23</PriceUpdateDate><ItemCode>7290102394821</ItemCode><ItemType>1</ItemType><ItemName>מב גבינה צהובה דקדק</ItemName><ManufacturerName>ג.נ'עם</ManufacturerName><ManufactureCountry>ישראל</ManufactureCountry><ManufacturerItemDescription>גבינה צהובה דקדק 200 28%</ManufacturerItemDescription><SoldByWeight/><Quantity>200.00</Quantity><UnitOfMeasure>גרם     </UnitOfMeasure><QtyInPackage>לא ידוע</QtyInPackage><UnitOfMeasurePrice>0.0645</UnitOfMeasurePrice><AllowDiscount>1</AllowDiscount><ItemStatus>1</ItemStatus><ItemPrice>12.90</ItemPrice></item><item><PriceUpdateDate>2015-10-13 06:51:38</PriceUpdateDate><ItemCode>7290102394845</ItemCode><ItemType>1</ItemType><ItemName>גבינה צהובה דקדק 9%</ItemName><ManufacturerName>ג.נ'עם</ManufacturerName><ManufactureCountry>ישראל</ManufactureCountry><ManufacturerItemDescription>גבינה צהובה200 9% גרם דק</ManufacturerItemDescription><SoldByWeight/><Quantity>200.00</Quantity><UnitOfMeasure>גרם     </UnitOfMeasure><QtyInPackage>לא ידוע</QtyInPackage><UnitOfMeasurePrice>0.0855</UnitOfMeasurePrice><AllowDiscount>1</AllowDiscount><ItemStatus>1</ItemStatus><ItemPrice>17.10</ItemPrice></item><item><PriceUpdateDate>2015-10-11 06:44:12</PriceUpdateDate><ItemCode>7290102395224</ItemCode><ItemType>1</ItemType><ItemName>מאגדת מולר ביאנקו נט</ItemName><ManufacturerName>מולר</ManufacturerName><ManufactureCountry>ישראל</ManufactureCountry><ManufacturerItemDescription>מאגדת מולר ביאנקו נט</ManufacturerItemDescription><SoldByWeight/><Quantity>1200.00</Quantity><UnitOfMeasure>גרם     </UnitOfMeasure><QtyInPackage>לא ידוע</QtyInPackage><UnitOfMeasurePrice>0.0154</UnitOfMeasurePrice><AllowDiscount>1</AllowDiscount><ItemStatus>1</ItemStatus><ItemPrice>18.50</ItemPrice></item><item><PriceUpdateDate>2015-10-11 06:44:12</PriceUpdateDate><ItemCode>7290102395231</ItemCode><ItemType>1</ItemType><ItemName>מאגדת מולר ביאנקו נט</ItemName><ManufacturerName>מולר</ManufacturerName><ManufactureCountry>ישראל</ManufactureCountry><ManufacturerItemDescription>מאגדת מולר ביאנקו נט</ManufacturerItemDescription><SoldByWeight/><Quantity>1200.00</Quantity><UnitOfMeasure>גרם     </UnitOfMeasure><QtyInPackage>לא ידוע</QtyInPackage><UnitOfMeasurePrice>0.0154</UnitOfMeasurePrice><AllowDiscount>1</AllowDiscount><ItemStatus>1</ItemStatus><ItemPrice>18.50</ItemPrice></item><item><PriceUpdateDate>2015-10-19 10:44:46</PriceUpdateDate><ItemCode>7290102395378</ItemCode><ItemType>1</ItemType><ItemName>גבינה צהובה וואקום 2</ItemName><ManufacturerName>ג.נ'עם</ManufacturerName><ManufactureCountry>ישראל</ManufactureCountry><ManufacturerItemDescription>גבינה צהובה 360 28% גרם</ManufacturerItemDescription><SoldByWeight/><Quantity>360.00</Quantity><UnitOfMeasure>גרם     </UnitOfMeasure><QtyInPackage>לא ידוע</QtyInPackage><UnitOfMeasurePrice>0.0592</UnitOfMeasurePrice><AllowDiscount>1</AllowDiscount><ItemStatus>1</ItemStatus><ItemPrice>21.30</ItemPrice></item><item><PriceUpdateDate>2015-10-11 06:44:12</PriceUpdateDate><ItemCode>7290102396047</ItemCode><ItemType>1</ItemType><ItemName>מולר אננס  1.5% 150</ItemName><ManufacturerName>מולר</ManufacturerName><ManufactureCountry>ישראל</ManufactureCountry><ManufacturerItemDescription>יוגורט סימפלי אננס 150 1.</ManufacturerItemDescription><SoldByWeight/><Quantity>150.00</Quantity><UnitOfMeasure>גרם     </UnitOfMeasure><QtyInPackage>לא ידוע</QtyInPackage><UnitOfMeasurePrice>0.0360</UnitOfMeasurePrice><AllowDiscount>1</AllowDiscount><ItemStatus>1</ItemStatus><ItemPrice>5.40</ItemPrice></item><item><PriceUpdateDate>2015-10-29 07:16:23</PriceUpdateDate><ItemCode>7290102396665</ItemCode><ItemType>1</ItemType><ItemName>גבינה צהובה נעם דקדק</ItemName><ManufacturerName>ג.נ'עם</ManufacturerName><ManufactureCountry>ישראל</ManufactureCountry><ManufacturerItemDescription>גבינה צהובה דקדק 200 28%</ManufacturerItemDescription><SoldByWeight/><Quantity>200.00</Quantity><UnitOfMeasure>גרם     </UnitOfMeasure><QtyInPackage>לא ידוע</QtyInPackage><UnitOfMeasurePrice>0.0800</UnitOfMeasurePrice><AllowDiscount>1</AllowDiscount><ItemStatus>1</ItemStatus><ItemPrice>16.00</ItemPrice></item><item><PriceUpdateDate>2015-10-11 06:44:12</PriceUpdateDate><ItemCode>7290102396719</ItemCode><ItemType>1</ItemType><ItemName>מולר תות 0% 150 גרם</ItemName><ManufacturerName>מולר</ManufacturerName><ManufactureCountry>ישראל</ManufactureCountry><ManufacturerItemDescription>מולר סימפלי פרוט תות</ManufacturerItemDescription><SoldByWeight/><Quantity>150.00</Quantity><UnitOfMeasure>גרם     </UnitOfMeasure><QtyInPackage>לא ידוע</QtyInPackage><UnitOfMeasurePrice>0.0360</UnitOfMeasurePrice><AllowDiscount>1</AllowDiscount><ItemStatus>1</ItemStatus><ItemPrice>5.40</ItemPrice></item><item><PriceUpdateDate>2015-10-11 06:44:12</PriceUpdateDate><ItemCode>7290102396726</ItemCode><ItemType>1</ItemType><ItemName>מולר אפרסק 0% 150 גר</ItemName><ManufacturerName>מולר</ManufacturerName><ManufactureCountry>ישראל</ManufactureCountry><ManufacturerItemDescription>מולר סימפלי פרוט אפרסק</ManufacturerItemDescription><SoldByWeight/><Quantity>150.00</Quantity><UnitOfMeasure>גרם     </UnitOfMeasure><QtyInPackage>לא ידוע</QtyInPackage><UnitOfMeasurePrice>0.0360</UnitOfMeasurePrice><AllowDiscount>1</AllowDiscount><ItemStatus>1</ItemStatus><ItemPrice>5.40</ItemPrice></item><item><PriceUpdateDate>2015-10-11 06:44:12</PriceUpdateDate><ItemCode>7290102396733</ItemCode><ItemType>1</ItemType><ItemName>מולר פירות יער 0% 15</ItemName><ManufacturerName>מולר</ManufacturerName><ManufactureCountry>ישראל</ManufactureCountry><ManufacturerItemDescription>מולר סימפלי פרוט פירות יע</ManufacturerItemDescription><SoldByWeight/><Quantity>150.00</Quantity><UnitOfMeasure>גרם     </UnitOfMeasure><QtyInPackage>לא ידוע</QtyInPackage><UnitOfMeasurePrice>0.0360</UnitOfMeasurePrice><AllowDiscount>1</AllowDiscount><ItemStatus>1</ItemStatus><ItemPrice>5.40</ItemPrice></item><item><PriceUpdateDate>2015-10-19 10:44:46</PriceUpdateDate><ItemCode>7290102396740</ItemCode><ItemType>1</ItemType><ItemName>מאגדת שמיניה מולר סי</ItemName><ManufacturerName>מולר</ManufacturerName><ManufactureCountry>ישראל</ManufactureCountry><ManufacturerItemDescription>מאגדת שמיניה מולר סי</ManufacturerItemDescription><SoldByWeight/><Quantity>1200.00</Quantity><UnitOfMeasure>גרם     </UnitOfMeasure><QtyInPackage>לא ידוע</QtyInPackage><UnitOfMeasurePrice>0.0268</UnitOfMeasurePrice><AllowDiscount>1</AllowDiscount><ItemStatus>1</ItemStatus><ItemPrice>32.10</ItemPrice></item><item><PriceUpdateDate>2015-10-19 10:44:46</PriceUpdateDate><ItemCode>7290102396771</ItemCode><ItemType>1</ItemType><ItemName>שוקו חצי ליטר קרטון</ItemName><ManufacturerName>טרה</ManufacturerName><ManufactureCountry>ישראל</ManufactureCountry><ManufacturerItemDescription>שוקו חצי ליטר קרטון</ManufacturerItemDescription><SoldByWeight/><Quantity>1.00</Quantity><UnitOfMeasure>מ"ל</UnitOfMeasure><QtyInPackage>לא ידוע</QtyInPackage><UnitOfMeasurePrice>7.1000</UnitOfMeasurePrice><AllowDiscount>1</AllowDiscount><ItemStatus>1</ItemStatus><ItemPrice>7.10</ItemPrice></item><item><PriceUpdateDate>2016-02-11 06:58:47</PriceUpdateDate><ItemCode>7290102396948</ItemCode><ItemType>1</ItemType><ItemName>חלב טרה 3% בקרטון 1</ItemName><ManufacturerName>טרה</ManufacturerName><ManufactureCountry>ישראל</ManufactureCountry><ManufacturerItemDescription>חלב1 3% ל.קרטון מהדרין פי</ManufacturerItemDescription><SoldByWeight/><Quantity>1.00</Quantity><UnitOfMeasure>יח'</UnitOfMeasure><QtyInPackage>לא ידוע</QtyInPackage><UnitOfMeasurePrice>5.7500</UnitOfMeasurePrice><AllowDiscount>1</AllowDiscount><ItemStatus>1</ItemStatus><ItemPrice>5.75</ItemPrice></item><item><PriceUpdateDate>2016-01-12 06:51:48</PriceUpdateDate><ItemCode>7290102396979</ItemCode><ItemType>1</ItemType><ItemName>מולר אננס 0% 150 גרם</ItemName><ManufacturerName>מולר</ManufacturerName><ManufactureCountry>ישראל</ManufactureCountry><ManufacturerItemDescription>מולר סימפלי פרוט תות</ManufacturerItemDescription><SoldByWeight/><Quantity>150.00</Quantity><UnitOfMeasure>גרם     </UnitOfMeasure><QtyInPackage>לא ידוע</QtyInPackage><UnitOfMeasurePrice>0.0360</UnitOfMeasurePrice><AllowDiscount>1</AllowDiscount><ItemStatus>1</ItemStatus><ItemPrice>5.40</ItemPrice></item><item><PriceUpdateDate>2016-08-02 09:30:23</PriceUpdateDate><ItemCode>7290102397334</ItemCode><ItemType>1</ItemType><ItemName>מב בולגרית 5% 250 גר</ItemName><ManufacturerName>משק צוריאל</ManufacturerName><ManufactureCountry>לא ידוע</ManufactureCountry><ManufacturerItemDescription>מב בולגרית 5% 250 גר</ManufacturerItemDescription><SoldByWeight/><Quantity>250.00</Quantity><UnitOfMeasure>גרם     </UnitOfMeasure><QtyInPackage>לא ידוע</QtyInPackage><UnitOfMeasurePrice>0.0680</UnitOfMeasurePrice><AllowDiscount>1</AllowDiscount><ItemStatus>1</ItemStatus><ItemPrice>17.00</ItemPrice></item><item><PriceUpdateDate>2016-08-02 09:30:23</PriceUpdateDate><ItemCode>7290103129316</ItemCode><ItemType>1</ItemType><ItemName>מב סבון נוזלי פלמולי</ItemName><ManufacturerName>פלמוליב</ManufacturerName><ManufactureCountry>איטליה</ManufactureCountry><ManufacturerItemDescription>סוכריות יוגטה   לב ל.סוכ</ManufacturerItemDescription><SoldByWeight/><Quantity>500.00</Quantity><UnitOfMeasure>מ"ל</UnitOfMeasure><QtyInPackage>לא ידוע</QtyInPackage><UnitOfMeasurePrice>0.0318</UnitOfMeasurePrice><AllowDiscount>1</AllowDiscount><ItemStatus>1</ItemStatus><ItemPrice>15.90</ItemPrice></item><item><PriceUpdateDate>2015-01-27 10:34:34</PriceUpdateDate><ItemCode>7290103129637</ItemCode><ItemType>1</ItemType><ItemName>בלונס פדים אובלים לה</ItemName><ManufacturerName>בלונס</ManufacturerName><ManufactureCountry>ישראל</ManufactureCountry><ManufacturerItemDescription>בלונס פרים      ים 40 יח</ManufacturerItemDescription><SoldByWeight/><Quantity>1.00</Quantity><UnitOfMeasure>יח'</UnitOfMeasure><QtyInPackage>לא ידוע</QtyInPackage><UnitOfMeasurePrice>10.2000</UnitOfMeasurePrice><AllowDiscount>1</AllowDiscount><ItemStatus>1</ItemStatus><ItemPrice>10.20</ItemPrice></item><item><PriceUpdateDate>2016-08-02 09:30:24</PriceUpdateDate><ItemCode>7290103401382</ItemCode><ItemType>1</ItemType><ItemName>מב קפה נמס 200 ג' פר</ItemName><ManufacturerName>דרום אמריקה</ManufacturerName><ManufactureCountry>ישראל</ManufactureCountry><ManufacturerItemDescription>קפה פרא אפריקאי 200 גר</ManufacturerItemDescription><SoldByWeight/><Quantity>200.00</Quantity><UnitOfMeasure>גרם     </UnitOfMeasure><QtyInPackage>לא ידוע</QtyInPackage><UnitOfMeasurePrice>0.1145</UnitOfMeasurePrice><AllowDiscount>1</AllowDiscount><ItemStatus>1</ItemStatus><ItemPrice>22.90</ItemPrice></item><item><PriceUpdateDate>2015-10-19 10:44:46</PriceUpdateDate><ItemCode>7290103404758</ItemCode><ItemType>1</ItemType><ItemName>סלט כרוב אדום יום יו</ItemName><ManufacturerName>אחלה</ManufacturerName><ManufactureCountry>ישראל</ManufactureCountry><ManufacturerItemDescription>סלט כרוב 120 גרם</ManufacturerItemDescription><SoldByWeight/><Quantity>120.00</Quantity><UnitOfMeasure>גרם     </UnitOfMeasure><QtyInPackage>לא ידוע</QtyInPackage><UnitOfMeasurePrice>0.0508</UnitOfMeasurePrice><AllowDiscount>1</AllowDiscount><ItemStatus>1</ItemStatus><ItemPrice>6.10</ItemPrice></item><item><PriceUpdateDate>2016-06-19 18:24:53</PriceUpdateDate><ItemCode>7290103590321</ItemCode><ItemType>1</ItemType><ItemName>טונה בשמן קנולה כוכב</ItemName><ManufacturerName>כוכב הבית</ManufacturerName><ManufactureCountry>ישראל</ManufactureCountry><ManufacturerItemDescription>טונה בשמן קנולה כוכב</ManufacturerItemDescription><SoldByWeight/><Quantity>160.00</Quantity><UnitOfMeasure>גרם     </UnitOfMeasure><QtyInPackage>לא ידוע</QtyInPackage><UnitOfMeasurePrice>0.0369</UnitOfMeasurePrice><AllowDiscount>1</AllowDiscount><ItemStatus>1</ItemStatus><ItemPrice>5.90</ItemPrice></item><item><PriceUpdateDate>2016-08-02 09:30:24</PriceUpdateDate><ItemCode>7290103700089</ItemCode><ItemType>1</ItemType><ItemName>מגבות נייר שישייה המ</ItemName><ManufacturerName>"המותג"</ManufacturerName><ManufactureCountry>ישראל</ManufactureCountry><ManufacturerItemDescription>מגבות נייר שישייה המ</ManufacturerItemDescription><SoldByWeight/><Quantity>6.00</Quantity><UnitOfMeasure>יח</UnitOfMeasure><QtyInPackage>לא ידוע</QtyInPackage><UnitOfMeasurePrice>1.6500</UnitOfMeasurePrice><AllowDiscount>1</AllowDiscount><ItemStatus>1</ItemStatus><ItemPrice>9.90</ItemPrice></item><item><PriceUpdateDate>2016-05-01 10:34:30</PriceUpdateDate><ItemCode>7290104060403</ItemCode><ItemType>1</ItemType><ItemName>מסטיק מאסט בזוקה ענב</ItemName><ManufacturerName>בזוקה</ManufacturerName><ManufactureCountry>ישראל</ManufactureCountry><ManufacturerItemDescription>מסטיק מאסט בזוקה ענבים לל</ManufacturerItemDescription><SoldByWeight/><Quantity>28.00</Quantity><UnitOfMeasure>גרם     </UnitOfMeasure><QtyInPackage>לא ידוע</QtyInPackage><UnitOfMeasurePrice>0.1607</UnitOfMeasurePrice><AllowDiscount>1</AllowDiscount><ItemStatus>1</ItemStatus><ItemPrice>4.50</ItemPrice></item><item><PriceUpdateDate>2016-05-01 10:34:31</PriceUpdateDate><ItemCode>7290104061219</ItemCode><ItemType>1</ItemType><ItemName>רבע לשבע חלב קרם נוג</ItemName><ManufacturerName>עלית</ManufacturerName><ManufactureCountry>ישראל</ManufactureCountry><ManufacturerItemDescription>רבע לשבע אגוזים 120 גרם</ManufacturerItemDescription><SoldByWeight/><Quantity>120.00</Quantity><UnitOfMeasure>גרם     </UnitOfMeasure><QtyInPackage>לא ידוע</QtyInPackage><UnitOfMeasurePrice>0.1158</UnitOfMeasurePrice><AllowDiscount>1</AllowDiscount><ItemStatus>1</ItemStatus><ItemPrice>13.90</ItemPrice></item><item><PriceUpdateDate>2016-08-02 09:30:24</PriceUpdateDate><ItemCode>7290104061417</ItemCode><ItemType>1</ItemType><ItemName>סלט חומוס אחלה עם טח</ItemName><ManufacturerName>אחלה</ManufacturerName><ManufactureCountry>ישראל</ManufactureCountry><ManufacturerItemDescription>סלט חומוס וטחינה 400 גרם</ManufacturerItemDescription><SoldByWeight/><Quantity>400.00</Quantity><UnitOfMeasure>גרם     </UnitOfMeasure><QtyInPackage>לא ידוע</QtyInPackage><UnitOfMeasurePrice>0.0298</UnitOfMeasurePrice><AllowDiscount>0</AllowDiscount><ItemStatus>1</ItemStatus><ItemPrice>11.90</ItemPrice></item><item><PriceUpdateDate>2016-08-02 09:30:24</PriceUpdateDate><ItemCode>7290104061424</ItemCode><ItemType>1</ItemType><ItemName>סלט חומוס אחלה עם זע</ItemName><ManufacturerName>אחלה</ManufacturerName><ManufactureCountry>ישראל</ManufactureCountry><ManufacturerItemDescription>סלט חומוס אחלה עם זע</ManufacturerItemDescription><SoldByWeight/><Quantity>400.00</Quantity><UnitOfMeasure>גרם     </UnitOfMeasure><QtyInPackage>לא ידוע</QtyInPackage><UnitOfMeasurePrice>0.0298</UnitOfMeasurePrice><AllowDiscount>0</AllowDiscount><ItemStatus>1</ItemStatus><ItemPrice>11.90</ItemPrice></item><item><PriceUpdateDate>2016-08-02 09:30:24</PriceUpdateDate><ItemCode>7290104061431</ItemCode><ItemType>1</ItemType><ItemName>סלט חומוס אחלה עם צנ</ItemName><ManufacturerName>אחלה</ManufacturerName><ManufactureCountry>ישראל</ManufactureCountry><ManufacturerItemDescription>סלט חומוס וצנובר 400 גרם</ManufacturerItemDescription><SoldByWeight/><Quantity>400.00</Quantity><UnitOfMeasure>גרם     </UnitOfMeasure><QtyInPackage>לא ידוע</QtyInPackage><UnitOfMeasurePrice>0.0298</UnitOfMeasurePrice><AllowDiscount>0</AllowDiscount><ItemStatus>1</ItemStatus><ItemPrice>11.90</ItemPrice></item><item><PriceUpdateDate>2016-08-02 09:30:24</PriceUpdateDate><ItemCode>7290104061448</ItemCode><ItemType>1</ItemType><ItemName>סלט חומוס אחלה עם חר</ItemName><ManufacturerName>אחלה</ManufacturerName><ManufactureCountry>ישראל</ManufactureCountry><ManufacturerItemDescription>סלט חומוס וחריף 400 גרם</ManufacturerItemDescription><SoldByWeight/><Quantity>400.00</Quantity><UnitOfMeasure>גרם     </UnitOfMeasure><QtyInPackage>לא ידוע</QtyInPackage><UnitOfMeasurePrice>0.0298</UnitOfMeasurePrice><AllowDiscount>0</AllowDiscount><ItemStatus>1</ItemStatus><ItemPrice>11.90</ItemPrice></item><item><PriceUpdateDate>2016-07-04 18:22:23</PriceUpdateDate><ItemCode>7290104064111</ItemCode><ItemType>1</ItemType><ItemName>מאגדת אנרג'י מריר וא</ItemName><ManufacturerName>אנרג'י</ManufacturerName><ManufactureCountry>ישראל</ManufactureCountry><ManufacturerItemDescription>חטיף דגנים שוקולד מריר</ManufacturerItemDescription><SoldByWeight/><Quantity>156.00</Quantity><UnitOfMeasure>גרם     </UnitOfMeasure><QtyInPackage>לא ידוע</QtyInPackage><UnitOfMeasurePrice>0.1147</UnitOfMeasurePrice><AllowDiscount>1</AllowDiscount><ItemStatus>1</ItemStatus><ItemPrice>17.90</ItemPrice></item><item><PriceUpdateDate>2016-08-02 09:30:24</PriceUpdateDate><ItemCode>7290104066566</ItemCode><ItemType>1</ItemType><ItemName>טחינה אחלה 500 גרם</ItemName><ManufacturerName>אחלה</ManufacturerName><ManufactureCountry>ישראל</ManufactureCountry><ManufacturerItemDescription>טחינה משומשום מלא 500 גרם</ManufacturerItemDescription><SoldByWeight/><Quantity>500.00</Quantity><UnitOfMeasure>גרם     </UnitOfMeasure><QtyInPackage>לא ידוע</QtyInPackage><UnitOfMeasurePrice>0.0344</UnitOfMeasurePrice><AllowDiscount>1</AllowDiscount><ItemStatus>1</ItemStatus><ItemPrice>17.20</ItemPrice></item><item><PriceUpdateDate>2016-05-01 06:12:17</PriceUpdateDate><ItemCode>7290104067198</ItemCode><ItemType>1</ItemType><ItemName>שוקולד ספלנדיד מריר</ItemName><ManufacturerName>לא ידוע</ManufacturerName><ManufactureCountry>ישראל</ManufactureCountry><ManufacturerItemDescription>שוקולד ספלנדיד מריר</ManufacturerItemDescription><SoldByWeight/><Quantity>100.00</Quantity><UnitOfMeasure>גרם     </UnitOfMeasure><QtyInPackage>לא ידוע</QtyInPackage><UnitOfMeasurePrice>0.1190</UnitOfMeasurePrice><AllowDiscount>1</AllowDiscount><ItemStatus>1</ItemStatus><ItemPrice>11.90</ItemPrice></item><item><PriceUpdateDate>2016-05-01 10:34:31</PriceUpdateDate><ItemCode>7290104501661</ItemCode><ItemType>1</ItemType><ItemName>פודינג בטעם וניל צרפ</ItemName><ManufacturerName>אסם</ManufacturerName><ManufactureCountry>ישראל</ManufactureCountry><ManufacturerItemDescription>פודינג וניל צרפתי 80 גר</ManufacturerItemDescription><SoldByWeight/><Quantity>80.00</Quantity><UnitOfMeasure>גרם     </UnitOfMeasure><QtyInPackage>לא ידוע</QtyInPackage><UnitOfMeasurePrice>0.0688</UnitOfMeasurePrice><AllowDiscount>1</AllowDiscount><ItemStatus>1</ItemStatus><ItemPrice>5.50</ItemPrice></item><item><PriceUpdateDate>2016-08-02 09:30:24</PriceUpdateDate><ItemCode>7290104504228</ItemCode><ItemType>1</ItemType><ItemName>מב מארז חטיף דובונים</ItemName><ManufacturerName>אסם</ManufacturerName><ManufactureCountry>ישראל</ManufactureCountry><ManufacturerItemDescription>מב מארז חטיף דובונים</ManufacturerItemDescription><SoldByWeight/><Quantity>100.00</Quantity><UnitOfMeasure>גרם     </UnitOfMeasure><QtyInPackage>לא ידוע</QtyInPackage><UnitOfMeasurePrice>0.1190</UnitOfMeasurePrice><AllowDiscount>1</AllowDiscount><ItemStatus>1</ItemStatus><ItemPrice>11.90</ItemPrice></item><item><PriceUpdateDate>2016-08-02 09:30:24</PriceUpdateDate><ItemCode>7290104508189</ItemCode><ItemType>1</ItemType><ItemName>מב גביעי גלידה אסם 2</ItemName><ManufacturerName>אסם</ManufacturerName><ManufactureCountry>ישראל</ManufactureCountry><ManufacturerItemDescription>מב גביעי גלידה אסם 2</ManufacturerItemDescription><SoldByWeight/><Quantity>24.00</Quantity><UnitOfMeasure>יח'</UnitOfMeasure><QtyInPackage>לא ידוע</QtyInPackage><UnitOfMeasurePrice>0.4542</UnitOfMeasurePrice><AllowDiscount>1</AllowDiscount><ItemStatus>1</ItemStatus><ItemPrice>10.90</ItemPrice></item><item><PriceUpdateDate>2016-05-31 06:17:26</PriceUpdateDate><ItemCode>7290104508394</ItemCode><ItemType>1</ItemType><ItemName>עוגת הבית שיש אגוזים</ItemName><ManufacturerName>עוגות הבית</ManufacturerName><ManufactureCountry>ישראל</ManufactureCountry><ManufacturerItemDescription>עוגת הבית שיש אגוזים</ManufacturerItemDescription><SoldByWeight/><Quantity>380.00</Quantity><UnitOfMeasure>גרם     </UnitOfMeasure><QtyInPackage>לא ידוע</QtyInPackage><UnitOfMeasurePrice>0.0287</UnitOfMeasurePrice><AllowDiscount>0</AllowDiscount><ItemStatus>1</ItemStatus><ItemPrice>10.90</ItemPrice></item><item><PriceUpdateDate>2016-08-02 09:30:24</PriceUpdateDate><ItemCode>7290104508882</ItemCode><ItemType>1</ItemType><ItemName>סלט חציל בלאדי במיונ</ItemName><ManufacturerName>צבר</ManufacturerName><ManufactureCountry>ישראל</ManufactureCountry><ManufacturerItemDescription>סלט חצילים בלאדי במיונז 4</ManufacturerItemDescription><SoldByWeight/><Quantity>400.00</Quantity><UnitOfMeasure>גרם     </UnitOfMeasure><QtyInPackage>לא ידוע</QtyInPackage><UnitOfMeasurePrice>0.0413</UnitOfMeasurePrice><AllowDiscount>1</AllowDiscount><ItemStatus>1</ItemStatus><ItemPrice>16.50</ItemPrice></item><item><PriceUpdateDate>2016-05-31 06:17:26</PriceUpdateDate><ItemCode>7290104721762</ItemCode><ItemType>1</ItemType><ItemName>מארז קפה טורקי עלית</ItemName><ManufacturerName>טורקי עלית</ManufacturerName><ManufactureCountry>ישראל</ManufactureCountry><ManufacturerItemDescription>מארז קפה טורקי עלית</ManufacturerItemDescription><SoldByWeight/><Quantity>255.00</Quantity><UnitOfMeasure>גרם     </UnitOfMeasure><QtyInPackage>לא ידוע</QtyInPackage><UnitOfMeasurePrice>0.0820</UnitOfMeasurePrice><AllowDiscount>1</AllowDiscount><ItemStatus>1</ItemStatus><ItemPrice>20.90</ItemPrice></item><item><PriceUpdateDate>2016-05-31 06:17:26</PriceUpdateDate><ItemCode>7290104722028</ItemCode><ItemType>1</ItemType><ItemName>שוקולד פרה לבן כשל"פ</ItemName><ManufacturerName>לא ממותג</ManufacturerName><ManufactureCountry>ישראל</ManufactureCountry><ManufacturerItemDescription>שוקולד פרה לבן כשל"פ</ManufacturerItemDescription><SoldByWeight/><Quantity>100.00</Quantity><UnitOfMeasure>גרם     </UnitOfMeasure><QtyInPackage>לא ידוע</QtyInPackage><UnitOfMeasurePrice>0.0540</UnitOfMeasurePrice><AllowDiscount>1</AllowDiscount><ItemStatus>1</ItemStatus><ItemPrice>5.40</ItemPrice></item><item><PriceUpdateDate>2016-05-01 10:34:33</PriceUpdateDate><ItemCode>7290104722509</ItemCode><ItemType>1</ItemType><ItemName>רבע לשבע מריר קרם טר</ItemName><ManufacturerName>עלית</ManufacturerName><ManufactureCountry>ישראל</ManufactureCountry><ManufacturerItemDescription>רבע לשבע מריר קרם טר</ManufacturerItemDescription><SoldByWeight/><Quantity>120.00</Quantity><UnitOfMeasure>גרם     </UnitOfMeasure><QtyInPackage>לא ידוע</QtyInPackage><UnitOfMeasurePrice>0.1158</UnitOfMeasurePrice><AllowDiscount>1</AllowDiscount><ItemStatus>1</ItemStatus><ItemPrice>13.90</ItemPrice></item><item><PriceUpdateDate>2016-06-28 07:05:08</PriceUpdateDate><ItemCode>7290104722530</ItemCode><ItemType>1</ItemType><ItemName>תפוצ'יפס שמנת בצל 20</ItemName><ManufacturerName>תפוצ'יפס</ManufacturerName><ManufactureCountry>ישראל</ManufactureCountry><ManufacturerItemDescription>תפוציפס שמנת בצל 200 גרם</ManufacturerItemDescription><SoldByWeight/><Quantity>200.00</Quantity><UnitOfMeasure>גרם     </UnitOfMeasure><QtyInPackage>לא ידוע</QtyInPackage><UnitOfMeasurePrice>0.0610</UnitOfMeasurePrice><AllowDiscount>1</AllowDiscount><ItemStatus>1</ItemStatus><ItemPrice>12.20</ItemPrice></item><item><PriceUpdateDate>2016-05-01 10:34:33</PriceUpdateDate><ItemCode>7290104728242</ItemCode><ItemType>1</ItemType><ItemName>קפה נמס  צ'יקו 130 ג</ItemName><ManufacturerName>ציקו</ManufacturerName><ManufactureCountry>ישראל</ManufactureCountry><ManufacturerItemDescription>קפה נמס  צ'יקו 130 ג</ManufacturerItemDescription><SoldByWeight/><Quantity>130.00</Quantity><UnitOfMeasure>גרם     </UnitOfMeasure><QtyInPackage>לא ידוע</QtyInPackage><UnitOfMeasurePrice>0.2008</UnitOfMeasurePrice><AllowDiscount>1</AllowDiscount><ItemStatus>1</ItemStatus><ItemPrice>26.10</ItemPrice></item><item><PriceUpdateDate>2016-02-11 06:58:47</PriceUpdateDate><ItemCode>7290104728310</ItemCode><ItemType>1</ItemType><ItemName>שמנת להקצפה 38% 250</ItemName><ManufacturerName>יטבתה</ManufacturerName><ManufactureCountry>ישראל</ManufactureCountry><ManufacturerItemDescription>שמנת עמידה לקצפת 250 38%</ManufacturerItemDescription><SoldByWeight/><Quantity>250.00</Quantity><UnitOfMeasure>מ"ל</UnitOfMeasure><QtyInPackage>לא ידוע</QtyInPackage><UnitOfMeasurePrice>0.0238</UnitOfMeasurePrice><AllowDiscount>1</AllowDiscount><ItemStatus>1</ItemStatus><ItemPrice>5.95</ItemPrice></item><item><PriceUpdateDate>2016-01-18 16:40:16</PriceUpdateDate><ItemCode>7290105360328</ItemCode><ItemType>1</ItemType><ItemName>קפסולות עלית 10 חזק</ItemName><ManufacturerName>עלית</ManufacturerName><ManufactureCountry>ישראל</ManufactureCountry><ManufacturerItemDescription>קפסולות אספרסו חזק10 יח 5</ManufacturerItemDescription><SoldByWeight/><Quantity>50.00</Quantity><UnitOfMeasure>גרם     </UnitOfMeasure><QtyInPackage>לא ידוע</QtyInPackage><UnitOfMeasurePrice>0.3980</UnitOfMeasurePrice><AllowDiscount>1</AllowDiscount><ItemStatus>1</ItemStatus><ItemPrice>19.90</ItemPrice></item><item><PriceUpdateDate>2016-05-01 10:34:34</PriceUpdateDate><ItemCode>7290105363602</ItemCode><ItemType>1</ItemType><ItemName>כיף כף מקלות קלאסי 4</ItemName><ManufacturerName>עלית</ManufacturerName><ManufactureCountry>ישראל</ManufactureCountry><ManufacturerItemDescription>מקלות כיף כף קלאסי 40 גרם</ManufacturerItemDescription><SoldByWeight/><Quantity>40.00</Quantity><UnitOfMeasure>גרם     </UnitOfMeasure><QtyInPackage>לא ידוע</QtyInPackage><UnitOfMeasurePrice>0.1375</UnitOfMeasurePrice><AllowDiscount>1</AllowDiscount><ItemStatus>1</ItemStatus><ItemPrice>5.50</ItemPrice></item><item><PriceUpdateDate>2016-08-07 20:02:49</PriceUpdateDate><ItemCode>7290105366023</ItemCode><ItemType>1</ItemType><ItemName>חציל בטעם כבד 400 גר</ItemName><ManufacturerName>אחלה</ManufacturerName><ManufactureCountry>ישראל</ManufactureCountry><ManufacturerItemDescription>סלט חציל בטעם כבד 400 גר</ManufacturerItemDescription><SoldByWeight/><Quantity>400.00</Quantity><UnitOfMeasure>גרם     </UnitOfMeasure><QtyInPackage>לא ידוע</QtyInPackage><UnitOfMeasurePrice>0.0447</UnitOfMeasurePrice><AllowDiscount>1</AllowDiscount><ItemStatus>1</ItemStatus><ItemPrice>17.90</ItemPrice></item><item><PriceUpdateDate>2016-08-02 09:30:25</PriceUpdateDate><ItemCode>7290105366047</ItemCode><ItemType>1</ItemType><ItemName>טחינה לבנה אחלה 400</ItemName><ManufacturerName>אחלה</ManufacturerName><ManufactureCountry>ישראל</ManufactureCountry><ManufacturerItemDescription>טחינה לבנה אחלה 400</ManufacturerItemDescription><SoldByWeight/><Quantity>400.00</Quantity><UnitOfMeasure>גרם     </UnitOfMeasure><QtyInPackage>לא ידוע</QtyInPackage><UnitOfMeasurePrice>0.0422</UnitOfMeasurePrice><AllowDiscount>1</AllowDiscount><ItemStatus>1</ItemStatus><ItemPrice>16.90</ItemPrice></item><item><PriceUpdateDate>2016-06-28 07:05:09</PriceUpdateDate><ItemCode>7290105366993</ItemCode><ItemType>1</ItemType><ItemName>סימפוניה 5% פלפל שיפ</ItemName><ManufacturerName>סימפוניה שטראוס</ManufacturerName><ManufactureCountry>ישראל</ManufactureCountry><ManufacturerItemDescription>סימפוניה 5% פלפל שיפ</ManufacturerItemDescription><SoldByWeight/><Quantity>200.00</Quantity><UnitOfMeasure>גרם     </UnitOfMeasure><QtyInPackage>לא ידוע</QtyInPackage><UnitOfMeasurePrice>0.0595</UnitOfMeasurePrice><AllowDiscount>0</AllowDiscount><ItemStatus>1</ItemStatus><ItemPrice>11.90</ItemPrice></item><item><PriceUpdateDate>2015-10-01 00:29:14</PriceUpdateDate><ItemCode>7290105368331</ItemCode><ItemType>1</ItemType><ItemName>מעדן מילקי תות 170 מ</ItemName><ManufacturerName>מילקי</ManufacturerName><ManufactureCountry>ישראל</ManufactureCountry><ManufacturerItemDescription>מילקי תות 133 גרם</ManufacturerItemDescription><SoldByWeight/><Quantity>170.00</Quantity><UnitOfMeasure>מ"ל</UnitOfMeasure><QtyInPackage>לא ידוע</QtyInPackage><UnitOfMeasurePrice>0.0165</UnitOfMeasurePrice><AllowDiscount>1</AllowDiscount><ItemStatus>1</ItemStatus><ItemPrice>2.80</ItemPrice></item><item><PriceUpdateDate>2016-05-26 07:19:23</PriceUpdateDate><ItemCode>7290105368720</ItemCode><ItemType>1</ItemType><ItemName>שמן זית מס' 3 לתיבול</ItemName><ManufacturerName>יד מרדכי</ManufacturerName><ManufactureCountry>ישראל</ManufactureCountry><ManufacturerItemDescription>בקבוקון שמן זית 3 תיבול א</ManufacturerItemDescription><SoldByWeight/><Quantity>150.00</Quantity><UnitOfMeasure>מ"ל</UnitOfMeasure><QtyInPackage>לא ידוע</QtyInPackage><UnitOfMeasurePrice>0.0727</UnitOfMeasurePrice><AllowDiscount>1</AllowDiscount><ItemStatus>1</ItemStatus><ItemPrice>10.90</ItemPrice></item><item><PriceUpdateDate>2016-05-11 06:42:58</PriceUpdateDate><ItemCode>7290105368904</ItemCode><ItemType>1</ItemType><ItemName>שמנת מתוקה 32% יטבתה</ItemName><ManufacturerName>יטבתה</ManufacturerName><ManufactureCountry>ישראל</ManufactureCountry><ManufacturerItemDescription>שמנת מתוקה 32% יטבתה</ManufacturerItemDescription><SoldByWeight/><Quantity>250.00</Quantity><UnitOfMeasure>מ"ל</UnitOfMeasure><QtyInPackage>לא ידוע</QtyInPackage><UnitOfMeasurePrice>0.0316</UnitOfMeasurePrice><AllowDiscount>1</AllowDiscount><ItemStatus>1</ItemStatus><ItemPrice>7.90</ItemPrice></item><item><PriceUpdateDate>2016-06-28 07:05:10</PriceUpdateDate><ItemCode>7290105434012</ItemCode><ItemType>1</ItemType><ItemName>מב דאו' ספיד סטיק נו</ItemName><ManufacturerName>ספיד סטיק</ManufacturerName><ManufactureCountry>ארצות הברית</ManufactureCountry><ManufacturerItemDescription>ממרח אגוזים     ר 320גרם</ManufacturerItemDescription><SoldByWeight/><Quantity>50.00</Quantity><UnitOfMeasure>גרם     </UnitOfMeasure><QtyInPackage>לא ידוע</QtyInPackage><UnitOfMeasurePrice>0.3980</UnitOfMeasurePrice><AllowDiscount>1</AllowDiscount><ItemStatus>1</ItemStatus><ItemPrice>19.90</ItemPrice></item><item><PriceUpdateDate>2016-06-28 07:05:10</PriceUpdateDate><ItemCode>7290105434067</ItemCode><ItemType>1</ItemType><ItemName>מב ספיד סטיק כחול או</ItemName><ManufacturerName>ספיד סטיק</ManufacturerName><ManufactureCountry>לא ידוע</ManufactureCountry><ManufacturerItemDescription>מב ספיד סטיק כחול או</ManufacturerItemDescription><SoldByWeight/><Quantity>85.00</Quantity><UnitOfMeasure>גרם     </UnitOfMeasure><QtyInPackage>לא ידוע</QtyInPackage><UnitOfMeasurePrice>0.3047</UnitOfMeasurePrice><AllowDiscount>1</AllowDiscount><ItemStatus>1</ItemStatus><ItemPrice>25.90</ItemPrice></item><item><PriceUpdateDate>2015-10-19 10:44:47</PriceUpdateDate><ItemCode>7290105436382</ItemCode><ItemType>1</ItemType><ItemName>חטיף דגנים עם תמרים</ItemName><ManufacturerName>free</ManufacturerName><ManufactureCountry>ישראל</ManufactureCountry><ManufacturerItemDescription>חטיף דגנים עם תמרים</ManufacturerItemDescription><SoldByWeight/><Quantity>125.00</Quantity><UnitOfMeasure>גרם     </UnitOfMeasure><QtyInPackage>לא ידוע</QtyInPackage><UnitOfMeasurePrice>0.1544</UnitOfMeasurePrice><AllowDiscount>1</AllowDiscount><ItemStatus>1</ItemStatus><ItemPrice>19.30</ItemPrice></item><item><PriceUpdateDate>2016-08-02 09:30:25</PriceUpdateDate><ItemCode>7290105439499</ItemCode><ItemType>1</ItemType><ItemName>מב מאסטר שף מיונז 48</ItemName><ManufacturerName>מאסטר שף</ManufacturerName><ManufactureCountry>לא ידוע</ManufactureCountry><ManufacturerItemDescription>מב מאסטר שף מיונז 48</ManufacturerItemDescription><SoldByWeight/><Quantity>481.00</Quantity><UnitOfMeasure>גרם     </UnitOfMeasure><QtyInPackage>לא ידוע</QtyInPackage><UnitOfMeasurePrice>0.0208</UnitOfMeasurePrice><AllowDiscount>1</AllowDiscount><ItemStatus>1</ItemStatus><ItemPrice>10.00</ItemPrice></item><item><PriceUpdateDate>2016-08-02 09:30:25</PriceUpdateDate><ItemCode>7290105439581</ItemCode><ItemType>1</ItemType><ItemName>מב מאסטר שף חרדל דיז</ItemName><ManufacturerName>מאסטר שף</ManufacturerName><ManufactureCountry>לא ידוע</ManufactureCountry><ManufacturerItemDescription>מב מאסטר שף חרדל דיז</ManufacturerItemDescription><SoldByWeight/><Quantity>370.00</Quantity><UnitOfMeasure>גרם     </UnitOfMeasure><QtyInPackage>לא ידוע</QtyInPackage><UnitOfMeasurePrice>0.0270</UnitOfMeasurePrice><AllowDiscount>1</AllowDiscount><ItemStatus>1</ItemStatus><ItemPrice>10.00</ItemPrice></item><item><PriceUpdateDate>2016-05-01 10:34:36</PriceUpdateDate><ItemCode>7290105690456</ItemCode><ItemType>1</ItemType><ItemName>זוג מרק נמס סוף טעם</ItemName><ManufacturerName>אסם</ManufacturerName><ManufactureCountry>ישראל</ManufactureCountry><ManufacturerItemDescription>זוג מרק נמס אפונה 52 גרם</ManufacturerItemDescription><SoldByWeight/><Quantity>52.00</Quantity><UnitOfMeasure>גרם     </UnitOfMeasure><QtyInPackage>לא ידוע</QtyInPackage><UnitOfMeasurePrice>0.1481</UnitOfMeasurePrice><AllowDiscount>1</AllowDiscount><ItemStatus>1</ItemStatus><ItemPrice>7.70</ItemPrice></item><item><PriceUpdateDate>2016-05-01 10:34:36</PriceUpdateDate><ItemCode>7290105690715</ItemCode><ItemType>1</ItemType><ItemName>זוג מרק נמס סוף תירס</ItemName><ManufacturerName>אסם</ManufacturerName><ManufactureCountry>ישראל</ManufactureCountry><ManufacturerItemDescription>זוג מרק נמס סוף תירס</ManufacturerItemDescription><SoldByWeight/><Quantity>54.00</Quantity><UnitOfMeasure>גרם     </UnitOfMeasure><QtyInPackage>לא ידוע</QtyInPackage><UnitOfMeasurePrice>0.1426</UnitOfMeasurePrice><AllowDiscount>1</AllowDiscount><ItemStatus>1</ItemStatus><ItemPrice>7.70</ItemPrice></item><item><PriceUpdateDate>2016-05-31 06:17:29</PriceUpdateDate><ItemCode>7290105691064</ItemCode><ItemType>1</ItemType><ItemName>שקדי מרק אסם מארז זו</ItemName><ManufacturerName>אסם</ManufacturerName><ManufactureCountry>לא ידוע</ManufactureCountry><ManufacturerItemDescription>שקדי מרק אסם מארז זו</ManufacturerItemDescription><SoldByWeight/><Quantity>800.00</Quantity><UnitOfMeasure>גרם     </UnitOfMeasure><QtyInPackage>לא ידוע</QtyInPackage><UnitOfMeasurePrice>0.0261</UnitOfMeasurePrice><AllowDiscount>1</AllowDiscount><ItemStatus>1</ItemStatus><ItemPrice>20.90</ItemPrice></item><item><PriceUpdateDate>2016-05-01 10:34:36</PriceUpdateDate><ItemCode>7290105691323</ItemCode><ItemType>1</ItemType><ItemName>חרוזית בית השיטה בתי</ItemName><ManufacturerName>בית השיטה</ManufacturerName><ManufactureCountry>ישראל</ManufactureCountry><ManufacturerItemDescription>חרוזית בית השיטה בתי</ManufacturerItemDescription><SoldByWeight/><Quantity>275.00</Quantity><UnitOfMeasure>גרם     </UnitOfMeasure><QtyInPackage>לא ידוע</QtyInPackage><UnitOfMeasurePrice>0.0455</UnitOfMeasurePrice><AllowDiscount>1</AllowDiscount><ItemStatus>1</ItemStatus><ItemPrice>12.50</ItemPrice></item><item><PriceUpdateDate>2016-05-01 06:12:21</PriceUpdateDate><ItemCode>7290105691965</ItemCode><ItemType>1</ItemType><ItemName>רוטב סויה כשל"פ 290</ItemName><ManufacturerName>לא ממותג</ManufacturerName><ManufactureCountry>ישראל</ManufactureCountry><ManufacturerItemDescription>רוטב סויה 290 מל</ManufacturerItemDescription><SoldByWeight/><Quantity>290.00</Quantity><UnitOfMeasure>גרם     </UnitOfMeasure><QtyInPackage>לא ידוע</QtyInPackage><UnitOfMeasurePrice>0.0490</UnitOfMeasurePrice><AllowDiscount>1</AllowDiscount><ItemStatus>1</ItemStatus><ItemPrice>14.20</ItemPrice></item><item><PriceUpdateDate>2016-08-02 09:30:26</PriceUpdateDate><ItemCode>7290105693341</ItemCode><ItemType>1</ItemType><ItemName>מארז חטיף במבה 10*25</ItemName><ManufacturerName>במבה</ManufacturerName><ManufactureCountry>ישראל</ManufactureCountry><ManufacturerItemDescription>מארז חטיף במבה 10*25</ManufacturerItemDescription><SoldByWeight/><Quantity>250.00</Quantity><UnitOfMeasure>גרם     </UnitOfMeasure><QtyInPackage>לא ידוע</QtyInPackage><UnitOfMeasurePrice>0.0716</UnitOfMeasurePrice><AllowDiscount>1</AllowDiscount><ItemStatus>1</ItemStatus><ItemPrice>17.90</ItemPrice></item><item><PriceUpdateDate>2016-05-01 10:34:37</PriceUpdateDate><ItemCode>7290105693952</ItemCode><ItemType>1</ItemType><ItemName>פירורית זהב שומשום 2</ItemName><ManufacturerName>פירורית</ManufacturerName><ManufactureCountry>ישראל</ManufactureCountry><ManufacturerItemDescription>פירורית זהב שומשום 2</ManufacturerItemDescription><SoldByWeight/><Quantity>200.00</Quantity><UnitOfMeasure>גרם     </UnitOfMeasure><QtyInPackage>לא ידוע</QtyInPackage><UnitOfMeasurePrice>0.0390</UnitOfMeasurePrice><AllowDiscount>1</AllowDiscount><ItemStatus>1</ItemStatus><ItemPrice>7.80</ItemPrice></item><item><PriceUpdateDate>2016-05-01 06:12:22</PriceUpdateDate><ItemCode>7290105963864</ItemCode><ItemType>1</ItemType><ItemName>חזרת 220 גרם</ItemName><ManufacturerName>אחלה</ManufacturerName><ManufactureCountry>ישראל</ManufactureCountry><ManufacturerItemDescription>חזרת 220 גרם</ManufacturerItemDescription><SoldByWeight/><Quantity>220.00</Quantity><UnitOfMeasure>גרם     </UnitOfMeasure><QtyInPackage>לא ידוע</QtyInPackage><UnitOfMeasurePrice>0.0632</UnitOfMeasurePrice><AllowDiscount>1</AllowDiscount><ItemStatus>1</ItemStatus><ItemPrice>13.90</ItemPrice></item><item><PriceUpdateDate>2016-05-01 06:12:22</PriceUpdateDate><ItemCode>7290105965493</ItemCode><ItemType>1</ItemType><ItemName>שוקולד ספלנדיד מוס מ</ItemName><ManufacturerName>ספלנדיד</ManufacturerName><ManufactureCountry>ישראל</ManufactureCountry><ManufacturerItemDescription>שוקולד ספלנדיד מריר 100 ג</ManufacturerItemDescription><SoldByWeight/><Quantity>100.00</Quantity><UnitOfMeasure>גרם     </UnitOfMeasure><QtyInPackage>לא ידוע</QtyInPackage><UnitOfMeasurePrice>0.1190</UnitOfMeasurePrice><AllowDiscount>1</AllowDiscount><ItemStatus>1</ItemStatus><ItemPrice>11.90</ItemPrice></item><item><PriceUpdateDate>2016-05-08 06:21:33</PriceUpdateDate><ItemCode>7290105965738</ItemCode><ItemType>1</ItemType><ItemName>דנונה לשתיה תות בננה</ItemName><ManufacturerName>דנונה</ManufacturerName><ManufactureCountry>ישראל</ManufactureCountry><ManufacturerItemDescription>משקה יוגורט תות בננה 250</ManufacturerItemDescription><SoldByWeight/><Quantity>267.00</Quantity><UnitOfMeasure>גרם     </UnitOfMeasure><QtyInPackage>לא ידוע</QtyInPackage><UnitOfMeasurePrice>0.0206</UnitOfMeasurePrice><AllowDiscount>1</AllowDiscount><ItemStatus>1</ItemStatus><ItemPrice>5.50</ItemPrice></item><item><PriceUpdateDate>2016-06-28 07:05:11</PriceUpdateDate><ItemCode>7290106340244</ItemCode><ItemType>1</ItemType><ItemName>עוגיות מלוחות-מקלות</ItemName><ManufacturerName>קואופ שופ</ManufacturerName><ManufactureCountry>ישראל</ManufactureCountry><ManufacturerItemDescription>עוגיות מלוחות-מקלות</ManufacturerItemDescription><SoldByWeight/><Quantity>400.00</Quantity><UnitOfMeasure>גרם     </UnitOfMeasure><QtyInPackage>לא ידוע</QtyInPackage><UnitOfMeasurePrice>0.0273</UnitOfMeasurePrice><AllowDiscount>1</AllowDiscount><ItemStatus>1</ItemStatus><ItemPrice>10.90</ItemPrice></item><item><PriceUpdateDate>2016-05-01 10:34:41</PriceUpdateDate><ItemCode>7290106340251</ItemCode><ItemType>1</ItemType><ItemName>עוגיות רייף מרוקאיות</ItemName><ManufacturerName>קואופ שופ</ManufacturerName><ManufactureCountry>ישראל</ManufactureCountry><ManufacturerItemDescription>עוגיות רייף מרוקאיות</ManufacturerItemDescription><SoldByWeight/><Quantity>350.00</Quantity><UnitOfMeasure>גרם     </UnitOfMeasure><QtyInPackage>לא ידוע</QtyInPackage><UnitOfMeasurePrice>0.0397</UnitOfMeasurePrice><AllowDiscount>1</AllowDiscount><ItemStatus>1</ItemStatus><ItemPrice>13.90</ItemPrice></item><item><PriceUpdateDate>2016-06-28 07:05:11</PriceUpdateDate><ItemCode>7290106340268</ItemCode><ItemType>1</ItemType><ItemName>עוגיות מלוחות עגולות</ItemName><ManufacturerName>קואופ שופ</ManufacturerName><ManufactureCountry>ישראל</ManufactureCountry><ManufacturerItemDescription>עוגיות מלוחות עגולות</ManufacturerItemDescription><SoldByWeight/><Quantity>400.00</Quantity><UnitOfMeasure>גרם     </UnitOfMeasure><QtyInPackage>לא ידוע</QtyInPackage><UnitOfMeasurePrice>0.0273</UnitOfMeasurePrice><AllowDiscount>1</AllowDiscount><ItemStatus>1</ItemStatus><ItemPrice>10.90</ItemPrice></item><item><PriceUpdateDate>2016-05-01 10:34:41</PriceUpdateDate><ItemCode>7290106340275</ItemCode><ItemType>1</ItemType><ItemName>עוגיות מרוקאיות 350</ItemName><ManufacturerName>קואופ שופ</ManufacturerName><ManufactureCountry>ישראל</ManufactureCountry><ManufacturerItemDescription>עוגיות מרוקאיות 350</ManufacturerItemDescription><SoldByWeight/><Quantity>350.00</Quantity><UnitOfMeasure>גרם     </UnitOfMeasure><QtyInPackage>לא ידוע</QtyInPackage><UnitOfMeasurePrice>0.0397</UnitOfMeasurePrice><AllowDiscount>1</AllowDiscount><ItemStatus>1</ItemStatus><ItemPrice>13.90</ItemPrice></item><item><PriceUpdateDate>2016-08-02 14:51:22</PriceUpdateDate><ItemCode>7290106340381</ItemCode><ItemType>1</ItemType><ItemName>מב רוגלך שוקולד 500</ItemName><ManufacturerName>קואופ שופ</ManufacturerName><ManufactureCountry>ישראל</ManufactureCountry><ManufacturerItemDescription>מב רוגלך שוקולד 500</ManufacturerItemDescription><SoldByWeight/><Quantity>500.00</Quantity><UnitOfMeasure>גרם     </UnitOfMeasure><QtyInPackage>לא ידוע</QtyInPackage><UnitOfMeasurePrice>0.0238</UnitOfMeasurePrice><AllowDiscount>1</AllowDiscount><ItemStatus>1</ItemStatus><ItemPrice>11.90</ItemPrice></item><item><PriceUpdateDate>2016-05-01 10:34:41</PriceUpdateDate><ItemCode>7290106340480</ItemCode><ItemType>1</ItemType><ItemName>וופל מילוי ט.שוקולד</ItemName><ManufacturerName>קואופ שופ</ManufacturerName><ManufactureCountry>ישראל</ManufactureCountry><ManufacturerItemDescription>וופל מילוי ט.שוקולד</ManufacturerItemDescription><SoldByWeight/><Quantity>200.00</Quantity><UnitOfMeasure>גרם     </UnitOfMeasure><QtyInPackage>לא ידוע</QtyInPackage><UnitOfMeasurePrice>0.0200</UnitOfMeasurePrice><AllowDiscount>1</AllowDiscount><ItemStatus>1</ItemStatus><ItemPrice>4.00</ItemPrice></item><item><PriceUpdateDate>2016-05-01 10:34:41</PriceUpdateDate><ItemCode>7290106340497</ItemCode><ItemType>1</ItemType><ItemName>ופלים מצופים שוקולד</ItemName><ManufacturerName>קואופ שופ</ManufacturerName><ManufactureCountry>ישראל</ManufactureCountry><ManufacturerItemDescription>ופלים מצופים שוקולד</ManufacturerItemDescription><SoldByWeight/><Quantity>400.00</Quantity><UnitOfMeasure>גרם     </UnitOfMeasure><QtyInPackage>לא ידוע</QtyInPackage><UnitOfMeasurePrice>0.0223</UnitOfMeasurePrice><AllowDiscount>1</AllowDiscount><ItemStatus>1</ItemStatus><ItemPrice>8.90</ItemPrice></item><item><PriceUpdateDate>2015-10-11 06:44:16</PriceUpdateDate><ItemCode>7290106342668</ItemCode><ItemType>1</ItemType><ItemName>פריכיות אורז מלא קוא</ItemName><ManufacturerName>קואופ שופ</ManufacturerName><ManufactureCountry>ישראל</ManufactureCountry><ManufacturerItemDescription>פריכיות אורז מלא קוא</ManufacturerItemDescription><SoldByWeight/><Quantity>100.00</Quantity><UnitOfMeasure>גרם     </UnitOfMeasure><QtyInPackage>לא ידוע</QtyInPackage><UnitOfMeasurePrice>0.0690</UnitOfMeasurePrice><AllowDiscount>1</AllowDiscount><ItemStatus>1</ItemStatus><ItemPrice>6.90</ItemPrice></item><item><PriceUpdateDate>2016-03-15 11:31:45</PriceUpdateDate><ItemCode>7290106342798</ItemCode><ItemType>1</ItemType><ItemName>שמן קנולה מזוכך 1 לי</ItemName><ManufacturerName>קואופ שופ</ManufacturerName><ManufactureCountry>ישראל</ManufactureCountry><ManufacturerItemDescription>שמן קנולה מזוכך 1 לי</ManufacturerItemDescription><SoldByWeight/><Quantity>1000.00</Quantity><UnitOfMeasure>מ"ל</UnitOfMeasure><QtyInPackage>לא ידוע</QtyInPackage><UnitOfMeasurePrice>0.0069</UnitOfMeasurePrice><AllowDiscount>1</AllowDiscount><ItemStatus>1</ItemStatus><ItemPrice>6.90</ItemPrice></item><item><PriceUpdateDate>2016-05-31 06:17:30</PriceUpdateDate><ItemCode>7290106342804</ItemCode><ItemType>1</ItemType><ItemName>שמן זית כתית מעולה 7</ItemName><ManufacturerName>קואופ שופ</ManufacturerName><ManufactureCountry>ישראל</ManufactureCountry><ManufacturerItemDescription>שמן זית כתית מעולה 7</ManufacturerItemDescription><SoldByWeight/><Quantity>750.00</Quantity><UnitOfMeasure>מ"ל</UnitOfMeasure><QtyInPackage>לא ידוע</QtyInPackage><UnitOfMeasurePrice>0.0372</UnitOfMeasurePrice><AllowDiscount>1</AllowDiscount><ItemStatus>1</ItemStatus><ItemPrice>27.90</ItemPrice></item><item><PriceUpdateDate>2016-05-01 10:34:43</PriceUpdateDate><ItemCode>7290106520066</ItemCode><ItemType>1</ItemType><ItemName>רבע לשבע קרם אגוזים</ItemName><ManufacturerName>עלית</ManufacturerName><ManufactureCountry>ישראל</ManufactureCountry><ManufacturerItemDescription>רבע לשבע בדצ 160 גרם</ManufacturerItemDescription><SoldByWeight/><Quantity>160.00</Quantity><UnitOfMeasure>גרם     </UnitOfMeasure><QtyInPackage>לא ידוע</QtyInPackage><UnitOfMeasurePrice>0.0869</UnitOfMeasurePrice><AllowDiscount>1</AllowDiscount><ItemStatus>1</ItemStatus><ItemPrice>13.90</ItemPrice></item><item><PriceUpdateDate>2016-02-03 06:48:35</PriceUpdateDate><ItemCode>7290106520288</ItemCode><ItemType>1</ItemType><ItemName>דנונה פרו תות 2.4% 1</ItemName><ManufacturerName>דנונה</ManufacturerName><ManufactureCountry>ישראל</ManufactureCountry><ManufacturerItemDescription>דנונה פרי בתחתית תות 145</ManufacturerItemDescription><SoldByWeight/><Quantity>150.00</Quantity><UnitOfMeasure>גרם     </UnitOfMeasure><QtyInPackage>לא ידוע</QtyInPackage><UnitOfMeasurePrice>0.0333</UnitOfMeasurePrice><AllowDiscount>1</AllowDiscount><ItemStatus>1</ItemStatus><ItemPrice>5.00</ItemPrice></item><item><PriceUpdateDate>2015-12-28 06:35:59</PriceUpdateDate><ItemCode>7290106520295</ItemCode><ItemType>1</ItemType><ItemName>דנונה פרו לבן 2.9% 1</ItemName><ManufacturerName>דנונה</ManufacturerName><ManufactureCountry>ישראל</ManufactureCountry><ManufacturerItemDescription>דנונה פרי בתחתית תות 145</ManufacturerItemDescription><SoldByWeight/><Quantity>150.00</Quantity><UnitOfMeasure>גרם     </UnitOfMeasure><QtyInPackage>לא ידוע</QtyInPackage><UnitOfMeasurePrice>0.0333</UnitOfMeasurePrice><AllowDiscount>1</AllowDiscount><ItemStatus>1</ItemStatus><ItemPrice>5.00</ItemPrice></item><item><PriceUpdateDate>2016-02-16 09:21:54</PriceUpdateDate><ItemCode>7290106522220</ItemCode><ItemType>1</ItemType><ItemName>פרה קראנצ' כדורי דגנ</ItemName><ManufacturerName>פרה</ManufacturerName><ManufactureCountry>ישראל</ManufactureCountry><ManufacturerItemDescription>פרה קראנצ כדורי דגנים</ManufacturerItemDescription><SoldByWeight/><Quantity>100.00</Quantity><UnitOfMeasure>גרם     </UnitOfMeasure><QtyInPackage>לא ידוע</QtyInPackage><UnitOfMeasurePrice>0.0690</UnitOfMeasurePrice><AllowDiscount>1</AllowDiscount><ItemStatus>1</ItemStatus><ItemPrice>6.90</ItemPrice></item><item><PriceUpdateDate>2015-10-19 10:44:48</PriceUpdateDate><ItemCode>7290106523142</ItemCode><ItemType>1</ItemType><ItemName>מארז יוגורט יווני טב</ItemName><ManufacturerName>דנונה</ManufacturerName><ManufactureCountry>ישראל</ManufactureCountry><ManufacturerItemDescription>מארז 1/4 יוגורט יווני</ManufacturerItemDescription><SoldByWeight/><Quantity>520.00</Quantity><UnitOfMeasure>גרם     </UnitOfMeasure><QtyInPackage>לא ידוע</QtyInPackage><UnitOfMeasurePrice>0.0254</UnitOfMeasurePrice><AllowDiscount>1</AllowDiscount><ItemStatus>1</ItemStatus><ItemPrice>13.20</ItemPrice></item><item><PriceUpdateDate>2015-12-10 06:46:47</PriceUpdateDate><ItemCode>7290106526822</ItemCode><ItemType>1</ItemType><ItemName>פריכיות אנרג'י שוק.ח</ItemName><ManufacturerName>אנרג'י</ManufacturerName><ManufactureCountry>ישראל</ManufactureCountry><ManufacturerItemDescription>פריכיות עם תחתית שוקולד</ManufacturerItemDescription><SoldByWeight/><Quantity>80.00</Quantity><UnitOfMeasure>גרם     </UnitOfMeasure><QtyInPackage>לא ידוע</QtyInPackage><UnitOfMeasurePrice>0.1113</UnitOfMeasurePrice><AllowDiscount>1</AllowDiscount><ItemStatus>1</ItemStatus><ItemPrice>8.90</ItemPrice></item><item><PriceUpdateDate>2015-08-09 11:08:54</PriceUpdateDate><ItemCode>7290106570153</ItemCode><ItemType>1</ItemType><ItemName>אסם תערובת להכנת לטק</ItemName><ManufacturerName>לא ממותג</ManufacturerName><ManufactureCountry>ישראל</ManufactureCountry><ManufacturerItemDescription>תערובת להכנת לטקס 170 גרם</ManufacturerItemDescription><SoldByWeight/><Quantity>170.00</Quantity><UnitOfMeasure>גרם     </UnitOfMeasure><QtyInPackage>לא ידוע</QtyInPackage><UnitOfMeasurePrice>0.0853</UnitOfMeasurePrice><AllowDiscount>1</AllowDiscount><ItemStatus>1</ItemStatus><ItemPrice>14.50</ItemPrice></item><item><PriceUpdateDate>2016-08-02 09:30:27</PriceUpdateDate><ItemCode>7290106572027</ItemCode><ItemType>1</ItemType><ItemName>לחמית חמישה דגנים 19</ItemName><ManufacturerName>לחמית</ManufacturerName><ManufactureCountry>ישראל</ManufactureCountry><ManufacturerItemDescription>לחמית חמישה דגנים 190 גרם</ManufacturerItemDescription><SoldByWeight/><Quantity>190.00</Quantity><UnitOfMeasure>גרם     </UnitOfMeasure><QtyInPackage>לא ידוע</QtyInPackage><UnitOfMeasurePrice>0.0521</UnitOfMeasurePrice><AllowDiscount>1</AllowDiscount><ItemStatus>1</ItemStatus><ItemPrice>9.90</ItemPrice></item><item><PriceUpdateDate>2016-08-02 09:30:27</PriceUpdateDate><ItemCode>7290106572959</ItemCode><ItemType>1</ItemType><ItemName>מארז חטיף אפרופו קלא</ItemName><ManufacturerName>אפרופו</ManufacturerName><ManufactureCountry>ישראל</ManufactureCountry><ManufacturerItemDescription>מארז חטיף אפרופו קלא</ManufacturerItemDescription><SoldByWeight/><Quantity>25.00</Quantity><UnitOfMeasure>גרם     </UnitOfMeasure><QtyInPackage>לא ידוע</QtyInPackage><UnitOfMeasurePrice>0.6440</UnitOfMeasurePrice><AllowDiscount>1</AllowDiscount><ItemStatus>1</ItemStatus><ItemPrice>16.10</ItemPrice></item><item><PriceUpdateDate>2016-05-31 06:17:31</PriceUpdateDate><ItemCode>7290106572997</ItemCode><ItemType>1</ItemType><ItemName>קמח שמרים לפיצה 1 ק"</ItemName><ManufacturerName>אסם</ManufacturerName><ManufactureCountry>ישראל</ManufactureCountry><ManufacturerItemDescription>קמח שמרים לפיצה 1 ק"</ManufacturerItemDescription><SoldByWeight/><Quantity>1000.00</Quantity><UnitOfMeasure>גרם     </UnitOfMeasure><QtyInPackage>לא ידוע</QtyInPackage><UnitOfMeasurePrice>0.0098</UnitOfMeasurePrice><AllowDiscount>1</AllowDiscount><ItemStatus>1</ItemStatus><ItemPrice>9.80</ItemPrice></item><item><PriceUpdateDate>2016-08-02 09:30:27</PriceUpdateDate><ItemCode>7290106573574</ItemCode><ItemType>1</ItemType><ItemName>מב סלט צבר חומוס ירו</ItemName><ManufacturerName>צבר</ManufacturerName><ManufactureCountry>ישראל</ManufactureCountry><ManufacturerItemDescription>סלט חומוס ירושלמי 400 גרם</ManufacturerItemDescription><SoldByWeight/><Quantity>400.00</Quantity><UnitOfMeasure>גרם     </UnitOfMeasure><QtyInPackage>לא ידוע</QtyInPackage><UnitOfMeasurePrice>0.0298</UnitOfMeasurePrice><AllowDiscount>1</AllowDiscount><ItemStatus>1</ItemStatus><ItemPrice>11.90</ItemPrice></item><item><PriceUpdateDate>2016-08-02 09:30:27</PriceUpdateDate><ItemCode>7290106573628</ItemCode><ItemType>1</ItemType><ItemName>מב סלט צבר חומוס עם</ItemName><ManufacturerName>צבר</ManufacturerName><ManufactureCountry>ישראל</ManufactureCountry><ManufacturerItemDescription>סלט חומוס טחינה 400 גרם</ManufacturerItemDescription><SoldByWeight/><Quantity>400.00</Quantity><UnitOfMeasure>גרם     </UnitOfMeasure><QtyInPackage>לא ידוע</QtyInPackage><UnitOfMeasurePrice>0.0298</UnitOfMeasurePrice><AllowDiscount>1</AllowDiscount><ItemStatus>1</ItemStatus><ItemPrice>11.90</ItemPrice></item><item><PriceUpdateDate>2016-08-02 09:30:27</PriceUpdateDate><ItemCode>7290106573703</ItemCode><ItemType>1</ItemType><ItemName>סלט חציל פיקנטי רפי</ItemName><ManufacturerName>צבר</ManufacturerName><ManufactureCountry>ישראל</ManufactureCountry><ManufacturerItemDescription>סלט חציל פיקנטי רפי</ManufacturerItemDescription><SoldByWeight/><Quantity>400.00</Quantity><UnitOfMeasure>גרם     </UnitOfMeasure><QtyInPackage>לא ידוע</QtyInPackage><UnitOfMeasurePrice>0.0413</UnitOfMeasurePrice><AllowDiscount>1</AllowDiscount><ItemStatus>1</ItemStatus><ItemPrice>16.50</ItemPrice></item><item><PriceUpdateDate>2016-08-02 09:30:27</PriceUpdateDate><ItemCode>7290106573796</ItemCode><ItemType>1</ItemType><ItemName>מב סלט צבר חומוס זעת</ItemName><ManufacturerName>צבר</ManufacturerName><ManufactureCountry>ישראל</ManufactureCountry><ManufacturerItemDescription>מב סלט צבר חומוס זעת</ManufacturerItemDescription><SoldByWeight/><Quantity>400.00</Quantity><UnitOfMeasure>גרם     </UnitOfMeasure><QtyInPackage>לא ידוע</QtyInPackage><UnitOfMeasurePrice>0.0298</UnitOfMeasurePrice><AllowDiscount>1</AllowDiscount><ItemStatus>1</ItemStatus><ItemPrice>11.90</ItemPrice></item><item><PriceUpdateDate>2016-08-02 09:30:27</PriceUpdateDate><ItemCode>7290106573819</ItemCode><ItemType>1</ItemType><ItemName>מב סלט צבר חומוס אבו</ItemName><ManufacturerName>צבר</ManufacturerName><ManufactureCountry>ישראל</ManufactureCountry><ManufacturerItemDescription>סלט חומוס אבו גוש 400 גרם</ManufacturerItemDescription><SoldByWeight/><Quantity>400.00</Quantity><UnitOfMeasure>גרם     </UnitOfMeasure><QtyInPackage>לא ידוע</QtyInPackage><UnitOfMeasurePrice>0.0298</UnitOfMeasurePrice><AllowDiscount>1</AllowDiscount><ItemStatus>1</ItemStatus><ItemPrice>11.90</ItemPrice></item><item><PriceUpdateDate>2016-05-31 06:17:31</PriceUpdateDate><ItemCode>7290106575011</ItemCode><ItemType>1</ItemType><ItemName>פתיתים אפויים פלוס ח</ItemName><ManufacturerName>פסטה אסם</ManufacturerName><ManufactureCountry>ישראל</ManufactureCountry><ManufacturerItemDescription>פתיתים אפויים עם חיטה מלא</ManufacturerItemDescription><SoldByWeight/><Quantity>500.00</Quantity><UnitOfMeasure>גרם     </UnitOfMeasure><QtyInPackage>לא ידוע</QtyInPackage><UnitOfMeasurePrice>0.0118</UnitOfMeasurePrice><AllowDiscount>1</AllowDiscount><ItemStatus>1</ItemStatus><ItemPrice>5.90</ItemPrice></item><item><PriceUpdateDate>2015-10-11 06:44:17</PriceUpdateDate><ItemCode>7290106576414</ItemCode><ItemType>1</ItemType><ItemName>חטיף צ'יפסי בטעם מקס</ItemName><ManufacturerName>ציפסי</ManufacturerName><ManufactureCountry>ישראל</ManufactureCountry><ManufacturerItemDescription>חטיף ציפסי בטעם מקסיקני 5</ManufacturerItemDescription><SoldByWeight/><Quantity>50.00</Quantity><UnitOfMeasure>גרם     </UnitOfMeasure><QtyInPackage>לא ידוע</QtyInPackage><UnitOfMeasurePrice>0.0760</UnitOfMeasurePrice><AllowDiscount>1</AllowDiscount><ItemStatus>1</ItemStatus><ItemPrice>3.80</ItemPrice></item><item><PriceUpdateDate>2016-03-30 07:28:34</PriceUpdateDate><ItemCode>7290106576537</ItemCode><ItemType>1</ItemType><ItemName>חומוס צבר מסעדה 700</ItemName><ManufacturerName>צבר</ManufacturerName><ManufactureCountry>ישראל</ManufactureCountry><ManufacturerItemDescription>חומוס מסעדה 700 גר</ManufacturerItemDescription><SoldByWeight/><Quantity>700.00</Quantity><UnitOfMeasure>גרם     </UnitOfMeasure><QtyInPackage>לא ידוע</QtyInPackage><UnitOfMeasurePrice>0.0156</UnitOfMeasurePrice><AllowDiscount>1</AllowDiscount><ItemStatus>1</ItemStatus><ItemPrice>10.90</ItemPrice></item><item><PriceUpdateDate>2016-08-02 09:30:27</PriceUpdateDate><ItemCode>7290106577480</ItemCode><ItemType>1</ItemType><ItemName>מב חציל על האש בטחינ</ItemName><ManufacturerName>צבר</ManufacturerName><ManufactureCountry>ישראל</ManufactureCountry><ManufacturerItemDescription>חציל על האש בטחינה 400 גר</ManufacturerItemDescription><SoldByWeight/><Quantity>400.00</Quantity><UnitOfMeasure>גרם     </UnitOfMeasure><QtyInPackage>לא ידוע</QtyInPackage><UnitOfMeasurePrice>0.0298</UnitOfMeasurePrice><AllowDiscount>1</AllowDiscount><ItemStatus>1</ItemStatus><ItemPrice>11.90</ItemPrice></item><item><PriceUpdateDate>2016-08-02 09:30:27</PriceUpdateDate><ItemCode>7290106577503</ItemCode><ItemType>1</ItemType><ItemName>מב סלט חצילים צבר 40</ItemName><ManufacturerName>צבר</ManufacturerName><ManufactureCountry>ישראל</ManufactureCountry><ManufacturerItemDescription>חציל במיונז 400 גרם</ManufacturerItemDescription><SoldByWeight/><Quantity>400.00</Quantity><UnitOfMeasure>גרם     </UnitOfMeasure><QtyInPackage>לא ידוע</QtyInPackage><UnitOfMeasurePrice>0.0298</UnitOfMeasurePrice><AllowDiscount>1</AllowDiscount><ItemStatus>1</ItemStatus><ItemPrice>11.90</ItemPrice></item><item><PriceUpdateDate>2016-08-02 09:30:27</PriceUpdateDate><ItemCode>7290106577541</ItemCode><ItemType>1</ItemType><ItemName>מב סלט כרוב אדום צבר</ItemName><ManufacturerName>צבר</ManufacturerName><ManufactureCountry>ישראל</ManufactureCountry><ManufacturerItemDescription>כרוב אדום 400 גר</ManufacturerItemDescription><SoldByWeight/><Quantity>400.00</Quantity><UnitOfMeasure>גרם     </UnitOfMeasure><QtyInPackage>לא ידוע</QtyInPackage><UnitOfMeasurePrice>0.0298</UnitOfMeasurePrice><AllowDiscount>1</AllowDiscount><ItemStatus>1</ItemStatus><ItemPrice>11.90</ItemPrice></item><item><PriceUpdateDate>2016-05-01 10:34:49</PriceUpdateDate><ItemCode>7290106577961</ItemCode><ItemType>1</ItemType><ItemName>צ'ריוס שיבולת שועל 3</ItemName><ManufacturerName>לא ממותג</ManufacturerName><ManufactureCountry>ישראל</ManufactureCountry><ManufacturerItemDescription>צ'ריוס שיבולת שועל 3</ManufacturerItemDescription><SoldByWeight/><Quantity>340.00</Quantity><UnitOfMeasure>גרם     </UnitOfMeasure><QtyInPackage>לא ידוע</QtyInPackage><UnitOfMeasurePrice>0.0597</UnitOfMeasurePrice><AllowDiscount>1</AllowDiscount><ItemStatus>1</ItemStatus><ItemPrice>20.30</ItemPrice></item><item><PriceUpdateDate>2016-05-01 10:34:49</PriceUpdateDate><ItemCode>7290106579118</ItemCode><ItemType>1</ItemType><ItemName>פסטה פרפקטו ספגטי עת</ItemName><ManufacturerName>פרפקטו</ManufacturerName><ManufactureCountry>איטליה</ManufactureCountry><ManufacturerItemDescription>ספומנטה ורדי     מ"ל</ManufacturerItemDescription><SoldByWeight/><Quantity>450.00</Quantity><UnitOfMeasure>גרם     </UnitOfMeasure><QtyInPackage>לא ידוע</QtyInPackage><UnitOfMeasurePrice>0.0224</UnitOfMeasurePrice><AllowDiscount>1</AllowDiscount><ItemStatus>1</ItemStatus><ItemPrice>10.10</ItemPrice></item><item><PriceUpdateDate>2016-05-01 10:34:49</PriceUpdateDate><ItemCode>7290106579156</ItemCode><ItemType>1</ItemType><ItemName>פסטה פרפקטו פארפאלה</ItemName><ManufacturerName>פרפקטו</ManufacturerName><ManufactureCountry>איטליה</ManufactureCountry><ManufacturerItemDescription>ורדי אפרסק      "ל</ManufacturerItemDescription><SoldByWeight/><Quantity>450.00</Quantity><UnitOfMeasure>גרם     </UnitOfMeasure><QtyInPackage>לא ידוע</QtyInPackage><UnitOfMeasurePrice>0.0213</UnitOfMeasurePrice><AllowDiscount>1</AllowDiscount><ItemStatus>1</ItemStatus><ItemPrice>9.60</ItemPrice></item><item><PriceUpdateDate>2016-08-02 09:30:27</PriceUpdateDate><ItemCode>7290106579293</ItemCode><ItemType>1</ItemType><ItemName>סלט סלק רפי כהן 400</ItemName><ManufacturerName>צבר</ManufacturerName><ManufactureCountry>ישראל</ManufactureCountry><ManufacturerItemDescription>סלט סלק רפי כהן 400</ManufacturerItemDescription><SoldByWeight/><Quantity>400.00</Quantity><UnitOfMeasure>גרם     </UnitOfMeasure><QtyInPackage>לא ידוע</QtyInPackage><UnitOfMeasurePrice>0.0413</UnitOfMeasurePrice><AllowDiscount>1</AllowDiscount><ItemStatus>1</ItemStatus><ItemPrice>16.50</ItemPrice></item><item><PriceUpdateDate>2016-06-28 07:05:12</PriceUpdateDate><ItemCode>7290106579316</ItemCode><ItemType>1</ItemType><ItemName>ג'ויה גלידת וניל עוג</ItemName><ManufacturerName>ג'ויה</ManufacturerName><ManufactureCountry>ישראל</ManufactureCountry><ManufacturerItemDescription>גלידה וניל עוגיות 500מל</ManufacturerItemDescription><SoldByWeight/><Quantity>500.00</Quantity><UnitOfMeasure>מ"ל</UnitOfMeasure><QtyInPackage>לא ידוע</QtyInPackage><UnitOfMeasurePrice>0.0478</UnitOfMeasurePrice><AllowDiscount>1</AllowDiscount><ItemStatus>1</ItemStatus><ItemPrice>23.90</ItemPrice></item><item><PriceUpdateDate>2016-06-28 07:05:12</PriceUpdateDate><ItemCode>7290106579330</ItemCode><ItemType>1</ItemType><ItemName>ג'ויה גלידת ריבת חלב</ItemName><ManufacturerName>ג'ויה</ManufacturerName><ManufactureCountry>ישראל</ManufactureCountry><ManufacturerItemDescription>גלידה ריבת חלב 500מל</ManufacturerItemDescription><SoldByWeight/><Quantity>500.00</Quantity><UnitOfMeasure>מ"ל</UnitOfMeasure><QtyInPackage>לא ידוע</QtyInPackage><UnitOfMeasurePrice>0.0478</UnitOfMeasurePrice><AllowDiscount>1</AllowDiscount><ItemStatus>1</ItemStatus><ItemPrice>23.90</ItemPrice></item><item><PriceUpdateDate>2015-11-10 07:33:28</PriceUpdateDate><ItemCode>7290106651401</ItemCode><ItemType>1</ItemType><ItemName>דנונה מארז שמיניה תו</ItemName><ManufacturerName>דנונה</ManufacturerName><ManufactureCountry>ישראל</ManufactureCountry><ManufacturerItemDescription>דנונה מארז שמיניה תו</ManufacturerItemDescription><SoldByWeight/><Quantity>1200.00</Quantity><UnitOfMeasure>מ"ל</UnitOfMeasure><QtyInPackage>לא ידוע</QtyInPackage><UnitOfMeasurePrice>0.0246</UnitOfMeasurePrice><AllowDiscount>1</AllowDiscount><ItemStatus>1</ItemStatus><ItemPrice>29.50</ItemPrice></item><item><PriceUpdateDate>2015-11-10 07:33:29</PriceUpdateDate><ItemCode>7290106655645</ItemCode><ItemType>1</ItemType><ItemName>מארז דנונה שמיניה 0%</ItemName><ManufacturerName>דנונה</ManufacturerName><ManufactureCountry>ישראל</ManufactureCountry><ManufacturerItemDescription>מארז דנונה שמיניה 0%</ManufacturerItemDescription><SoldByWeight/><Quantity>1200.00</Quantity><UnitOfMeasure>מ"ל</UnitOfMeasure><QtyInPackage>לא ידוע</QtyInPackage><UnitOfMeasurePrice>0.0246</UnitOfMeasurePrice><AllowDiscount>1</AllowDiscount><ItemStatus>1</ItemStatus><ItemPrice>29.50</ItemPrice></item><item><PriceUpdateDate>2016-02-01 19:33:22</PriceUpdateDate><ItemCode>7290106656734</ItemCode><ItemType>1</ItemType><ItemName>עוגיות חיוכים וניל 6</ItemName><ManufacturerName>עלית</ManufacturerName><ManufactureCountry>ישראל</ManufactureCountry><ManufacturerItemDescription>עוגיות חיוכים וניל 6</ManufacturerItemDescription><SoldByWeight/><Quantity>600.00</Quantity><UnitOfMeasure>גרם     </UnitOfMeasure><QtyInPackage>לא ידוע</QtyInPackage><UnitOfMeasurePrice>0.0332</UnitOfMeasurePrice><AllowDiscount>1</AllowDiscount><ItemStatus>1</ItemStatus><ItemPrice>19.90</ItemPrice></item><item><PriceUpdateDate>2016-05-08 06:21:33</PriceUpdateDate><ItemCode>7290106659742</ItemCode><ItemType>1</ItemType><ItemName>דוריטוס בום פיצה 55</ItemName><ManufacturerName>דוריטוס</ManufacturerName><ManufactureCountry>ישראל</ManufactureCountry><ManufacturerItemDescription>דוריטוס בטעם טבעי 55 גרם</ManufacturerItemDescription><SoldByWeight/><Quantity>55.00</Quantity><UnitOfMeasure>גרם     </UnitOfMeasure><QtyInPackage>לא ידוע</QtyInPackage><UnitOfMeasurePrice>0.0655</UnitOfMeasurePrice><AllowDiscount>1</AllowDiscount><ItemStatus>1</ItemStatus><ItemPrice>3.60</ItemPrice></item><item><PriceUpdateDate>2015-12-28 06:35:59</PriceUpdateDate><ItemCode>7290106662582</ItemCode><ItemType>1</ItemType><ItemName>JOY מעדן שוקולד מריר</ItemName><ManufacturerName>מעדן שטראוס</ManufacturerName><ManufactureCountry>ישראל</ManufactureCountry><ManufacturerItemDescription>מעדן גוי דיאט בטעם שוקולד</ManufacturerItemDescription><SoldByWeight/><Quantity>130.00</Quantity><UnitOfMeasure>גרם     </UnitOfMeasure><QtyInPackage>לא ידוע</QtyInPackage><UnitOfMeasurePrice>0.0269</UnitOfMeasurePrice><AllowDiscount>1</AllowDiscount><ItemStatus>1</ItemStatus><ItemPrice>3.50</ItemPrice></item><item><PriceUpdateDate>2015-12-28 06:35:59</PriceUpdateDate><ItemCode>7290106662605</ItemCode><ItemType>1</ItemType><ItemName>JOY מעדן שוקולד חלב</ItemName><ManufacturerName>מעדן שטראוס</ManufacturerName><ManufactureCountry>ישראל</ManufactureCountry><ManufacturerItemDescription>מעדן גוי דיאט בטעם שוקולד</ManufacturerItemDescription><SoldByWeight/><Quantity>130.00</Quantity><UnitOfMeasure>גרם     </UnitOfMeasure><QtyInPackage>לא ידוע</QtyInPackage><UnitOfMeasurePrice>0.0269</UnitOfMeasurePrice><AllowDiscount>1</AllowDiscount><ItemStatus>1</ItemStatus><ItemPrice>3.50</ItemPrice></item><item><PriceUpdateDate>2015-12-28 06:35:59</PriceUpdateDate><ItemCode>7290106662612</ItemCode><ItemType>1</ItemType><ItemName>JOY מעדן וניל 130 גר</ItemName><ManufacturerName>מעדן שטראוס</ManufacturerName><ManufactureCountry>ישראל</ManufactureCountry><ManufacturerItemDescription>מעדן גוי דיאט בטעם שוקולד</ManufacturerItemDescription><SoldByWeight/><Quantity>130.00</Quantity><UnitOfMeasure>גרם     </UnitOfMeasure><QtyInPackage>לא ידוע</QtyInPackage><UnitOfMeasurePrice>0.0269</UnitOfMeasurePrice><AllowDiscount>1</AllowDiscount><ItemStatus>1</ItemStatus><ItemPrice>3.50</ItemPrice></item><item><PriceUpdateDate>2015-12-28 06:35:59</PriceUpdateDate><ItemCode>7290106662629</ItemCode><ItemType>1</ItemType><ItemName>JOY מעדן דיאט וניל 1</ItemName><ManufacturerName>מעדן שטראוס</ManufacturerName><ManufactureCountry>ישראל</ManufactureCountry><ManufacturerItemDescription>מעדן גוי דיאט בטעם שוקולד</ManufacturerItemDescription><SoldByWeight/><Quantity>130.00</Quantity><UnitOfMeasure>גרם     </UnitOfMeasure><QtyInPackage>לא ידוע</QtyInPackage><UnitOfMeasurePrice>0.0269</UnitOfMeasurePrice><AllowDiscount>1</AllowDiscount><ItemStatus>1</ItemStatus><ItemPrice>3.50</ItemPrice></item><item><PriceUpdateDate>2015-12-28 06:35:59</PriceUpdateDate><ItemCode>7290106662643</ItemCode><ItemType>1</ItemType><ItemName>JOY מעדן דיאט שוקולד</ItemName><ManufacturerName>מעדן שטראוס</ManufacturerName><ManufactureCountry>ישראל</ManufactureCountry><ManufacturerItemDescription>מעדן גוי דיאט בטעם שוקולד</ManufacturerItemDescription><SoldByWeight/><Quantity>130.00</Quantity><UnitOfMeasure>גרם     </UnitOfMeasure><QtyInPackage>לא ידוע</QtyInPackage><UnitOfMeasurePrice>0.0269</UnitOfMeasurePrice><AllowDiscount>1</AllowDiscount><ItemStatus>1</ItemStatus><ItemPrice>3.50</ItemPrice></item><item><PriceUpdateDate>2016-03-30 10:11:28</PriceUpdateDate><ItemCode>7290106662810</ItemCode><ItemType>1</ItemType><ItemName>פריכיות אנרג'י אורז</ItemName><ManufacturerName>אנרג'י</ManufacturerName><ManufactureCountry>ישראל</ManufactureCountry><ManufacturerItemDescription>פריכי אורז מצופה מריר כשל</ManufacturerItemDescription><SoldByWeight/><Quantity>80.00</Quantity><UnitOfMeasure>גרם     </UnitOfMeasure><QtyInPackage>לא ידוע</QtyInPackage><UnitOfMeasurePrice>0.1113</UnitOfMeasurePrice><AllowDiscount>1</AllowDiscount><ItemStatus>1</ItemStatus><ItemPrice>8.90</ItemPrice></item><item><PriceUpdateDate>2016-05-31 06:17:33</PriceUpdateDate><ItemCode>7290106663121</ItemCode><ItemType>1</ItemType><ItemName>מילקי CAKE קייק 34 ג</ItemName><ManufacturerName>מילקי</ManufacturerName><ManufactureCountry>ישראל</ManufactureCountry><ManufacturerItemDescription>מילקי וניל170 מל</ManufacturerItemDescription><SoldByWeight/><Quantity>34.00</Quantity><UnitOfMeasure>גרם     </UnitOfMeasure><QtyInPackage>לא ידוע</QtyInPackage><UnitOfMeasurePrice>0.0941</UnitOfMeasurePrice><AllowDiscount>1</AllowDiscount><ItemStatus>1</ItemStatus><ItemPrice>3.20</ItemPrice></item><item><PriceUpdateDate>2016-05-01 06:12:26</PriceUpdateDate><ItemCode>7290106663541</ItemCode><ItemType>1</ItemType><ItemName>רוטב צ'ילי שום 280 מ</ItemName><ManufacturerName>יד מרדכי</ManufacturerName><ManufactureCountry>ישראל</ManufactureCountry><ManufacturerItemDescription>רוטב צ'ילי שום 280 מ</ManufacturerItemDescription><SoldByWeight/><Quantity>280.00</Quantity><UnitOfMeasure>מ"ל</UnitOfMeasure><QtyInPackage>לא ידוע</QtyInPackage><UnitOfMeasurePrice>0.0604</UnitOfMeasurePrice><AllowDiscount>1</AllowDiscount><ItemStatus>1</ItemStatus><ItemPrice>16.90</ItemPrice></item><item><PriceUpdateDate>2015-11-10 07:33:30</PriceUpdateDate><ItemCode>7290106663565</ItemCode><ItemType>1</ItemType><ItemName>חלבית (חלבי) 300 גרם</ItemName><ManufacturerName>עלית</ManufacturerName><ManufactureCountry>ישראל</ManufactureCountry><ManufacturerItemDescription>חלבית (חלבי) 300 גרם</ManufacturerItemDescription><SoldByWeight/><Quantity>300.00</Quantity><UnitOfMeasure>גרם     </UnitOfMeasure><QtyInPackage>לא ידוע</QtyInPackage><UnitOfMeasurePrice>0.0750</UnitOfMeasurePrice><AllowDiscount>1</AllowDiscount><ItemStatus>1</ItemStatus><ItemPrice>22.50</ItemPrice></item><item><PriceUpdateDate>2016-05-08 06:21:33</PriceUpdateDate><ItemCode>7290106664425</ItemCode><ItemType>1</ItemType><ItemName>דוריטוס בום על האש 5</ItemName><ManufacturerName>דוריטוס</ManufacturerName><ManufactureCountry>ישראל</ManufactureCountry><ManufacturerItemDescription>דוריטוס בטעם טבעי 55 גרם</ManufacturerItemDescription><SoldByWeight/><Quantity>55.00</Quantity><UnitOfMeasure>גרם     </UnitOfMeasure><QtyInPackage>לא ידוע</QtyInPackage><UnitOfMeasurePrice>0.0655</UnitOfMeasurePrice><AllowDiscount>1</AllowDiscount><ItemStatus>1</ItemStatus><ItemPrice>3.60</ItemPrice></item><item><PriceUpdateDate>2016-05-01 10:34:52</PriceUpdateDate><ItemCode>7290106666122</ItemCode><ItemType>1</ItemType><ItemName>פריכיות אנרג'י ביס פ</ItemName><ManufacturerName>עלית</ManufacturerName><ManufactureCountry>ישראל</ManufactureCountry><ManufacturerItemDescription>פריכיות ביס בטעם וניל 25</ManufacturerItemDescription><SoldByWeight/><Quantity>45.00</Quantity><UnitOfMeasure>גרם     </UnitOfMeasure><QtyInPackage>לא ידוע</QtyInPackage><UnitOfMeasurePrice>0.1667</UnitOfMeasurePrice><AllowDiscount>1</AllowDiscount><ItemStatus>1</ItemStatus><ItemPrice>7.50</ItemPrice></item><item><PriceUpdateDate>2016-08-02 09:30:28</PriceUpdateDate><ItemCode>7290106666368</ItemCode><ItemType>1</ItemType><ItemName>מב רביעיית אנרג'י שו</ItemName><ManufacturerName>לא ממותג</ManufacturerName><ManufactureCountry>ישראל</ManufactureCountry><ManufacturerItemDescription>רביעית פרה חלב וקוקוס עד1</ManufacturerItemDescription><SoldByWeight/><Quantity>100.00</Quantity><UnitOfMeasure>גרם     </UnitOfMeasure><QtyInPackage>לא ידוע</QtyInPackage><UnitOfMeasurePrice>0.1090</UnitOfMeasurePrice><AllowDiscount>1</AllowDiscount><ItemStatus>1</ItemStatus><ItemPrice>10.90</ItemPrice></item><item><PriceUpdateDate>2016-06-20 15:04:08</PriceUpdateDate><ItemCode>7290106668133</ItemCode><ItemType>1</ItemType><ItemName>שוקולית 400 גרם בשקי</ItemName><ManufacturerName>עלית</ManufacturerName><ManufactureCountry>ישראל</ManufactureCountry><ManufacturerItemDescription>שוקולית 400 גרם בשקי</ManufacturerItemDescription><SoldByWeight/><Quantity>400.00</Quantity><UnitOfMeasure>גרם     </UnitOfMeasure><QtyInPackage>לא ידוע</QtyInPackage><UnitOfMeasurePrice>0.0323</UnitOfMeasurePrice><AllowDiscount>1</AllowDiscount><ItemStatus>1</ItemStatus><ItemPrice>12.90</ItemPrice></item><item><PriceUpdateDate>2015-07-29 07:42:41</PriceUpdateDate><ItemCode>7290106668584</ItemCode><ItemType>1</ItemType><ItemName>מיץ ליים 250 מ"ל</ItemName><ManufacturerName>יד מרדכי</ManufacturerName><ManufactureCountry>ישראל</ManufactureCountry><ManufacturerItemDescription>מיץ ליים 250 מ"ל</ManufacturerItemDescription><SoldByWeight/><Quantity>250.00</Quantity><UnitOfMeasure>מ"ל</UnitOfMeasure><QtyInPackage>לא ידוע</QtyInPackage><UnitOfMeasurePrice>0.0396</UnitOfMeasurePrice><AllowDiscount>1</AllowDiscount><ItemStatus>1</ItemStatus><ItemPrice>9.90</ItemPrice></item><item><PriceUpdateDate>2016-05-08 06:21:33</PriceUpdateDate><ItemCode>7290106668737</ItemCode><ItemType>1</ItemType><ItemName>דנונה לשתיה 0% תות 2</ItemName><ManufacturerName>לא ידוע</ManufacturerName><ManufactureCountry>לא ידוע</ManufactureCountry><ManufacturerItemDescription>דנונה לשתיה 0% תות 2</ManufacturerItemDescription><SoldByWeight/><Quantity>267.00</Quantity><UnitOfMeasure>גרם     </UnitOfMeasure><QtyInPackage>לא ידוע</QtyInPackage><UnitOfMeasurePrice>0.0206</UnitOfMeasurePrice><AllowDiscount>1</AllowDiscount><ItemStatus>1</ItemStatus><ItemPrice>5.50</ItemPrice></item><item><PriceUpdateDate>2016-03-02 06:55:32</PriceUpdateDate><ItemCode>7290106720145</ItemCode><ItemType>1</ItemType><ItemName>אינסטנט פודינג וניל</ItemName><ManufacturerName>עלית</ManufacturerName><ManufactureCountry>ישראל</ManufactureCountry><ManufacturerItemDescription>פודינג אינסטנט בטעם וניל</ManufacturerItemDescription><SoldByWeight/><Quantity>80.00</Quantity><UnitOfMeasure>גרם     </UnitOfMeasure><QtyInPackage>לא ידוע</QtyInPackage><UnitOfMeasurePrice>0.0487</UnitOfMeasurePrice><AllowDiscount>1</AllowDiscount><ItemStatus>1</ItemStatus><ItemPrice>3.90</ItemPrice></item><item><PriceUpdateDate>2015-10-19 10:44:50</PriceUpdateDate><ItemCode>7290106721371</ItemCode><ItemType>1</ItemType><ItemName>חטיף דוריטוס חמוץ מת</ItemName><ManufacturerName>דוריטוס</ManufacturerName><ManufactureCountry>ישראל</ManufactureCountry><ManufacturerItemDescription>דוריטוס חמוץ מתוק 200 גרם</ManufacturerItemDescription><SoldByWeight/><Quantity>200.00</Quantity><UnitOfMeasure>גרם     </UnitOfMeasure><QtyInPackage>לא ידוע</QtyInPackage><UnitOfMeasurePrice>0.0505</UnitOfMeasurePrice><AllowDiscount>1</AllowDiscount><ItemStatus>1</ItemStatus><ItemPrice>10.10</ItemPrice></item><item><PriceUpdateDate>2016-08-02 09:30:28</PriceUpdateDate><ItemCode>7290106724617</ItemCode><ItemType>1</ItemType><ItemName>סביח אחלה 400 גרם</ItemName><ManufacturerName>אחלה</ManufacturerName><ManufactureCountry>ישראל</ManufactureCountry><ManufacturerItemDescription>סביח 400 גרם</ManufacturerItemDescription><SoldByWeight/><Quantity>400.00</Quantity><UnitOfMeasure>גרם     </UnitOfMeasure><QtyInPackage>לא ידוע</QtyInPackage><UnitOfMeasurePrice>0.0422</UnitOfMeasurePrice><AllowDiscount>1</AllowDiscount><ItemStatus>1</ItemStatus><ItemPrice>16.90</ItemPrice></item><item><PriceUpdateDate>2016-05-01 10:34:54</PriceUpdateDate><ItemCode>7290106724945</ItemCode><ItemType>1</ItemType><ItemName>עוגיות חיוכים שוקו ו</ItemName><ManufacturerName>עלית</ManufacturerName><ManufactureCountry>ישראל</ManufactureCountry><ManufacturerItemDescription>עוגיות חיוכים שוקו וניל 1</ManufacturerItemDescription><SoldByWeight/><Quantity>70.00</Quantity><UnitOfMeasure>גרם     </UnitOfMeasure><QtyInPackage>לא ידוע</QtyInPackage><UnitOfMeasurePrice>0.0414</UnitOfMeasurePrice><AllowDiscount>1</AllowDiscount><ItemStatus>1</ItemStatus><ItemPrice>2.90</ItemPrice></item><item><PriceUpdateDate>2016-03-21 16:01:08</PriceUpdateDate><ItemCode>7290106725126</ItemCode><ItemType>1</ItemType><ItemName>בונבוניירת ספלנדיד פ</ItemName><ManufacturerName>לא ממותג</ManufacturerName><ManufactureCountry>לא ידוע</ManufactureCountry><ManufacturerItemDescription>בונבוניירת ספלנדיד פ</ManufacturerItemDescription><SoldByWeight/><Quantity>243.00</Quantity><UnitOfMeasure>גרם     </UnitOfMeasure><QtyInPackage>לא ידוע</QtyInPackage><UnitOfMeasurePrice>0.1642</UnitOfMeasurePrice><AllowDiscount>1</AllowDiscount><ItemStatus>1</ItemStatus><ItemPrice>39.90</ItemPrice></item><item><PriceUpdateDate>2015-12-28 06:35:59</PriceUpdateDate><ItemCode>7290106726161</ItemCode><ItemType>1</ItemType><ItemName>דנונה פרו אפרסק 2.4%</ItemName><ManufacturerName>דנונה</ManufacturerName><ManufactureCountry>ישראל</ManufactureCountry><ManufacturerItemDescription>דנונה פרי בתחתית תות 145</ManufacturerItemDescription><SoldByWeight/><Quantity>150.00</Quantity><UnitOfMeasure>גרם     </UnitOfMeasure><QtyInPackage>לא ידוע</QtyInPackage><UnitOfMeasurePrice>0.0333</UnitOfMeasurePrice><AllowDiscount>1</AllowDiscount><ItemStatus>1</ItemStatus><ItemPrice>5.00</ItemPrice></item><item><PriceUpdateDate>2015-12-28 06:35:59</PriceUpdateDate><ItemCode>7290106726178</ItemCode><ItemType>1</ItemType><ItemName>דנונה פרו פירות יער</ItemName><ManufacturerName>דנונה</ManufacturerName><ManufactureCountry>ישראל</ManufactureCountry><ManufacturerItemDescription>דנונה פרי בתחתית תות 145</ManufacturerItemDescription><SoldByWeight/><Quantity>150.00</Quantity><UnitOfMeasure>גרם     </UnitOfMeasure><QtyInPackage>לא ידוע</QtyInPackage><UnitOfMeasurePrice>0.0333</UnitOfMeasurePrice><AllowDiscount>1</AllowDiscount><ItemStatus>1</ItemStatus><ItemPrice>5.00</ItemPrice></item><item><PriceUpdateDate>2016-03-15 11:31:46</PriceUpdateDate><ItemCode>7290106726796</ItemCode><ItemType>1</ItemType><ItemName>דנונה בר עדשים 180 ג</ItemName><ManufacturerName>דנונה</ManufacturerName><ManufactureCountry>ישראל</ManufactureCountry><ManufacturerItemDescription>דנונהבר תות קורנפלקס מצופ</ManufacturerItemDescription><SoldByWeight/><Quantity>180.00</Quantity><UnitOfMeasure>גרם     </UnitOfMeasure><QtyInPackage>לא ידוע</QtyInPackage><UnitOfMeasurePrice>0.0250</UnitOfMeasurePrice><AllowDiscount>1</AllowDiscount><ItemStatus>1</ItemStatus><ItemPrice>4.50</ItemPrice></item><item><PriceUpdateDate>2015-12-28 06:35:59</PriceUpdateDate><ItemCode>7290106727045</ItemCode><ItemType>1</ItemType><ItemName>דנונה פרו אננס 2.4%</ItemName><ManufacturerName>דנונה</ManufacturerName><ManufactureCountry>ישראל</ManufactureCountry><ManufacturerItemDescription>דנונה פרי בתחתית תות 145</ManufacturerItemDescription><SoldByWeight/><Quantity>150.00</Quantity><UnitOfMeasure>גרם     </UnitOfMeasure><QtyInPackage>לא ידוע</QtyInPackage><UnitOfMeasurePrice>0.0333</UnitOfMeasurePrice><AllowDiscount>1</AllowDiscount><ItemStatus>1</ItemStatus><ItemPrice>5.00</ItemPrice></item><item><PriceUpdateDate>2016-03-17 06:44:52</PriceUpdateDate><ItemCode>7290106728820</ItemCode><ItemType>1</ItemType><ItemName>מארז קפה נמס עלית 20</ItemName><ManufacturerName>עלית נמס</ManufacturerName><ManufactureCountry>ישראל</ManufactureCountry><ManufacturerItemDescription>קפה נמס עלית פחית 200 גר</ManufacturerItemDescription><SoldByWeight/><Quantity>200.00</Quantity><UnitOfMeasure>גרם     </UnitOfMeasure><QtyInPackage>לא ידוע</QtyInPackage><UnitOfMeasurePrice>0.0995</UnitOfMeasurePrice><AllowDiscount>1</AllowDiscount><ItemStatus>1</ItemStatus><ItemPrice>19.90</ItemPrice></item><item><PriceUpdateDate>2016-07-01 11:13:35</PriceUpdateDate><ItemCode>7290106729711</ItemCode><ItemType>1</ItemType><ItemName>חומוס אחלה 9% ללא חו</ItemName><ManufacturerName>אחלה</ManufacturerName><ManufactureCountry>ישראל</ManufactureCountry><ManufacturerItemDescription>חומוס אחלה 250 גר</ManufacturerItemDescription><SoldByWeight/><Quantity>400.00</Quantity><UnitOfMeasure>גרם     </UnitOfMeasure><QtyInPackage>לא ידוע</QtyInPackage><UnitOfMeasurePrice>0.0348</UnitOfMeasurePrice><AllowDiscount>1</AllowDiscount><ItemStatus>1</ItemStatus><ItemPrice>13.90</ItemPrice></item><item><PriceUpdateDate>2016-05-31 06:17:34</PriceUpdateDate><ItemCode>7290107280167</ItemCode><ItemType>1</ItemType><ItemName>מב תחליב רחצה קרמה פ</ItemName><ManufacturerName>קרמה</ManufacturerName><ManufactureCountry>ישראל</ManufactureCountry><ManufacturerItemDescription>מב תחליב רחצה קרמה פ</ManufacturerItemDescription><SoldByWeight/><Quantity>750.00</Quantity><UnitOfMeasure>מ"ל</UnitOfMeasure><QtyInPackage>לא ידוע</QtyInPackage><UnitOfMeasurePrice>0.0225</UnitOfMeasurePrice><AllowDiscount>1</AllowDiscount><ItemStatus>1</ItemStatus><ItemPrice>16.90</ItemPrice></item><item><PriceUpdateDate>2016-05-31 06:17:34</PriceUpdateDate><ItemCode>7290107280396</ItemCode><ItemType>1</ItemType><ItemName>סנו ג'ט לניקוי למטבח</ItemName><ManufacturerName>סנו ג'ט</ManufacturerName><ManufactureCountry>ישראל</ManufactureCountry><ManufacturerItemDescription>סנו ג'ט לניקוי למטבח</ManufacturerItemDescription><SoldByWeight/><Quantity>750.00</Quantity><UnitOfMeasure>מ"ל</UnitOfMeasure><QtyInPackage>לא ידוע</QtyInPackage><UnitOfMeasurePrice>0.0185</UnitOfMeasurePrice><AllowDiscount>1</AllowDiscount><ItemStatus>1</ItemStatus><ItemPrice>13.90</ItemPrice></item><item><PriceUpdateDate>2016-06-28 07:05:14</PriceUpdateDate><ItemCode>7290107280662</ItemCode><ItemType>1</ItemType><ItemName>אבקת כביסה מקסימה בי</ItemName><ManufacturerName>סנו מקסימה</ManufacturerName><ManufactureCountry>ישראל</ManufactureCountry><ManufacturerItemDescription>אבקת כביסה מקסימה בי</ManufacturerItemDescription><SoldByWeight/><Quantity>1250.00</Quantity><UnitOfMeasure>גרם     </UnitOfMeasure><QtyInPackage>לא ידוע</QtyInPackage><UnitOfMeasurePrice>0.0135</UnitOfMeasurePrice><AllowDiscount>1</AllowDiscount><ItemStatus>1</ItemStatus><ItemPrice>16.90</ItemPrice></item><item><PriceUpdateDate>2016-06-28 07:05:14</PriceUpdateDate><ItemCode>7290107280723</ItemCode><ItemType>1</ItemType><ItemName>נוזל כלים סנו ספארק</ItemName><ManufacturerName>ספארק</ManufacturerName><ManufactureCountry>ישראל</ManufactureCountry><ManufacturerItemDescription>נוזל כלים סנו ספארק</ManufacturerItemDescription><SoldByWeight/><Quantity>700.00</Quantity><UnitOfMeasure>מ"ל</UnitOfMeasure><QtyInPackage>לא ידוע</QtyInPackage><UnitOfMeasurePrice>0.0121</UnitOfMeasurePrice><AllowDiscount>1</AllowDiscount><ItemStatus>1</ItemStatus><ItemPrice>8.50</ItemPrice></item><item><PriceUpdateDate>2016-08-02 09:30:28</PriceUpdateDate><ItemCode>7290107640213</ItemCode><ItemType>1</ItemType><ItemName>מב תחליב רחצה פינוק</ItemName><ManufacturerName>פינוק</ManufacturerName><ManufactureCountry>ישראל</ManufactureCountry><ManufacturerItemDescription>מב תחליב רחצה פינוק</ManufacturerItemDescription><SoldByWeight/><Quantity>700.00</Quantity><UnitOfMeasure>מ"ל</UnitOfMeasure><QtyInPackage>לא ידוע</QtyInPackage><UnitOfMeasurePrice>0.0141</UnitOfMeasurePrice><AllowDiscount>1</AllowDiscount><ItemStatus>1</ItemStatus><ItemPrice>9.90</ItemPrice></item><item><PriceUpdateDate>2016-05-31 06:17:35</PriceUpdateDate><ItemCode>7290107641012</ItemCode><ItemType>1</ItemType><ItemName>נשנושי ברנפלקס שקדים</ItemName><ManufacturerName>ברנפלקס - תלמה</ManufacturerName><ManufactureCountry>לא ידוע</ManufactureCountry><ManufacturerItemDescription>נשנושי ברנפלקס שקדים</ManufacturerItemDescription><SoldByWeight/><Quantity>375.00</Quantity><UnitOfMeasure>גרם     </UnitOfMeasure><QtyInPackage>לא ידוע</QtyInPackage><UnitOfMeasurePrice>0.0531</UnitOfMeasurePrice><AllowDiscount>1</AllowDiscount><ItemStatus>1</ItemStatus><ItemPrice>19.90</ItemPrice></item><item><PriceUpdateDate>2016-03-29 07:51:53</PriceUpdateDate><ItemCode>7290107641906</ItemCode><ItemType>1</ItemType><ItemName>פינוק לגבר 3 ב 1 700</ItemName><ManufacturerName>פינוק</ManufacturerName><ManufactureCountry>ישראל</ManufactureCountry><ManufacturerItemDescription>פינוק לגבר 3 ב 1 700</ManufacturerItemDescription><SoldByWeight/><Quantity>700.00</Quantity><UnitOfMeasure>מ"ל</UnitOfMeasure><QtyInPackage>לא ידוע</QtyInPackage><UnitOfMeasurePrice>0.0184</UnitOfMeasurePrice><AllowDiscount>1</AllowDiscount><ItemStatus>1</ItemStatus><ItemPrice>12.90</ItemPrice></item><item><PriceUpdateDate>2016-02-03 06:48:35</PriceUpdateDate><ItemCode>7290107641937</ItemCode><ItemType>1</ItemType><ItemName>חטיף פתית דבש 70 גרם</ItemName><ManufacturerName>תלמה</ManufacturerName><ManufactureCountry>לא ידוע</ManufactureCountry><ManufacturerItemDescription>חטיף פתית דבש 70 גרם</ManufacturerItemDescription><SoldByWeight/><Quantity>70.00</Quantity><UnitOfMeasure>גרם     </UnitOfMeasure><QtyInPackage>לא ידוע</QtyInPackage><UnitOfMeasurePrice>0.1071</UnitOfMeasurePrice><AllowDiscount>1</AllowDiscount><ItemStatus>1</ItemStatus><ItemPrice>7.50</ItemPrice></item><item><PriceUpdateDate>2016-08-02 09:30:28</PriceUpdateDate><ItemCode>7290107870511</ItemCode><ItemType>1</ItemType><ItemName>מב צבר חומוסיבוב גזר</ItemName><ManufacturerName>צבר</ManufacturerName><ManufactureCountry>לא ידוע</ManufactureCountry><ManufacturerItemDescription>מב צבר חומוסיבוב גזר</ManufacturerItemDescription><SoldByWeight/><Quantity>400.00</Quantity><UnitOfMeasure>גרם     </UnitOfMeasure><QtyInPackage>לא ידוע</QtyInPackage><UnitOfMeasurePrice>0.0273</UnitOfMeasurePrice><AllowDiscount>1</AllowDiscount><ItemStatus>1</ItemStatus><ItemPrice>10.90</ItemPrice></item><item><PriceUpdateDate>2016-05-01 10:34:56</PriceUpdateDate><ItemCode>7290107871532</ItemCode><ItemType>1</ItemType><ItemName>מאגדת  10 קרחונים דו</ItemName><ManufacturerName>גלידות נסטלה</ManufacturerName><ManufactureCountry>ישראל</ManufactureCountry><ManufacturerItemDescription>מאגדת קרחונים מלון דובדוב</ManufacturerItemDescription><SoldByWeight/><Quantity>800.00</Quantity><UnitOfMeasure>גרם     </UnitOfMeasure><QtyInPackage>לא ידוע</QtyInPackage><UnitOfMeasurePrice>0.0241</UnitOfMeasurePrice><AllowDiscount>1</AllowDiscount><ItemStatus>1</ItemStatus><ItemPrice>19.30</ItemPrice></item><item><PriceUpdateDate>2016-05-01 10:34:57</PriceUpdateDate><ItemCode>7290107871761</ItemCode><ItemType>1</ItemType><ItemName>לחמית ירקות קלויים 1</ItemName><ManufacturerName>אסם</ManufacturerName><ManufactureCountry>ישראל</ManufactureCountry><ManufacturerItemDescription>לחמית ירקות קלויים 1</ManufacturerItemDescription><SoldByWeight/><Quantity>160.00</Quantity><UnitOfMeasure>גרם     </UnitOfMeasure><QtyInPackage>לא ידוע</QtyInPackage><UnitOfMeasurePrice>0.0719</UnitOfMeasurePrice><AllowDiscount>1</AllowDiscount><ItemStatus>1</ItemStatus><ItemPrice>11.50</ItemPrice></item><item><PriceUpdateDate>2015-02-26 07:40:56</PriceUpdateDate><ItemCode>7290107871808</ItemCode><ItemType>1</ItemType><ItemName>חטיפי קרקר 170 גרם כ</ItemName><ManufacturerName>לא ממותג</ManufacturerName><ManufactureCountry>ישראל</ManufactureCountry><ManufacturerItemDescription>חטיפי קרקר 170 גרם כ</ManufacturerItemDescription><SoldByWeight/><Quantity>170.00</Quantity><UnitOfMeasure>גרם     </UnitOfMeasure><QtyInPackage>לא ידוע</QtyInPackage><UnitOfMeasurePrice>0.0506</UnitOfMeasurePrice><AllowDiscount>1</AllowDiscount><ItemStatus>1</ItemStatus><ItemPrice>8.60</ItemPrice></item><item><PriceUpdateDate>2016-05-01 10:34:57</PriceUpdateDate><ItemCode>7290107872164</ItemCode><ItemType>1</ItemType><ItemName>רוטב עגבניות לקציצות</ItemName><ManufacturerName>אסם</ManufacturerName><ManufactureCountry>ישראל</ManufactureCountry><ManufacturerItemDescription>רוטב עגבניות לקציצות</ManufacturerItemDescription><SoldByWeight/><Quantity>420.00</Quantity><UnitOfMeasure>גרם     </UnitOfMeasure><QtyInPackage>לא ידוע</QtyInPackage><UnitOfMeasurePrice>0.0338</UnitOfMeasurePrice><AllowDiscount>1</AllowDiscount><ItemStatus>1</ItemStatus><ItemPrice>14.20</ItemPrice></item><item><PriceUpdateDate>2016-05-01 10:34:58</PriceUpdateDate><ItemCode>7290107873291</ItemCode><ItemType>1</ItemType><ItemName>עוגיות מיני שוקוצ'יפ</ItemName><ManufacturerName>לא ממותג</ManufacturerName><ManufactureCountry>ישראל</ManufactureCountry><ManufacturerItemDescription>עוגיות מיני שוקוצ'יפ</ManufacturerItemDescription><SoldByWeight/><Quantity>225.00</Quantity><UnitOfMeasure>גרם     </UnitOfMeasure><QtyInPackage>לא ידוע</QtyInPackage><UnitOfMeasurePrice>0.0560</UnitOfMeasurePrice><AllowDiscount>1</AllowDiscount><ItemStatus>1</ItemStatus><ItemPrice>12.60</ItemPrice></item><item><PriceUpdateDate>2016-08-02 09:30:29</PriceUpdateDate><ItemCode>7290107875196</ItemCode><ItemType>1</ItemType><ItemName>מב אסם בייגלה עיגולי</ItemName><ManufacturerName>אסם</ManufacturerName><ManufactureCountry>לא ידוע</ManufactureCountry><ManufacturerItemDescription>מב אסם בייגלה עיגולי</ManufacturerItemDescription><SoldByWeight/><Quantity>300.00</Quantity><UnitOfMeasure>גרם     </UnitOfMeasure><QtyInPackage>לא ידוע</QtyInPackage><UnitOfMeasurePrice>0.0297</UnitOfMeasurePrice><AllowDiscount>1</AllowDiscount><ItemStatus>1</ItemStatus><ItemPrice>8.90</ItemPrice></item><item><PriceUpdateDate>2016-05-31 06:17:36</PriceUpdateDate><ItemCode>7290107875493</ItemCode><ItemType>1</ItemType><ItemName>תרכיז ויטמינציק מהדו</ItemName><ManufacturerName>ויטמינצק</ManufacturerName><ManufactureCountry>ישראל</ManufactureCountry><ManufacturerItemDescription>תרכיז ויטמינציק מהדו</ManufacturerItemDescription><SoldByWeight/><Quantity>1000.00</Quantity><UnitOfMeasure>מ"ל</UnitOfMeasure><QtyInPackage>לא ידוע</QtyInPackage><UnitOfMeasurePrice>0.0119</UnitOfMeasurePrice><AllowDiscount>1</AllowDiscount><ItemStatus>1</ItemStatus><ItemPrice>11.90</ItemPrice></item><item><PriceUpdateDate>2016-05-31 06:17:36</PriceUpdateDate><ItemCode>7290107875516</ItemCode><ItemType>1</ItemType><ItemName>תרכיז ויטמינציק מהדו</ItemName><ManufacturerName>ויטמינצק</ManufacturerName><ManufactureCountry>ישראל</ManufactureCountry><ManufacturerItemDescription>תרכיז ויטמינציק מהדו</ManufacturerItemDescription><SoldByWeight/><Quantity>1000.00</Quantity><UnitOfMeasure>מ"ל</UnitOfMeasure><QtyInPackage>לא ידוע</QtyInPackage><UnitOfMeasurePrice>0.0119</UnitOfMeasurePrice><AllowDiscount>1</AllowDiscount><ItemStatus>1</ItemStatus><ItemPrice>11.90</ItemPrice></item><item><PriceUpdateDate>2016-08-02 09:30:29</PriceUpdateDate><ItemCode>7290107876698</ItemCode><ItemType>1</ItemType><ItemName>מב אסם בייגלה עיגולי</ItemName><ManufacturerName>אסם</ManufacturerName><ManufactureCountry>לא ידוע</ManufactureCountry><ManufacturerItemDescription>מב אסם בייגלה עיגולי</ManufacturerItemDescription><SoldByWeight/><Quantity>300.00</Quantity><UnitOfMeasure>גרם     </UnitOfMeasure><QtyInPackage>לא ידוע</QtyInPackage><UnitOfMeasurePrice>0.0297</UnitOfMeasurePrice><AllowDiscount>1</AllowDiscount><ItemStatus>1</ItemStatus><ItemPrice>8.90</ItemPrice></item><item><PriceUpdateDate>2016-04-27 08:40:23</PriceUpdateDate><ItemCode>7290107876803</ItemCode><ItemType>1</ItemType><ItemName>זית חרוזית בית השיטה</ItemName><ManufacturerName>בית השיטה</ManufacturerName><ManufactureCountry>ישראל</ManufactureCountry><ManufacturerItemDescription>זית חרוזית בית השיטה 560</ManufacturerItemDescription><SoldByWeight/><Quantity>275.00</Quantity><UnitOfMeasure>גרם     </UnitOfMeasure><QtyInPackage>לא ידוע</QtyInPackage><UnitOfMeasurePrice>0.0324</UnitOfMeasurePrice><AllowDiscount>0</AllowDiscount><ItemStatus>1</ItemStatus><ItemPrice>8.90</ItemPrice></item><item><PriceUpdateDate>2016-03-18 07:01:32</PriceUpdateDate><ItemCode>7290107878906</ItemCode><ItemType>1</ItemType><ItemName>אסם זוג מרק נמס עגבנ</ItemName><ManufacturerName>אסם</ManufacturerName><ManufactureCountry>לא ידוע</ManufactureCountry><ManufacturerItemDescription>אסם זוג מרק נמס עגבנ</ManufacturerItemDescription><SoldByWeight/><Quantity>40.00</Quantity><UnitOfMeasure>גרם     </UnitOfMeasure><QtyInPackage>לא ידוע</QtyInPackage><UnitOfMeasurePrice>0.1725</UnitOfMeasurePrice><AllowDiscount>1</AllowDiscount><ItemStatus>1</ItemStatus><ItemPrice>6.90</ItemPrice></item><item><PriceUpdateDate>2016-04-27 08:40:23</PriceUpdateDate><ItemCode>7290107878920</ItemCode><ItemType>1</ItemType><ItemName>קוקטייל זיתים 500 גר</ItemName><ManufacturerName>בית השיטה</ManufacturerName><ManufactureCountry>ישראל</ManufactureCountry><ManufacturerItemDescription>קוקטייל זיתים 500 גר</ManufacturerItemDescription><SoldByWeight/><Quantity>340.00</Quantity><UnitOfMeasure>גרם     </UnitOfMeasure><QtyInPackage>לא ידוע</QtyInPackage><UnitOfMeasurePrice>0.0379</UnitOfMeasurePrice><AllowDiscount>1</AllowDiscount><ItemStatus>1</ItemStatus><ItemPrice>12.90</ItemPrice></item><item><PriceUpdateDate>2016-05-31 06:17:37</PriceUpdateDate><ItemCode>7290107879521</ItemCode><ItemType>1</ItemType><ItemName>מאגדת לה פרוטה תות 5</ItemName><ManufacturerName>גלידות נסטלה</ManufacturerName><ManufactureCountry>לא ידוע</ManufactureCountry><ManufacturerItemDescription>מאגדת לה פרוטה תות 5</ManufacturerItemDescription><SoldByWeight/><Quantity>325.00</Quantity><UnitOfMeasure>גרם     </UnitOfMeasure><QtyInPackage>לא ידוע</QtyInPackage><UnitOfMeasurePrice>0.0797</UnitOfMeasurePrice><AllowDiscount>1</AllowDiscount><ItemStatus>1</ItemStatus><ItemPrice>25.90</ItemPrice></item><item><PriceUpdateDate>2016-05-31 06:17:37</PriceUpdateDate><ItemCode>7290107879569</ItemCode><ItemType>1</ItemType><ItemName>מאגדת לה פרוטה מנגו</ItemName><ManufacturerName>גלידות נסטלה</ManufacturerName><ManufactureCountry>לא ידוע</ManufactureCountry><ManufacturerItemDescription>מאגדת לה פרוטה מנגו</ManufacturerItemDescription><SoldByWeight/><Quantity>325.00</Quantity><UnitOfMeasure>גרם     </UnitOfMeasure><QtyInPackage>לא ידוע</QtyInPackage><UnitOfMeasurePrice>0.0797</UnitOfMeasurePrice><AllowDiscount>1</AllowDiscount><ItemStatus>1</ItemStatus><ItemPrice>25.90</ItemPrice></item><item><PriceUpdateDate>2016-07-04 18:22:23</PriceUpdateDate><ItemCode>7290107930215</ItemCode><ItemType>1</ItemType><ItemName>מאגדת אנרג'י מיקס פי</ItemName><ManufacturerName>אנרג'י</ManufacturerName><ManufactureCountry>ישראל</ManufactureCountry><ManufacturerItemDescription>חטיף דגנים ושוקולד עם אגו</ManufacturerItemDescription><SoldByWeight/><Quantity>156.00</Quantity><UnitOfMeasure>גרם     </UnitOfMeasure><QtyInPackage>לא ידוע</QtyInPackage><UnitOfMeasurePrice>0.1147</UnitOfMeasurePrice><AllowDiscount>1</AllowDiscount><ItemStatus>1</ItemStatus><ItemPrice>17.90</ItemPrice></item><item><PriceUpdateDate>2016-08-07 20:02:49</PriceUpdateDate><ItemCode>7290107931830</ItemCode><ItemType>1</ItemType><ItemName>סלט משוויה 400 גרם</ItemName><ManufacturerName>אחלה</ManufacturerName><ManufactureCountry>ישראל</ManufactureCountry><ManufacturerItemDescription>חציל עם שמן זית ומלח-ים 4</ManufacturerItemDescription><SoldByWeight/><Quantity>400.00</Quantity><UnitOfMeasure>גרם     </UnitOfMeasure><QtyInPackage>לא ידוע</QtyInPackage><UnitOfMeasurePrice>0.0447</UnitOfMeasurePrice><AllowDiscount>1</AllowDiscount><ItemStatus>1</ItemStatus><ItemPrice>17.90</ItemPrice></item><item><PriceUpdateDate>2015-12-28 06:36:00</PriceUpdateDate><ItemCode>7290107932080</ItemCode><ItemType>1</ItemType><ItemName>חלב מועשר 3% בבקבוק</ItemName><ManufacturerName>יטבתה</ManufacturerName><ManufactureCountry>ישראל</ManufactureCountry><ManufacturerItemDescription>חלב 3% יטבתה עשיר בסידן 1</ManufacturerItemDescription><SoldByWeight/><Quantity>1000.00</Quantity><UnitOfMeasure>מ"ל</UnitOfMeasure><QtyInPackage>לא ידוע</QtyInPackage><UnitOfMeasurePrice>0.0079</UnitOfMeasurePrice><AllowDiscount>1</AllowDiscount><ItemStatus>1</ItemStatus><ItemPrice>7.90</ItemPrice></item><item><PriceUpdateDate>2015-12-28 06:36:00</PriceUpdateDate><ItemCode>7290107932134</ItemCode><ItemType>1</ItemType><ItemName>חלב מועשר 1% בבקבוק</ItemName><ManufacturerName>יטבתה</ManufacturerName><ManufactureCountry>ישראל</ManufactureCountry><ManufacturerItemDescription>חלב 3% יטבתה עשיר בסידן 1</ManufacturerItemDescription><SoldByWeight/><Quantity>1000.00</Quantity><UnitOfMeasure>מ"ל</UnitOfMeasure><QtyInPackage>לא ידוע</QtyInPackage><UnitOfMeasurePrice>0.0079</UnitOfMeasurePrice><AllowDiscount>1</AllowDiscount><ItemStatus>1</ItemStatus><ItemPrice>7.90</ItemPrice></item><item><PriceUpdateDate>2016-06-28 07:05:15</PriceUpdateDate><ItemCode>7290107933100</ItemCode><ItemType>1</ItemType><ItemName>פריכיות אנרג'י גדולו</ItemName><ManufacturerName>עלית</ManufacturerName><ManufactureCountry>ישראל</ManufactureCountry><ManufacturerItemDescription>פריכיות ביס בטעם וניל 25</ManufacturerItemDescription><SoldByWeight/><Quantity>135.00</Quantity><UnitOfMeasure>גרם     </UnitOfMeasure><QtyInPackage>לא ידוע</QtyInPackage><UnitOfMeasurePrice>0.1030</UnitOfMeasurePrice><AllowDiscount>1</AllowDiscount><ItemStatus>1</ItemStatus><ItemPrice>13.90</ItemPrice></item><item><PriceUpdateDate>2016-06-28 07:05:15</PriceUpdateDate><ItemCode>7290107933117</ItemCode><ItemType>1</ItemType><ItemName>פריכיות גדולות 3 דגנ</ItemName><ManufacturerName>עלית</ManufacturerName><ManufactureCountry>ישראל</ManufactureCountry><ManufacturerItemDescription>פריכיות ביס בטעם וניל 25</ManufacturerItemDescription><SoldByWeight/><Quantity>135.00</Quantity><UnitOfMeasure>גרם     </UnitOfMeasure><QtyInPackage>לא ידוע</QtyInPackage><UnitOfMeasurePrice>0.1030</UnitOfMeasurePrice><AllowDiscount>1</AllowDiscount><ItemStatus>1</ItemStatus><ItemPrice>13.90</ItemPrice></item><item><PriceUpdateDate>2016-08-02 09:30:30</PriceUpdateDate><ItemCode>7290107934480</ItemCode><ItemType>1</ItemType><ItemName>מארז מיוחד שמיניה אק</ItemName><ManufacturerName>אקטיביה</ManufacturerName><ManufactureCountry>ישראל</ManufactureCountry><ManufacturerItemDescription>מארז מיוחד שמיניה אק</ManufacturerItemDescription><SoldByWeight/><Quantity>1200.00</Quantity><UnitOfMeasure>גרם     </UnitOfMeasure><QtyInPackage>לא ידוע</QtyInPackage><UnitOfMeasurePrice>0.0182</UnitOfMeasurePrice><AllowDiscount>1</AllowDiscount><ItemStatus>1</ItemStatus><ItemPrice>21.90</ItemPrice></item><item><PriceUpdateDate>2015-11-16 14:45:19</PriceUpdateDate><ItemCode>7290107934503</ItemCode><ItemType>1</ItemType><ItemName>מארז מיוחד רביעיה אק</ItemName><ManufacturerName>אקטיביה</ManufacturerName><ManufactureCountry>ישראל</ManufactureCountry><ManufacturerItemDescription>מארז יוגורט אקטיביה</ManufacturerItemDescription><SoldByWeight/><Quantity>600.00</Quantity><UnitOfMeasure>גרם     </UnitOfMeasure><QtyInPackage>לא ידוע</QtyInPackage><UnitOfMeasurePrice>0.0198</UnitOfMeasurePrice><AllowDiscount>1</AllowDiscount><ItemStatus>1</ItemStatus><ItemPrice>11.90</ItemPrice></item><item><PriceUpdateDate>2016-03-24 06:43:16</PriceUpdateDate><ItemCode>7290107936248</ItemCode><ItemType>1</ItemType><ItemName>מילקי קצפת קפוצ'ינו</ItemName><ManufacturerName>מילקי</ManufacturerName><ManufactureCountry>ישראל</ManufactureCountry><ManufacturerItemDescription>מילקיקל שוקולד 170-3% מל</ManufacturerItemDescription><SoldByWeight/><Quantity>133.00</Quantity><UnitOfMeasure>גרם     </UnitOfMeasure><QtyInPackage>לא ידוע</QtyInPackage><UnitOfMeasurePrice>0.0316</UnitOfMeasurePrice><AllowDiscount>1</AllowDiscount><ItemStatus>1</ItemStatus><ItemPrice>4.20</ItemPrice></item><item><PriceUpdateDate>2016-05-08 06:21:34</PriceUpdateDate><ItemCode>7290107936262</ItemCode><ItemType>1</ItemType><ItemName>דנונה בר בננה עם פצפ</ItemName><ManufacturerName>דנונה</ManufacturerName><ManufactureCountry>ישראל</ManufactureCountry><ManufacturerItemDescription>דנונה+דגנים שוקולד200 1/2</ManufacturerItemDescription><SoldByWeight/><Quantity>173.00</Quantity><UnitOfMeasure>גרם     </UnitOfMeasure><QtyInPackage>לא ידוע</QtyInPackage><UnitOfMeasurePrice>0.0260</UnitOfMeasurePrice><AllowDiscount>1</AllowDiscount><ItemStatus>1</ItemStatus><ItemPrice>4.50</ItemPrice></item><item><PriceUpdateDate>2016-06-28 07:05:16</PriceUpdateDate><ItemCode>7290107936453</ItemCode><ItemType>1</ItemType><ItemName>קרקר קראנצ' טבעי 300</ItemName><ManufacturerName>עלית</ManufacturerName><ManufactureCountry>ישראל</ManufactureCountry><ManufacturerItemDescription>פיתה קראנצ בטעם טבעי 300</ManufacturerItemDescription><SoldByWeight/><Quantity>300.00</Quantity><UnitOfMeasure>גרם     </UnitOfMeasure><QtyInPackage>לא ידוע</QtyInPackage><UnitOfMeasurePrice>0.0497</UnitOfMeasurePrice><AllowDiscount>1</AllowDiscount><ItemStatus>1</ItemStatus><ItemPrice>14.90</ItemPrice></item><item><PriceUpdateDate>2016-08-02 09:30:30</PriceUpdateDate><ItemCode>7290107940252</ItemCode><ItemType>1</ItemType><ItemName>השוקו שלי - ללא תוספ</ItemName><ManufacturerName>יטבתה</ManufacturerName><ManufactureCountry>ישראל</ManufactureCountry><ManufacturerItemDescription>שוקו יוטבתה1 ל.בקבוק</ManufacturerItemDescription><SoldByWeight/><Quantity>1000.00</Quantity><UnitOfMeasure>מ"ל</UnitOfMeasure><QtyInPackage>לא ידוע</QtyInPackage><UnitOfMeasurePrice>0.0119</UnitOfMeasurePrice><AllowDiscount>1</AllowDiscount><ItemStatus>1</ItemStatus><ItemPrice>11.90</ItemPrice></item><item><PriceUpdateDate>2016-05-01 10:35:03</PriceUpdateDate><ItemCode>7290107970266</ItemCode><ItemType>1</ItemType><ItemName>מנה פירורים אפויים ב</ItemName><ManufacturerName>לא ממותג</ManufacturerName><ManufactureCountry>לא ידוע</ManufactureCountry><ManufacturerItemDescription>מנה פירורים אפויים ב</ManufacturerItemDescription><SoldByWeight/><Quantity>300.00</Quantity><UnitOfMeasure>גרם     </UnitOfMeasure><QtyInPackage>לא ידוע</QtyInPackage><UnitOfMeasurePrice>0.0297</UnitOfMeasurePrice><AllowDiscount>1</AllowDiscount><ItemStatus>1</ItemStatus><ItemPrice>8.90</ItemPrice></item><item><PriceUpdateDate>2016-08-02 09:30:30</PriceUpdateDate><ItemCode>7290107972932</ItemCode><ItemType>1</ItemType><ItemName>מב מטבעות שוקולד  חל</ItemName><ManufacturerName>מנה</ManufacturerName><ManufactureCountry>לא ידוע</ManufactureCountry><ManufacturerItemDescription>מב מטבעות שוקולד  חל</ManufacturerItemDescription><SoldByWeight/><Quantity>300.00</Quantity><UnitOfMeasure>גרם     </UnitOfMeasure><QtyInPackage>לא ידוע</QtyInPackage><UnitOfMeasurePrice>0.0530</UnitOfMeasurePrice><AllowDiscount>1</AllowDiscount><ItemStatus>1</ItemStatus><ItemPrice>15.90</ItemPrice></item><item><PriceUpdateDate>2016-05-01 06:12:28</PriceUpdateDate><ItemCode>7290108350128</ItemCode><ItemType>1</ItemType><ItemName>סנו סושי שקיות אשפה</ItemName><ManufacturerName>סנו סושי</ManufacturerName><ManufactureCountry>לא ידוע</ManufactureCountry><ManufacturerItemDescription>סנו סושי שקיות אשפה</ManufacturerItemDescription><SoldByWeight/><Quantity>40.00</Quantity><UnitOfMeasure>בודד</UnitOfMeasure><QtyInPackage>לא ידוע</QtyInPackage><UnitOfMeasurePrice>0.7475</UnitOfMeasurePrice><AllowDiscount>1</AllowDiscount><ItemStatus>1</ItemStatus><ItemPrice>29.90</ItemPrice></item><item><PriceUpdateDate>2015-10-26 07:47:16</PriceUpdateDate><ItemCode>7290108350142</ItemCode><ItemType>1</ItemType><ItemName>שקיות רב"ש גדולות במ</ItemName><ManufacturerName>סנו סושי</ManufacturerName><ManufactureCountry>ישראל</ManufactureCountry><ManufacturerItemDescription>שקיות רב"ש גדולות במ</ManufacturerItemDescription><SoldByWeight/><Quantity>270.00</Quantity><UnitOfMeasure>בודד</UnitOfMeasure><QtyInPackage>לא ידוע</QtyInPackage><UnitOfMeasurePrice>0.0552</UnitOfMeasurePrice><AllowDiscount>1</AllowDiscount><ItemStatus>1</ItemStatus><ItemPrice>14.90</ItemPrice></item><item><PriceUpdateDate>2016-08-02 09:30:31</PriceUpdateDate><ItemCode>7290109350004</ItemCode><ItemType>1</ItemType><ItemName>אסם קרקר עדשים כתומו</ItemName><ManufacturerName>אסם</ManufacturerName><ManufactureCountry>לא ידוע</ManufactureCountry><ManufacturerItemDescription>אסם קרקר עדשים כתומו</ManufacturerItemDescription><SoldByWeight/><Quantity>150.00</Quantity><UnitOfMeasure>גרם     </UnitOfMeasure><QtyInPackage>לא ידוע</QtyInPackage><UnitOfMeasurePrice>0.0660</UnitOfMeasurePrice><AllowDiscount>1</AllowDiscount><ItemStatus>1</ItemStatus><ItemPrice>9.90</ItemPrice></item><item><PriceUpdateDate>2016-03-18 07:01:32</PriceUpdateDate><ItemCode>7290109350882</ItemCode><ItemType>1</ItemType><ItemName>אסם חטיפי פריכיות עם</ItemName><ManufacturerName>אסם</ManufacturerName><ManufactureCountry>ישראל</ManufactureCountry><ManufacturerItemDescription>אסם חטיפי פריכיות עם</ManufacturerItemDescription><SoldByWeight/><Quantity>23.00</Quantity><UnitOfMeasure>גרם     </UnitOfMeasure><QtyInPackage>לא ידוע</QtyInPackage><UnitOfMeasurePrice>0.2043</UnitOfMeasurePrice><AllowDiscount>1</AllowDiscount><ItemStatus>1</ItemStatus><ItemPrice>4.70</ItemPrice></item><item><PriceUpdateDate>2015-11-10 07:31:14</PriceUpdateDate><ItemCode>72909799</ItemCode><ItemType>1</ItemType><ItemName>חטיף קליק 35 גרם</ItemName><ManufacturerName>קליק ורד הגליל</ManufacturerName><ManufactureCountry>ישראל</ManufactureCountry><ManufacturerItemDescription>חטיף קליק אוקיי 35 גר</ManufacturerItemDescription><SoldByWeight/><Quantity>0.00</Quantity><UnitOfMeasure>יח'</UnitOfMeasure><QtyInPackage>לא ידוע</QtyInPackage><UnitOfMeasurePrice>0.0000</UnitOfMeasurePrice><AllowDiscount>1</AllowDiscount><ItemStatus>1</ItemStatus><ItemPrice>5.70</ItemPrice></item><item><PriceUpdateDate>2016-05-31 06:17:40</PriceUpdateDate><ItemCode>7291044059465</ItemCode><ItemType>1</ItemType><ItemName>בלנדר חשמלי 500W יונ</ItemName><ManufacturerName>לא ידוע</ManufacturerName><ManufactureCountry>לא ידוע</ManufactureCountry><ManufacturerItemDescription>בלנדר חשמלי 500W יונ</ManufacturerItemDescription><SoldByWeight/><Quantity>0.00</Quantity><UnitOfMeasure>0</UnitOfMeasure><QtyInPackage>לא ידוע</QtyInPackage><UnitOfMeasurePrice>0.0000</UnitOfMeasurePrice><AllowDiscount>1</AllowDiscount><ItemStatus>1</ItemStatus><ItemPrice>199.00</ItemPrice></item><item><PriceUpdateDate>2015-07-29 07:42:44</PriceUpdateDate><ItemCode>7291067251913</ItemCode><ItemType>1</ItemType><ItemName>מסטיק מאסט צנצנת ריח</ItemName><ManufacturerName>מאסט</ManufacturerName><ManufactureCountry>לא ידוע</ManufactureCountry><ManufacturerItemDescription>מסטיק מאסט צנצנת ריח</ManufacturerItemDescription><SoldByWeight/><Quantity>66.00</Quantity><UnitOfMeasure>גרם     </UnitOfMeasure><QtyInPackage>לא ידוע</QtyInPackage><UnitOfMeasurePrice>0.1500</UnitOfMeasurePrice><AllowDiscount>1</AllowDiscount><ItemStatus>1</ItemStatus><ItemPrice>9.90</ItemPrice></item><item><PriceUpdateDate>2016-05-01 10:29:50</PriceUpdateDate><ItemCode>72917275</ItemCode><ItemType>1</ItemType><ItemName>חטיף טורטית 40 גרם</ItemName><ManufacturerName>עלית</ManufacturerName><ManufactureCountry>ישראל</ManufactureCountry><ManufacturerItemDescription>חטיף טורטית40 גר</ManufacturerItemDescription><SoldByWeight/><Quantity>40.00</Quantity><UnitOfMeasure>גרם     </UnitOfMeasure><QtyInPackage>לא ידוע</QtyInPackage><UnitOfMeasurePrice>0.1250</UnitOfMeasurePrice><AllowDiscount>1</AllowDiscount><ItemStatus>1</ItemStatus><ItemPrice>5.00</ItemPrice></item><item><PriceUpdateDate>2015-10-11 06:43:34</PriceUpdateDate><ItemCode>72917589</ItemCode><ItemType>1</ItemType><ItemName>שוקולד מקופלת חלב 25</ItemName><ManufacturerName>מקופלת</ManufacturerName><ManufactureCountry>ישראל</ManufactureCountry><ManufacturerItemDescription>חטיף שוק.מקופלת 25 גר</ManufacturerItemDescription><SoldByWeight/><Quantity>25.00</Quantity><UnitOfMeasure>גרם     </UnitOfMeasure><QtyInPackage>לא ידוע</QtyInPackage><UnitOfMeasurePrice>0.2000</UnitOfMeasurePrice><AllowDiscount>1</AllowDiscount><ItemStatus>1</ItemStatus><ItemPrice>5.00</ItemPrice></item><item><PriceUpdateDate>2016-05-01 10:29:50</PriceUpdateDate><ItemCode>72918388</ItemCode><ItemType>1</ItemType><ItemName>חטיף טויסט 28 גרם</ItemName><ManufacturerName>עלית</ManufacturerName><ManufactureCountry>ישראל</ManufactureCountry><ManufacturerItemDescription>חטיף טוויסט 28 גר</ManufacturerItemDescription><SoldByWeight/><Quantity>28.00</Quantity><UnitOfMeasure>גרם     </UnitOfMeasure><QtyInPackage>לא ידוע</QtyInPackage><UnitOfMeasurePrice>0.1786</UnitOfMeasurePrice><AllowDiscount>1</AllowDiscount><ItemStatus>1</ItemStatus><ItemPrice>5.00</ItemPrice></item><item><PriceUpdateDate>2015-10-01 00:29:03</PriceUpdateDate><ItemCode>72940754</ItemCode><ItemType>1</ItemType><ItemName>מעדן מילקי וניל 170</ItemName><ManufacturerName>מילקי</ManufacturerName><ManufactureCountry>ישראל</ManufactureCountry><ManufacturerItemDescription>מילקי וניל170 מל</ManufacturerItemDescription><SoldByWeight/><Quantity>170.00</Quantity><UnitOfMeasure>מ"ל</UnitOfMeasure><QtyInPackage>לא ידוע</QtyInPackage><UnitOfMeasurePrice>0.0165</UnitOfMeasurePrice><AllowDiscount>1</AllowDiscount><ItemStatus>1</ItemStatus><ItemPrice>2.80</ItemPrice></item><item><PriceUpdateDate>2015-10-01 00:29:03</PriceUpdateDate><ItemCode>72940761</ItemCode><ItemType>1</ItemType><ItemName>מעדן מילקי שוקו 170</ItemName><ManufacturerName>מילקי</ManufacturerName><ManufactureCountry>ישראל</ManufactureCountry><ManufacturerItemDescription>מילקי שוקו170 גר</ManufacturerItemDescription><SoldByWeight/><Quantity>170.00</Quantity><UnitOfMeasure>מ"ל</UnitOfMeasure><QtyInPackage>לא ידוע</QtyInPackage><UnitOfMeasurePrice>0.0165</UnitOfMeasurePrice><AllowDiscount>1</AllowDiscount><ItemStatus>1</ItemStatus><ItemPrice>2.80</ItemPrice></item><item><PriceUpdateDate>2016-05-01 10:29:50</PriceUpdateDate><ItemCode>72945308</ItemCode><ItemType>1</ItemType><ItemName>שמרים לחים קוביות 50</ItemName><ManufacturerName>שמרית</ManufacturerName><ManufactureCountry>ישראל</ManufactureCountry><ManufacturerItemDescription>שמרים לחים 50 גר</ManufacturerItemDescription><SoldByWeight/><Quantity>14.00</Quantity><UnitOfMeasure>גרם     </UnitOfMeasure><QtyInPackage>לא ידוע</QtyInPackage><UnitOfMeasurePrice>0.2643</UnitOfMeasurePrice><AllowDiscount>1</AllowDiscount><ItemStatus>1</ItemStatus><ItemPrice>3.70</ItemPrice></item><item><PriceUpdateDate>2016-08-02 09:30:32</PriceUpdateDate><ItemCode>7296058000304</ItemCode><ItemType>1</ItemType><ItemName>מב פריכיות בטעם תפוח</ItemName><ManufacturerName>פרח תעשיות מזון</ManufacturerName><ManufactureCountry>ישראל</ManufactureCountry><ManufacturerItemDescription>חטיפי פריכונים תפוח וקינמ</ManufacturerItemDescription><SoldByWeight/><Quantity>14.00</Quantity><UnitOfMeasure>גרם     </UnitOfMeasure><QtyInPackage>לא ידוע</QtyInPackage><UnitOfMeasurePrice>0.4929</UnitOfMeasurePrice><AllowDiscount>1</AllowDiscount><ItemStatus>1</ItemStatus><ItemPrice>6.90</ItemPrice></item><item><PriceUpdateDate>2016-08-02 09:30:32</PriceUpdateDate><ItemCode>7296058000311</ItemCode><ItemType>1</ItemType><ItemName>מב פריכיות בטעם זעתר</ItemName><ManufacturerName>פרח תעשיות מזון</ManufacturerName><ManufactureCountry>ישראל</ManufactureCountry><ManufacturerItemDescription>חטיפי פריכונים זעתר 40 גר</ManufacturerItemDescription><SoldByWeight/><Quantity>14.00</Quantity><UnitOfMeasure>גרם     </UnitOfMeasure><QtyInPackage>לא ידוע</QtyInPackage><UnitOfMeasurePrice>0.4929</UnitOfMeasurePrice><AllowDiscount>1</AllowDiscount><ItemStatus>1</ItemStatus><ItemPrice>6.90</ItemPrice></item><item><PriceUpdateDate>2015-10-11 06:44:21</PriceUpdateDate><ItemCode>7296082000080</ItemCode><ItemType>1</ItemType><ItemName>ביצים 12 יחידות ביצי</ItemName><ManufacturerName>רמות השבים</ManufacturerName><ManufactureCountry>ישראל</ManufactureCountry><ManufacturerItemDescription>ביצים 12 יחידות ביצי</ManufacturerItemDescription><SoldByWeight/><Quantity>12.00</Quantity><UnitOfMeasure>בודד</UnitOfMeasure><QtyInPackage>לא ידוע</QtyInPackage><UnitOfMeasurePrice>2.3333</UnitOfMeasurePrice><AllowDiscount>1</AllowDiscount><ItemStatus>1</ItemStatus><ItemPrice>28.00</ItemPrice></item><item><PriceUpdateDate>2016-02-11 06:58:47</PriceUpdateDate><ItemCode>7296082000134</ItemCode><ItemType>1</ItemType><ItemName>ביצים 12 יחידות גודל</ItemName><ManufacturerName>רמות השבים</ManufacturerName><ManufactureCountry>ישראל</ManufactureCountry><ManufacturerItemDescription>ביצים 12 יחידות גודל</ManufacturerItemDescription><SoldByWeight/><Quantity>14.00</Quantity><UnitOfMeasure>בודד</UnitOfMeasure><QtyInPackage>לא ידוע</QtyInPackage><UnitOfMeasurePrice>0.8179</UnitOfMeasurePrice><AllowDiscount>1</AllowDiscount><ItemStatus>1</ItemStatus><ItemPrice>11.45</ItemPrice></item><item><PriceUpdateDate>2016-02-11 06:58:47</PriceUpdateDate><ItemCode>7296082000141</ItemCode><ItemType>1</ItemType><ItemName>ביצים 12 יחידות גודל</ItemName><ManufacturerName>רמות השבים</ManufacturerName><ManufactureCountry>ישראל</ManufactureCountry><ManufacturerItemDescription>ביצים 12 יחידות גודל</ManufacturerItemDescription><SoldByWeight/><Quantity>12.00</Quantity><UnitOfMeasure>בודד</UnitOfMeasure><QtyInPackage>לא ידוע</QtyInPackage><UnitOfMeasurePrice>0.8792</UnitOfMeasurePrice><AllowDiscount>1</AllowDiscount><ItemStatus>1</ItemStatus><ItemPrice>10.55</ItemPrice></item><item><PriceUpdateDate>2015-10-11 06:44:21</PriceUpdateDate><ItemCode>7296082000165</ItemCode><ItemType>1</ItemType><ItemName>ביצים 12 יחידות אורג</ItemName><ManufacturerName>רמות השבים</ManufacturerName><ManufactureCountry>ישראל</ManufactureCountry><ManufacturerItemDescription>ביצים 12 יחידות אורג</ManufacturerItemDescription><SoldByWeight/><Quantity>12.00</Quantity><UnitOfMeasure>יח'</UnitOfMeasure><QtyInPackage>לא ידוע</QtyInPackage><UnitOfMeasurePrice>2.4167</UnitOfMeasurePrice><AllowDiscount>1</AllowDiscount><ItemStatus>1</ItemStatus><ItemPrice>29.00</ItemPrice></item><item><PriceUpdateDate>2016-02-11 06:58:45</PriceUpdateDate><ItemCode>72961209</ItemCode><ItemType>1</ItemType><ItemName>שמנית חמוצה 15% 200</ItemName><ManufacturerName>תנובה</ManufacturerName><ManufactureCountry>ישראל</ManufactureCountry><ManufacturerItemDescription>שמנית חמוצה 15% 200</ManufacturerItemDescription><SoldByWeight/><Quantity>200.00</Quantity><UnitOfMeasure>מ"ל</UnitOfMeasure><QtyInPackage>לא ידוע</QtyInPackage><UnitOfMeasurePrice>0.0110</UnitOfMeasurePrice><AllowDiscount>1</AllowDiscount><ItemStatus>1</ItemStatus><ItemPrice>2.20</ItemPrice></item><item><PriceUpdateDate>2016-02-11 06:58:45</PriceUpdateDate><ItemCode>72961216</ItemCode><ItemType>1</ItemType><ItemName>אשד מהדרין 200 מ"ל</ItemName><ManufacturerName>אשד</ManufacturerName><ManufactureCountry>ישראל</ManufactureCountry><ManufacturerItemDescription>אשד מהדרין 200 מ"ל</ManufacturerItemDescription><SoldByWeight/><Quantity>200.00</Quantity><UnitOfMeasure>מ"ל</UnitOfMeasure><QtyInPackage>לא ידוע</QtyInPackage><UnitOfMeasurePrice>0.0078</UnitOfMeasurePrice><AllowDiscount>1</AllowDiscount><ItemStatus>1</ItemStatus><ItemPrice>1.55</ItemPrice></item><item><PriceUpdateDate>2016-02-11 06:58:45</PriceUpdateDate><ItemCode>72961223</ItemCode><ItemType>1</ItemType><ItemName>גילה לבן 3% מהדרין 2</ItemName><ManufacturerName>גיל</ManufacturerName><ManufactureCountry>ישראל</ManufactureCountry><ManufacturerItemDescription>גילה לבן 3% מהדרין 2</ManufacturerItemDescription><SoldByWeight/><Quantity>200.00</Quantity><UnitOfMeasure>מ"ל</UnitOfMeasure><QtyInPackage>לא ידוע</QtyInPackage><UnitOfMeasurePrice>0.0070</UnitOfMeasurePrice><AllowDiscount>1</AllowDiscount><ItemStatus>1</ItemStatus><ItemPrice>1.40</ItemPrice></item><item><PriceUpdateDate>2015-10-11 06:43:34</PriceUpdateDate><ItemCode>72961506</ItemCode><ItemType>1</ItemType><ItemName>פרילי תות 125 גרם</ItemName><ManufacturerName>פרילי</ManufacturerName><ManufactureCountry>ישראל</ManufactureCountry><ManufacturerItemDescription>פרילי תות בגביע125 גר</ManufacturerItemDescription><SoldByWeight/><Quantity>125.00</Quantity><UnitOfMeasure>גרם     </UnitOfMeasure><QtyInPackage>לא ידוע</QtyInPackage><UnitOfMeasurePrice>0.0296</UnitOfMeasurePrice><AllowDiscount>1</AllowDiscount><ItemStatus>1</ItemStatus><ItemPrice>3.70</ItemPrice></item><item><PriceUpdateDate>2015-10-11 06:43:34</PriceUpdateDate><ItemCode>72961520</ItemCode><ItemType>1</ItemType><ItemName>פרילי אננס 125 גרם</ItemName><ManufacturerName>פרילי</ManufacturerName><ManufactureCountry>ישראל</ManufactureCountry><ManufacturerItemDescription>פרילי אננס בגביע125 מל</ManufacturerItemDescription><SoldByWeight/><Quantity>125.00</Quantity><UnitOfMeasure>גרם     </UnitOfMeasure><QtyInPackage>לא ידוע</QtyInPackage><UnitOfMeasurePrice>0.0296</UnitOfMeasurePrice><AllowDiscount>1</AllowDiscount><ItemStatus>1</ItemStatus><ItemPrice>3.70</ItemPrice></item><item><PriceUpdateDate>2016-03-14 17:14:23</PriceUpdateDate><ItemCode>72961544</ItemCode><ItemType>1</ItemType><ItemName>מעדן באדי תות 125 גר</ItemName><ManufacturerName>באדי</ManufacturerName><ManufactureCountry>ישראל</ManufactureCountry><ManufacturerItemDescription>באדי תות125 מל</ManufacturerItemDescription><SoldByWeight/><Quantity>125.00</Quantity><UnitOfMeasure>גרם     </UnitOfMeasure><QtyInPackage>לא ידוע</QtyInPackage><UnitOfMeasurePrice>0.0216</UnitOfMeasurePrice><AllowDiscount>1</AllowDiscount><ItemStatus>1</ItemStatus><ItemPrice>2.70</ItemPrice></item><item><PriceUpdateDate>2016-02-11 06:58:45</PriceUpdateDate><ItemCode>72963104</ItemCode><ItemType>1</ItemType><ItemName>חמאה מפוסטרת חבילה 1</ItemName><ManufacturerName>חמאת תנובה</ManufacturerName><ManufactureCountry>ישראל</ManufactureCountry><ManufacturerItemDescription>חמאה 100 גרם פיקוח</ManufacturerItemDescription><SoldByWeight/><Quantity>100.00</Quantity><UnitOfMeasure>גרם     </UnitOfMeasure><QtyInPackage>לא ידוע</QtyInPackage><UnitOfMeasurePrice>0.0380</UnitOfMeasurePrice><AllowDiscount>1</AllowDiscount><ItemStatus>1</ItemStatus><ItemPrice>3.80</ItemPrice></item><item><PriceUpdateDate>2015-01-27 10:34:39</PriceUpdateDate><ItemCode>72963753</ItemCode><ItemType>1</ItemType><ItemName>שמנת של פעם 200 מ"ל</ItemName><ManufacturerName>חלב תנובה</ManufacturerName><ManufactureCountry>ישראל</ManufactureCountry><ManufacturerItemDescription>שמנת של פעם200 מל</ManufacturerItemDescription><SoldByWeight/><Quantity>200.00</Quantity><UnitOfMeasure>מ"ל</UnitOfMeasure><QtyInPackage>לא ידוע</QtyInPackage><UnitOfMeasurePrice>0.0210</UnitOfMeasurePrice><AllowDiscount>1</AllowDiscount><ItemStatus>1</ItemStatus><ItemPrice>4.20</ItemPrice></item><item><PriceUpdateDate>2015-10-19 10:40:02</PriceUpdateDate><ItemCode>72964132</ItemCode><ItemType>1</ItemType><ItemName>פרילי טבע 200 מ''ל</ItemName><ManufacturerName>פרילי</ManufacturerName><ManufactureCountry>ישראל</ManufactureCountry><ManufacturerItemDescription>טבעגורט-יוגורט עם גרנולה2</ManufacturerItemDescription><SoldByWeight/><Quantity>200.00</Quantity><UnitOfMeasure>מ"ל</UnitOfMeasure><QtyInPackage>לא ידוע</QtyInPackage><UnitOfMeasurePrice>0.0265</UnitOfMeasurePrice><AllowDiscount>1</AllowDiscount><ItemStatus>1</ItemStatus><ItemPrice>5.30</ItemPrice></item><item><PriceUpdateDate>2015-10-11 06:43:34</PriceUpdateDate><ItemCode>72964422</ItemCode><ItemType>1</ItemType><ItemName>יוגורט 200 מ"ל</ItemName><ManufacturerName>חלב תנובה</ManufacturerName><ManufactureCountry>ישראל</ManufactureCountry><ManufacturerItemDescription>יוגורט200-4% מל</ManufacturerItemDescription><SoldByWeight/><Quantity>200.00</Quantity><UnitOfMeasure>מ"ל</UnitOfMeasure><QtyInPackage>לא ידוע</QtyInPackage><UnitOfMeasurePrice>0.0145</UnitOfMeasurePrice><AllowDiscount>1</AllowDiscount><ItemStatus>1</ItemStatus><ItemPrice>2.90</ItemPrice></item><item><PriceUpdateDate>2015-10-19 10:40:02</PriceUpdateDate><ItemCode>72982457</ItemCode><ItemType>1</ItemType><ItemName>מילקי קל שוקו 137 גר</ItemName><ManufacturerName>מילקי</ManufacturerName><ManufactureCountry>ישראל</ManufactureCountry><ManufacturerItemDescription>מילקיקל שוקולד 170-3% מל</ManufacturerItemDescription><SoldByWeight/><Quantity>137.00</Quantity><UnitOfMeasure>גרם     </UnitOfMeasure><QtyInPackage>לא ידוע</QtyInPackage><UnitOfMeasurePrice>0.0307</UnitOfMeasurePrice><AllowDiscount>1</AllowDiscount><ItemStatus>1</ItemStatus><ItemPrice>4.20</ItemPrice></item><item><PriceUpdateDate>2016-08-03 09:18:40</PriceUpdateDate><ItemCode>72983997</ItemCode><ItemType>1</ItemType><ItemName>ס.גולף גולד ארוך פ.ע</ItemName><ManufacturerName>גולף</ManufacturerName><ManufactureCountry>ישראל</ManufactureCountry><ManufacturerItemDescription>סיגריות גולף גולד</ManufacturerItemDescription><SoldByWeight/><Quantity>0.00</Quantity><UnitOfMeasure>יח'</UnitOfMeasure><QtyInPackage>לא ידוע</QtyInPackage><UnitOfMeasurePrice>0.0000</UnitOfMeasurePrice><AllowDiscount>1</AllowDiscount><ItemStatus>1</ItemStatus><ItemPrice>29.00</ItemPrice></item><item><PriceUpdateDate>2016-03-14 17:14:23</PriceUpdateDate><ItemCode>72986233</ItemCode><ItemType>1</ItemType><ItemName>מעדן באדי וניל מהדרי</ItemName><ManufacturerName>באדי</ManufacturerName><ManufactureCountry>ישראל</ManufactureCountry><ManufacturerItemDescription>מעדן באדי וניל מהדרי</ManufacturerItemDescription><SoldByWeight/><Quantity>125.00</Quantity><UnitOfMeasure>גרם     </UnitOfMeasure><QtyInPackage>לא ידוע</QtyInPackage><UnitOfMeasurePrice>0.0216</UnitOfMeasurePrice><AllowDiscount>1</AllowDiscount><ItemStatus>1</ItemStatus><ItemPrice>2.70</ItemPrice></item><item><PriceUpdateDate>2016-03-14 17:14:23</PriceUpdateDate><ItemCode>72986240</ItemCode><ItemType>1</ItemType><ItemName>מעדן באדי שוקו מהדרי</ItemName><ManufacturerName>באדי</ManufacturerName><ManufactureCountry>ישראל</ManufactureCountry><ManufacturerItemDescription>מעדן באדי שוקו מהדרי</ManufacturerItemDescription><SoldByWeight/><Quantity>125.00</Quantity><UnitOfMeasure>גרם     </UnitOfMeasure><QtyInPackage>לא ידוע</QtyInPackage><UnitOfMeasurePrice>0.0216</UnitOfMeasurePrice><AllowDiscount>1</AllowDiscount><ItemStatus>1</ItemStatus><ItemPrice>2.70</ItemPrice></item><item><PriceUpdateDate>2016-05-01 10:29:51</PriceUpdateDate><ItemCode>72986370</ItemCode><ItemType>1</ItemType><ItemName>גלידה וניל צרפתי 500</ItemName><ManufacturerName>בן&amp;גריס</ManufacturerName><ManufactureCountry>ישראל</ManufactureCountry><ManufacturerItemDescription>גלידה וניל צרפתי 500 מל</ManufacturerItemDescription><SoldByWeight/><Quantity>500.00</Quantity><UnitOfMeasure>מ"ל</UnitOfMeasure><QtyInPackage>לא ידוע</QtyInPackage><UnitOfMeasurePrice>0.0398</UnitOfMeasurePrice><AllowDiscount>1</AllowDiscount><ItemStatus>1</ItemStatus><ItemPrice>19.90</ItemPrice></item><item><PriceUpdateDate>2016-05-01 10:29:51</PriceUpdateDate><ItemCode>72986424</ItemCode><ItemType>1</ItemType><ItemName>גלידה וקרם עוגיות 50</ItemName><ManufacturerName>בן&amp;גריס</ManufacturerName><ManufactureCountry>ישראל</ManufactureCountry><ManufacturerItemDescription>גלידה קרם עוגיות 500 מל</ManufacturerItemDescription><SoldByWeight/><Quantity>500.00</Quantity><UnitOfMeasure>מ"ל</UnitOfMeasure><QtyInPackage>לא ידוע</QtyInPackage><UnitOfMeasurePrice>0.0398</UnitOfMeasurePrice><AllowDiscount>1</AllowDiscount><ItemStatus>1</ItemStatus><ItemPrice>19.90</ItemPrice></item><item><PriceUpdateDate>2016-05-01 10:29:51</PriceUpdateDate><ItemCode>72986448</ItemCode><ItemType>1</ItemType><ItemName>גלידה טופי קראנץ 500</ItemName><ManufacturerName>בן&amp;גריס</ManufacturerName><ManufactureCountry>ישראל</ManufactureCountry><ManufacturerItemDescription>גלידת טופי קראנץ500 מל</ManufacturerItemDescription><SoldByWeight/><Quantity>500.00</Quantity><UnitOfMeasure>מ"ל</UnitOfMeasure><QtyInPackage>לא ידוע</QtyInPackage><UnitOfMeasurePrice>0.0398</UnitOfMeasurePrice><AllowDiscount>1</AllowDiscount><ItemStatus>1</ItemStatus><ItemPrice>19.90</ItemPrice></item><item><PriceUpdateDate>2016-05-01 10:29:51</PriceUpdateDate><ItemCode>72986479</ItemCode><ItemType>1</ItemType><ItemName>גלידה צאנקי מנקי 500</ItemName><ManufacturerName>בן&amp;גריס</ManufacturerName><ManufactureCountry>ישראל</ManufactureCountry><ManufacturerItemDescription>גלידה צינקי מונקי 500 מל</ManufacturerItemDescription><SoldByWeight/><Quantity>500.00</Quantity><UnitOfMeasure>מ"ל</UnitOfMeasure><QtyInPackage>לא ידוע</QtyInPackage><UnitOfMeasurePrice>0.0398</UnitOfMeasurePrice><AllowDiscount>1</AllowDiscount><ItemStatus>1</ItemStatus><ItemPrice>19.90</ItemPrice></item><item><PriceUpdateDate>2016-05-01 10:29:51</PriceUpdateDate><ItemCode>72989425</ItemCode><ItemType>1</ItemType><ItemName>גלידה ספשייל בראוניס</ItemName><ManufacturerName>בן&amp;גריס</ManufacturerName><ManufactureCountry>ישראל</ManufactureCountry><ManufacturerItemDescription>גלידה בראוניס ספיישל 500</ManufacturerItemDescription><SoldByWeight/><Quantity>500.00</Quantity><UnitOfMeasure>מ"ל</UnitOfMeasure><QtyInPackage>לא ידוע</QtyInPackage><UnitOfMeasurePrice>0.0398</UnitOfMeasurePrice><AllowDiscount>1</AllowDiscount><ItemStatus>1</ItemStatus><ItemPrice>19.90</ItemPrice></item><item><PriceUpdateDate>2016-08-03 09:18:40</PriceUpdateDate><ItemCode>72991381</ItemCode><ItemType>1</ItemType><ItemName>ס.טיים ארוך בודד</ItemName><ManufacturerName>טיים</ManufacturerName><ManufactureCountry>ישראל</ManufactureCountry><ManufacturerItemDescription>סיגריות טיים RED 100 בודד</ManufacturerItemDescription><SoldByWeight/><Quantity>0.00</Quantity><UnitOfMeasure>יח'</UnitOfMeasure><QtyInPackage>לא ידוע</QtyInPackage><UnitOfMeasurePrice>0.0000</UnitOfMeasurePrice><AllowDiscount>1</AllowDiscount><ItemStatus>1</ItemStatus><ItemPrice>27.90</ItemPrice></item><item><PriceUpdateDate>2016-08-03 09:18:40</PriceUpdateDate><ItemCode>72991459</ItemCode><ItemType>1</ItemType><ItemName>ס.גולף בודד</ItemName><ManufacturerName>גולף</ManufacturerName><ManufactureCountry>ישראל</ManufactureCountry><ManufacturerItemDescription>סיגריות גולף לייט בודד</ManufacturerItemDescription><SoldByWeight/><Quantity>0.00</Quantity><UnitOfMeasure>יח'</UnitOfMeasure><QtyInPackage>לא ידוע</QtyInPackage><UnitOfMeasurePrice>0.0000</UnitOfMeasurePrice><AllowDiscount>1</AllowDiscount><ItemStatus>1</ItemStatus><ItemPrice>29.00</ItemPrice></item><item><PriceUpdateDate>2016-05-01 10:29:51</PriceUpdateDate><ItemCode>72991886</ItemCode><ItemType>1</ItemType><ItemName>גלידהריבת חלב 500 מ"</ItemName><ManufacturerName>בן&amp;גריס</ManufacturerName><ManufactureCountry>ישראל</ManufactureCountry><ManufacturerItemDescription>גלידת ריבת חלב500  מל</ManufacturerItemDescription><SoldByWeight/><Quantity>500.00</Quantity><UnitOfMeasure>מ"ל</UnitOfMeasure><QtyInPackage>לא ידוע</QtyInPackage><UnitOfMeasurePrice>0.0398</UnitOfMeasurePrice><AllowDiscount>1</AllowDiscount><ItemStatus>1</ItemStatus><ItemPrice>19.90</ItemPrice></item><item><PriceUpdateDate>2016-08-03 09:18:40</PriceUpdateDate><ItemCode>72993477</ItemCode><ItemType>1</ItemType><ItemName>ס.אל אם סלימס בודד</ItemName><ManufacturerName>אל אם</ManufacturerName><ManufactureCountry>ארצות הברית</ManufactureCountry><ManufacturerItemDescription>סיגריות L.M וייב סלימס בו</ManufacturerItemDescription><SoldByWeight/><Quantity>0.00</Quantity><UnitOfMeasure>יח'</UnitOfMeasure><QtyInPackage>לא ידוע</QtyInPackage><UnitOfMeasurePrice>0.0000</UnitOfMeasurePrice><AllowDiscount>1</AllowDiscount><ItemStatus>1</ItemStatus><ItemPrice>30.50</ItemPrice></item><item><PriceUpdateDate>2015-10-11 06:43:35</PriceUpdateDate><ItemCode>72993637</ItemCode><ItemType>1</ItemType><ItemName>מעדן דני 125 גרם</ItemName><ManufacturerName>דני</ManufacturerName><ManufactureCountry>ישראל</ManufactureCountry><ManufacturerItemDescription>מעדן דני שוקולד 125 גרם</ManufacturerItemDescription><SoldByWeight/><Quantity>125.00</Quantity><UnitOfMeasure>מ"ל</UnitOfMeasure><QtyInPackage>לא ידוע</QtyInPackage><UnitOfMeasurePrice>0.0216</UnitOfMeasurePrice><AllowDiscount>1</AllowDiscount><ItemStatus>1</ItemStatus><ItemPrice>2.70</ItemPrice></item><item><PriceUpdateDate>2016-08-03 09:18:40</PriceUpdateDate><ItemCode>72993927</ItemCode><ItemType>1</ItemType><ItemName>ס.נקסט 100 בודד</ItemName><ManufacturerName>נקסט-סיגריות</ManufacturerName><ManufactureCountry>ארצות הברית</ManufactureCountry><ManufacturerItemDescription>סיגריות נקסט ארוך בודד</ManufacturerItemDescription><SoldByWeight/><Quantity>0.00</Quantity><UnitOfMeasure>יח'</UnitOfMeasure><QtyInPackage>לא ידוע</QtyInPackage><UnitOfMeasurePrice>0.0000</UnitOfMeasurePrice><AllowDiscount>1</AllowDiscount><ItemStatus>1</ItemStatus><ItemPrice>27.90</ItemPrice></item><item><PriceUpdateDate>2016-08-03 09:18:40</PriceUpdateDate><ItemCode>72994269</ItemCode><ItemType>1</ItemType><ItemName>ס.מרלבורו גולד טאצ'</ItemName><ManufacturerName>מרלבורו</ManufacturerName><ManufactureCountry>ארצות הברית</ManufactureCountry><ManufacturerItemDescription>סיגריות מרלבורו טאצ גולד</ManufacturerItemDescription><SoldByWeight/><Quantity>1.00</Quantity><UnitOfMeasure>יח'</UnitOfMeasure><QtyInPackage>לא ידוע</QtyInPackage><UnitOfMeasurePrice>32.9000</UnitOfMeasurePrice><AllowDiscount>1</AllowDiscount><ItemStatus>1</ItemStatus><ItemPrice>32.90</ItemPrice></item><item><PriceUpdateDate>2016-05-01 10:30:19</PriceUpdateDate><ItemCode>740537213008</ItemCode><ItemType>1</ItemType><ItemName>סירופ מייפל אורגני 2</ItemName><ManufacturerName>לא ממותג</ManufacturerName><ManufactureCountry>ישראל</ManufactureCountry><ManufacturerItemDescription>סירופ מייפל אורגני 2</ManufacturerItemDescription><SoldByWeight/><Quantity>250.00</Quantity><UnitOfMeasure>מ"ל</UnitOfMeasure><QtyInPackage>לא ידוע</QtyInPackage><UnitOfMeasurePrice>0.1588</UnitOfMeasurePrice><AllowDiscount>1</AllowDiscount><ItemStatus>1</ItemStatus><ItemPrice>39.70</ItemPrice></item><item><PriceUpdateDate>2016-05-01 10:30:14</PriceUpdateDate><ItemCode>74261150101</ItemCode><ItemType>1</ItemType><ItemName>רוטב סויה תמרי 296 מ</ItemName><ManufacturerName>טיירי</ManufacturerName><ManufactureCountry>ישראל</ManufactureCountry><ManufacturerItemDescription>רוטב סויה תמרי 296 מ</ManufacturerItemDescription><SoldByWeight/><Quantity>296.00</Quantity><UnitOfMeasure>מ"ל</UnitOfMeasure><QtyInPackage>לא ידוע</QtyInPackage><UnitOfMeasurePrice>0.0514</UnitOfMeasurePrice><AllowDiscount>1</AllowDiscount><ItemStatus>1</ItemStatus><ItemPrice>15.20</ItemPrice></item><item><PriceUpdateDate>2016-06-28 07:05:22</PriceUpdateDate><ItemCode>7501064191466</ItemCode><ItemType>1</ItemType><ItemName>מב בירה קורונה שישיי</ItemName><ManufacturerName>קורונה</ManufacturerName><ManufactureCountry>ישראל</ManufactureCountry><ManufacturerItemDescription>שישית בירה קורונה אקסטרא</ManufacturerItemDescription><SoldByWeight/><Quantity>2130.00</Quantity><UnitOfMeasure>מ"ל</UnitOfMeasure><QtyInPackage>לא ידוע</QtyInPackage><UnitOfMeasurePrice>0.0234</UnitOfMeasurePrice><AllowDiscount>1</AllowDiscount><ItemStatus>1</ItemStatus><ItemPrice>49.90</ItemPrice></item><item><PriceUpdateDate>2015-01-27 10:35:16</PriceUpdateDate><ItemCode>7610928010048</ItemCode><ItemType>1</ItemType><ItemName>הגרטי מבריק לכלי כסף</ItemName><ManufacturerName>לא ממותג</ManufacturerName><ManufactureCountry>ישראל</ManufactureCountry><ManufacturerItemDescription>הגרטי מבריק לכלי כסף</ManufacturerItemDescription><SoldByWeight/><Quantity>100.00</Quantity><UnitOfMeasure>מ"ל</UnitOfMeasure><QtyInPackage>לא ידוע</QtyInPackage><UnitOfMeasurePrice>0.3270</UnitOfMeasurePrice><AllowDiscount>1</AllowDiscount><ItemStatus>1</ItemStatus><ItemPrice>32.70</ItemPrice></item><item><PriceUpdateDate>2016-08-02 09:30:32</PriceUpdateDate><ItemCode>7613032416157</ItemCode><ItemType>1</ItemType><ItemName>מב דגני בוקר פיטנס ש</ItemName><ManufacturerName>לא ידוע</ManufacturerName><ManufactureCountry>ישראל</ManufactureCountry><ManufacturerItemDescription>מב דגני בוקר פיטנס ש</ManufacturerItemDescription><SoldByWeight/><Quantity>355.00</Quantity><UnitOfMeasure>גרם     </UnitOfMeasure><QtyInPackage>לא ידוע</QtyInPackage><UnitOfMeasurePrice>0.0504</UnitOfMeasurePrice><AllowDiscount>1</AllowDiscount><ItemStatus>1</ItemStatus><ItemPrice>17.90</ItemPrice></item><item><PriceUpdateDate>2016-08-07 20:02:49</PriceUpdateDate><ItemCode>7613033539022</ItemCode><ItemType>1</ItemType><ItemName>מטרנה מחית תפוח עץ 1</ItemName><ManufacturerName>מטרנה</ManufacturerName><ManufactureCountry>ישראל</ManufactureCountry><ManufacturerItemDescription>מטרנה מחית תפוח עץ 1</ManufacturerItemDescription><SoldByWeight/><Quantity>130.00</Quantity><UnitOfMeasure>גרם     </UnitOfMeasure><QtyInPackage>לא ידוע</QtyInPackage><UnitOfMeasurePrice>0.0531</UnitOfMeasurePrice><AllowDiscount>1</AllowDiscount><ItemStatus>1</ItemStatus><ItemPrice>6.90</ItemPrice></item><item><PriceUpdateDate>2016-05-01 10:35:09</PriceUpdateDate><ItemCode>7613034792785</ItemCode><ItemType>1</ItemType><ItemName>מולטי צ'יריוס 565 גר</ItemName><ManufacturerName>נסטלה</ManufacturerName><ManufactureCountry>ישראל</ManufactureCountry><ManufacturerItemDescription>מולטי צ'יריוס 565 גר</ManufacturerItemDescription><SoldByWeight/><Quantity>565.00</Quantity><UnitOfMeasure>גרם     </UnitOfMeasure><QtyInPackage>לא ידוע</QtyInPackage><UnitOfMeasurePrice>0.0485</UnitOfMeasurePrice><AllowDiscount>1</AllowDiscount><ItemStatus>1</ItemStatus><ItemPrice>27.40</ItemPrice></item><item><PriceUpdateDate>2016-08-02 09:30:33</PriceUpdateDate><ItemCode>7613035548374</ItemCode><ItemType>1</ItemType><ItemName>מב דגני בוקר גולדן מ</ItemName><ManufacturerName>נסטלה</ManufacturerName><ManufactureCountry>פולין</ManufactureCountry><ManufacturerItemDescription>הוטפופ מלח      ח100*5ג</ManufacturerItemDescription><SoldByWeight/><Quantity>570.00</Quantity><UnitOfMeasure>גרם     </UnitOfMeasure><QtyInPackage>לא ידוע</QtyInPackage><UnitOfMeasurePrice>0.0332</UnitOfMeasurePrice><AllowDiscount>1</AllowDiscount><ItemStatus>1</ItemStatus><ItemPrice>18.90</ItemPrice></item><item><PriceUpdateDate>2016-06-28 07:05:22</PriceUpdateDate><ItemCode>7613035622623</ItemCode><ItemType>1</ItemType><ItemName>פיטנס גרנולה שקדים</ItemName><ManufacturerName>פיטנס</ManufacturerName><ManufactureCountry>לא ידוע</ManufactureCountry><ManufacturerItemDescription>פיטנס גרנולה שקדים</ManufacturerItemDescription><SoldByWeight/><Quantity>300.00</Quantity><UnitOfMeasure>גרם     </UnitOfMeasure><QtyInPackage>לא ידוע</QtyInPackage><UnitOfMeasurePrice>0.0563</UnitOfMeasurePrice><AllowDiscount>1</AllowDiscount><ItemStatus>1</ItemStatus><ItemPrice>16.90</ItemPrice></item><item><PriceUpdateDate>2016-05-17 12:34:30</PriceUpdateDate><ItemCode>7622300495046</ItemCode><ItemType>1</ItemType><ItemName>שוקולד מילקה אקסטרה</ItemName><ManufacturerName>מילקה</ManufacturerName><ManufactureCountry>בלגיה</ManufactureCountry><ManufacturerItemDescription>שוקולד מילקה אקסטרא קקאו1</ManufacturerItemDescription><SoldByWeight/><Quantity>100.00</Quantity><UnitOfMeasure>גרם     </UnitOfMeasure><QtyInPackage>לא ידוע</QtyInPackage><UnitOfMeasurePrice>0.0890</UnitOfMeasurePrice><AllowDiscount>1</AllowDiscount><ItemStatus>1</ItemStatus><ItemPrice>8.90</ItemPrice></item><item><PriceUpdateDate>2016-05-17 12:34:30</PriceUpdateDate><ItemCode>7622300498429</ItemCode><ItemType>1</ItemType><ItemName>שוקולד מילקה 100 גרם</ItemName><ManufacturerName>מילקה</ManufacturerName><ManufactureCountry>גרמניה</ManufactureCountry><ManufacturerItemDescription>חטיף צ'ואי      ם 30*5גר</ManufacturerItemDescription><SoldByWeight/><Quantity>100.00</Quantity><UnitOfMeasure>גרם     </UnitOfMeasure><QtyInPackage>לא ידוע</QtyInPackage><UnitOfMeasurePrice>0.0890</UnitOfMeasurePrice><AllowDiscount>1</AllowDiscount><ItemStatus>1</ItemStatus><ItemPrice>8.90</ItemPrice></item><item><PriceUpdateDate>2016-08-07 20:02:49</PriceUpdateDate><ItemCode>7622300772314</ItemCode><ItemType>1</ItemType><ItemName>עוגיות אוראו 66 גרם</ItemName><ManufacturerName>לא ממותג</ManufacturerName><ManufactureCountry>ישראל</ManufactureCountry><ManufacturerItemDescription>עוגיות אוראו 66 גרם</ManufacturerItemDescription><SoldByWeight/><Quantity>66.00</Quantity><UnitOfMeasure>גרם     </UnitOfMeasure><QtyInPackage>לא ידוע</QtyInPackage><UnitOfMeasurePrice>0.0712</UnitOfMeasurePrice><AllowDiscount>1</AllowDiscount><ItemStatus>1</ItemStatus><ItemPrice>4.70</ItemPrice></item><item><PriceUpdateDate>2016-05-01 10:35:11</PriceUpdateDate><ItemCode>7622400958809</ItemCode><ItemType>1</ItemType><ItemName>קפה ג'יקובס אספרסו 5</ItemName><ManufacturerName>ג'יקובס</ManufacturerName><ManufactureCountry>ישראל</ManufactureCountry><ManufacturerItemDescription>קפה אספרסו ג'קובס 500גרם</ManufacturerItemDescription><SoldByWeight/><Quantity>500.00</Quantity><UnitOfMeasure>גרם     </UnitOfMeasure><QtyInPackage>לא ידוע</QtyInPackage><UnitOfMeasurePrice>0.0998</UnitOfMeasurePrice><AllowDiscount>1</AllowDiscount><ItemStatus>1</ItemStatus><ItemPrice>49.90</ItemPrice></item><item><PriceUpdateDate>2016-05-01 10:30:14</PriceUpdateDate><ItemCode>76840100583</ItemCode><ItemType>1</ItemType><ItemName>גלידה וניל עם בצק עו</ItemName><ManufacturerName>בן&amp;גריס</ManufacturerName><ManufactureCountry>ישראל</ManufactureCountry><ManufacturerItemDescription>גלידת וניל עם בצק עוגיות</ManufacturerItemDescription><SoldByWeight/><Quantity>473.00</Quantity><UnitOfMeasure>מ"ל</UnitOfMeasure><QtyInPackage>לא ידוע</QtyInPackage><UnitOfMeasurePrice>0.0421</UnitOfMeasurePrice><AllowDiscount>1</AllowDiscount><ItemStatus>1</ItemStatus><ItemPrice>19.90</ItemPrice></item><item><PriceUpdateDate>2016-05-01 10:30:14</PriceUpdateDate><ItemCode>76840100811</ItemCode><ItemType>1</ItemType><ItemName>גלידת שמנת בטעם חמאת</ItemName><ManufacturerName>בן&amp;גריס</ManufacturerName><ManufactureCountry>ישראל</ManufactureCountry><ManufacturerItemDescription>גלידת שמנת בטעם חמאת בוטנ</ManufacturerItemDescription><SoldByWeight/><Quantity>473.00</Quantity><UnitOfMeasure>מ"ל</UnitOfMeasure><QtyInPackage>לא ידוע</QtyInPackage><UnitOfMeasurePrice>0.0421</UnitOfMeasurePrice><AllowDiscount>1</AllowDiscount><ItemStatus>1</ItemStatus><ItemPrice>19.90</ItemPrice></item><item><PriceUpdateDate>2016-05-01 10:30:15</PriceUpdateDate><ItemCode>76840400027</ItemCode><ItemType>1</ItemType><ItemName>גלידה פיינט שוקולד 5</ItemName><ManufacturerName>בן&amp;גריס</ManufacturerName><ManufactureCountry>ישראל</ManufactureCountry><ManufacturerItemDescription>גלידה שוקולד500 מל</ManufacturerItemDescription><SoldByWeight/><Quantity>500.00</Quantity><UnitOfMeasure>מ"ל</UnitOfMeasure><QtyInPackage>לא ידוע</QtyInPackage><UnitOfMeasurePrice>0.0398</UnitOfMeasurePrice><AllowDiscount>1</AllowDiscount><ItemStatus>1</ItemStatus><ItemPrice>19.90</ItemPrice></item><item><PriceUpdateDate>2016-05-01 10:30:19</PriceUpdateDate><ItemCode>768404001640</ItemCode><ItemType>1</ItemType><ItemName>גלידה פיינט קפה 500</ItemName><ManufacturerName>בן&amp;גריס</ManufacturerName><ManufactureCountry>ישראל</ManufactureCountry><ManufacturerItemDescription>גלידה קפה 500 מל</ManufacturerItemDescription><SoldByWeight/><Quantity>500.00</Quantity><UnitOfMeasure>מ"ל</UnitOfMeasure><QtyInPackage>לא ידוע</QtyInPackage><UnitOfMeasurePrice>0.0398</UnitOfMeasurePrice><AllowDiscount>1</AllowDiscount><ItemStatus>1</ItemStatus><ItemPrice>19.90</ItemPrice></item><item><PriceUpdateDate>2016-08-07 20:02:49</PriceUpdateDate><ItemCode>7702174068833</ItemCode><ItemType>1</ItemType><ItemName>לקקן יוגטה גלידה 216</ItemName><ManufacturerName>לא ממותג</ManufacturerName><ManufactureCountry>ישראל</ManufactureCountry><ManufacturerItemDescription>לקקן יוגטה גלידה 216</ManufacturerItemDescription><SoldByWeight/><Quantity>216.00</Quantity><UnitOfMeasure>גרם     </UnitOfMeasure><QtyInPackage>לא ידוע</QtyInPackage><UnitOfMeasurePrice>0.0597</UnitOfMeasurePrice><AllowDiscount>1</AllowDiscount><ItemStatus>1</ItemStatus><ItemPrice>12.90</ItemPrice></item><item><PriceUpdateDate>2016-06-28 07:05:23</PriceUpdateDate><ItemCode>7702174073783</ItemCode><ItemType>1</ItemType><ItemName>מב לקקן פין פופ טעם</ItemName><ManufacturerName>אלדור</ManufacturerName><ManufactureCountry>ישראל</ManufactureCountry><ManufacturerItemDescription>מב לקקן פין פופ טעם</ManufacturerItemDescription><SoldByWeight/><Quantity>180.00</Quantity><UnitOfMeasure>גרם     </UnitOfMeasure><QtyInPackage>לא ידוע</QtyInPackage><UnitOfMeasurePrice>0.0439</UnitOfMeasurePrice><AllowDiscount>1</AllowDiscount><ItemStatus>1</ItemStatus><ItemPrice>7.90</ItemPrice></item><item><PriceUpdateDate>2016-05-01 10:30:15</PriceUpdateDate><ItemCode>77245110573</ItemCode><ItemType>1</ItemType><ItemName>סוכריות מאסט טעם יוג</ItemName><ManufacturerName>מאסט</ManufacturerName><ManufactureCountry>פולין</ManufactureCountry><ManufacturerItemDescription>סוכריות מאסט ללא סוכר יוג</ManufacturerItemDescription><SoldByWeight/><Quantity>0.00</Quantity><UnitOfMeasure>יח'</UnitOfMeasure><QtyInPackage>לא ידוע</QtyInPackage><UnitOfMeasurePrice>0.0000</UnitOfMeasurePrice><AllowDiscount>1</AllowDiscount><ItemStatus>1</ItemStatus><ItemPrice>8.90</ItemPrice></item><item><PriceUpdateDate>2015-12-01 07:56:51</PriceUpdateDate><ItemCode>77245110610</ItemCode><ItemType>1</ItemType><ItemName>סוכריות מאסט מנטה לל</ItemName><ManufacturerName>מאסט</ManufacturerName><ManufactureCountry>פולין</ManufactureCountry><ManufacturerItemDescription>צבע ש.גרנייה    נד 111</ManufacturerItemDescription><SoldByWeight/><Quantity>80.00</Quantity><UnitOfMeasure>גרם     </UnitOfMeasure><QtyInPackage>לא ידוע</QtyInPackage><UnitOfMeasurePrice>0.1113</UnitOfMeasurePrice><AllowDiscount>1</AllowDiscount><ItemStatus>1</ItemStatus><ItemPrice>8.90</ItemPrice></item><item><PriceUpdateDate>2016-01-20 07:09:18</PriceUpdateDate><ItemCode>77245111136</ItemCode><ItemType>1</ItemType><ItemName>סוכריות מאסט ריבת חל</ItemName><ManufacturerName>מאסט</ManufacturerName><ManufactureCountry>פולין</ManufactureCountry><ManufacturerItemDescription>צבע לשיער גרנייה שוקולד</ManufacturerItemDescription><SoldByWeight/><Quantity>80.00</Quantity><UnitOfMeasure>גרם     </UnitOfMeasure><QtyInPackage>לא ידוע</QtyInPackage><UnitOfMeasurePrice>0.1113</UnitOfMeasurePrice><AllowDiscount>1</AllowDiscount><ItemStatus>1</ItemStatus><ItemPrice>8.90</ItemPrice></item><item><PriceUpdateDate>2016-08-02 09:29:22</PriceUpdateDate><ItemCode>77975088210</ItemCode><ItemType>1</ItemType><ItemName>מב שברי בייגלה בטעם</ItemName><ManufacturerName>סניידרס</ManufacturerName><ManufactureCountry>ארצות הברית</ManufactureCountry><ManufacturerItemDescription>קרם יום אסנשאל  יום לע.ר</ManufacturerItemDescription><SoldByWeight/><Quantity>340.00</Quantity><UnitOfMeasure>גרם     </UnitOfMeasure><QtyInPackage>לא ידוע</QtyInPackage><UnitOfMeasurePrice>0.0409</UnitOfMeasurePrice><AllowDiscount>1</AllowDiscount><ItemStatus>1</ItemStatus><ItemPrice>13.90</ItemPrice></item><item><PriceUpdateDate>2016-08-02 09:29:22</PriceUpdateDate><ItemCode>77975088227</ItemCode><ItemType>1</ItemType><ItemName>מב שברי בייגלה בטעם</ItemName><ManufacturerName>סניידרס</ManufacturerName><ManufactureCountry>ארצות הברית</ManufactureCountry><ManufacturerItemDescription>דאודורנט אדידס  ייס 51גר</ManufacturerItemDescription><SoldByWeight/><Quantity>340.00</Quantity><UnitOfMeasure>גרם     </UnitOfMeasure><QtyInPackage>לא ידוע</QtyInPackage><UnitOfMeasurePrice>0.0409</UnitOfMeasurePrice><AllowDiscount>1</AllowDiscount><ItemStatus>1</ItemStatus><ItemPrice>13.90</ItemPrice></item><item><PriceUpdateDate>2015-07-16 06:49:56</PriceUpdateDate><ItemCode>77975091524</ItemCode><ItemType>1</ItemType><ItemName>שברי בייגלה בטעם קרמ</ItemName><ManufacturerName>סניידרס</ManufacturerName><ManufactureCountry>לא ידוע</ManufactureCountry><ManufacturerItemDescription>שברי בייגלה בטעם קרמ</ManufacturerItemDescription><SoldByWeight/><Quantity>100.00</Quantity><UnitOfMeasure>גרם     </UnitOfMeasure><QtyInPackage>לא ידוע</QtyInPackage><UnitOfMeasurePrice>0.0800</UnitOfMeasurePrice><AllowDiscount>1</AllowDiscount><ItemStatus>1</ItemStatus><ItemPrice>8.00</ItemPrice></item><item><PriceUpdateDate>2016-06-28 07:02:51</PriceUpdateDate><ItemCode>77975091784</ItemCode><ItemType>1</ItemType><ItemName>טורטיה  מתירס צהוב 3</ItemName><ManufacturerName>סניידרס</ManufacturerName><ManufactureCountry>ישראל</ManufactureCountry><ManufacturerItemDescription>טורטיה  מתירס צהוב 3</ManufacturerItemDescription><SoldByWeight/><Quantity>354.00</Quantity><UnitOfMeasure>גרם     </UnitOfMeasure><QtyInPackage>לא ידוע</QtyInPackage><UnitOfMeasurePrice>0.0477</UnitOfMeasurePrice><AllowDiscount>1</AllowDiscount><ItemStatus>1</ItemStatus><ItemPrice>16.90</ItemPrice></item><item><PriceUpdateDate>2016-08-07 20:02:49</PriceUpdateDate><ItemCode>7804414001614</ItemCode><ItemType>1</ItemType><ItemName>יין דון חוליו שיראז</ItemName><ManufacturerName>דון חוליו</ManufacturerName><ManufactureCountry>ישראל</ManufactureCountry><ManufacturerItemDescription>יין שיראז       750 מ"ל</ManufacturerItemDescription><SoldByWeight/><Quantity>750.00</Quantity><UnitOfMeasure>מ"ל</UnitOfMeasure><QtyInPackage>לא ידוע</QtyInPackage><UnitOfMeasurePrice>0.0492</UnitOfMeasurePrice><AllowDiscount>1</AllowDiscount><ItemStatus>1</ItemStatus><ItemPrice>36.90</ItemPrice></item><item><PriceUpdateDate>2016-06-28 07:02:49</PriceUpdateDate><ItemCode>78605039</ItemCode><ItemType>1</ItemType><ItemName>סוכריות טיק טק דובדב</ItemName><ManufacturerName>טיק טק</ManufacturerName><ManufactureCountry>ישראל</ManufactureCountry><ManufacturerItemDescription>סוכריות טיק טק דובדב</ManufacturerItemDescription><SoldByWeight/><Quantity>0.00</Quantity><UnitOfMeasure>יח'</UnitOfMeasure><QtyInPackage>לא ידוע</QtyInPackage><UnitOfMeasurePrice>0.0000</UnitOfMeasurePrice><AllowDiscount>1</AllowDiscount><ItemStatus>1</ItemStatus><ItemPrice>3.90</ItemPrice></item><item><PriceUpdateDate>2016-08-11 06:38:53</PriceUpdateDate><ItemCode>789</ItemCode><ItemType>3</ItemType><ItemName>קישואים זוקיני</ItemName><ManufacturerName>B.B.B</ManufacturerName><ManufactureCountry>ישראל</ManufactureCountry><ManufacturerItemDescription>קישואים זוקיני</ManufacturerItemDescription><SoldByWeight/><Quantity>1.00</Quantity><UnitOfMeasure>ק"ג</UnitOfMeasure><QtyInPackage>לא ידוע</QtyInPackage><UnitOfMeasurePrice>12.9000</UnitOfMeasurePrice><AllowDiscount>1</AllowDiscount><ItemStatus>1</ItemStatus><ItemPrice>12.90</ItemPrice></item><item><PriceUpdateDate>2016-05-31 06:17:45</PriceUpdateDate><ItemCode>7891024124826</ItemCode><ItemType>1</ItemType><ItemName>משחת שיניים קולגייט</ItemName><ManufacturerName>קולגייט</ManufacturerName><ManufactureCountry>ברזיל</ManufactureCountry><ManufacturerItemDescription>משחת שיניים אופטיק וויט 7</ManufacturerItemDescription><SoldByWeight/><Quantity>75.00</Quantity><UnitOfMeasure>מ"ל</UnitOfMeasure><QtyInPackage>לא ידוע</QtyInPackage><UnitOfMeasurePrice>0.3933</UnitOfMeasurePrice><AllowDiscount>1</AllowDiscount><ItemStatus>1</ItemStatus><ItemPrice>29.50</ItemPrice></item><item><PriceUpdateDate>2016-08-02 09:30:33</PriceUpdateDate><ItemCode>7891024130063</ItemCode><ItemType>1</ItemType><ItemName>מי פה קולגייט פלאקס</ItemName><ManufacturerName>קולגייט</ManufacturerName><ManufactureCountry>ישראל</ManufactureCountry><ManufacturerItemDescription>פלקס שטיפה      והול500</ManufacturerItemDescription><SoldByWeight/><Quantity>500.00</Quantity><UnitOfMeasure>מ"ל</UnitOfMeasure><QtyInPackage>לא ידוע</QtyInPackage><UnitOfMeasurePrice>0.0752</UnitOfMeasurePrice><AllowDiscount>1</AllowDiscount><ItemStatus>1</ItemStatus><ItemPrice>37.60</ItemPrice></item><item><PriceUpdateDate>2015-01-27 10:34:56</PriceUpdateDate><ItemCode>8000070011878</ItemCode><ItemType>1</ItemType><ItemName>קפה לוואצה נטול קופא</ItemName><ManufacturerName>לווצה</ManufacturerName><ManufactureCountry>איטליה</ManufactureCountry><ManufacturerItemDescription>חטיפי דגנים מרבהים חלב6י</ManufacturerItemDescription><SoldByWeight/><Quantity>250.00</Quantity><UnitOfMeasure>גרם     </UnitOfMeasure><QtyInPackage>לא ידוע</QtyInPackage><UnitOfMeasurePrice>0.2040</UnitOfMeasurePrice><AllowDiscount>1</AllowDiscount><ItemStatus>1</ItemStatus><ItemPrice>51.00</ItemPrice></item><item><PriceUpdateDate>2016-05-01 07:12:24</PriceUpdateDate><ItemCode>8000380004911</ItemCode><ItemType>1</ItemType><ItemName>וופל קואדרטיני אגוז</ItemName><ManufacturerName>לואקר</ManufacturerName><ManufactureCountry>אוסטריה</ManufactureCountry><ManufacturerItemDescription>ופל קואדרטיני   אגוז250ג</ManufacturerItemDescription><SoldByWeight/><Quantity>250.00</Quantity><UnitOfMeasure>גרם     </UnitOfMeasure><QtyInPackage>לא ידוע</QtyInPackage><UnitOfMeasurePrice>0.0556</UnitOfMeasurePrice><AllowDiscount>1</AllowDiscount><ItemStatus>1</ItemStatus><ItemPrice>13.90</ItemPrice></item><item><PriceUpdateDate>2016-05-01 10:35:13</PriceUpdateDate><ItemCode>8000380007257</ItemCode><ItemType>1</ItemType><ItemName>וופל גרדנה 200 גרם</ItemName><ManufacturerName>לואקר</ManufacturerName><ManufactureCountry>איטליה</ManufactureCountry><ManufacturerItemDescription>חטיפי ביס גו פיטננה132גר</ManufacturerItemDescription><SoldByWeight/><Quantity>200.00</Quantity><UnitOfMeasure>גרם     </UnitOfMeasure><QtyInPackage>לא ידוע</QtyInPackage><UnitOfMeasurePrice>0.0795</UnitOfMeasurePrice><AllowDiscount>1</AllowDiscount><ItemStatus>1</ItemStatus><ItemPrice>15.90</ItemPrice></item><item><PriceUpdateDate>2016-06-28 07:05:24</PriceUpdateDate><ItemCode>8000380007264</ItemCode><ItemType>1</ItemType><ItemName>וופל לואקר קקאו 175</ItemName><ManufacturerName>לואקר</ManufacturerName><ManufactureCountry>אוסטריה</ManufactureCountry><ManufacturerItemDescription>וופל לואקר קקאו 175 גר</ManufacturerItemDescription><SoldByWeight/><Quantity>175.00</Quantity><UnitOfMeasure>גרם     </UnitOfMeasure><QtyInPackage>לא ידוע</QtyInPackage><UnitOfMeasurePrice>0.0737</UnitOfMeasurePrice><AllowDiscount>1</AllowDiscount><ItemStatus>1</ItemStatus><ItemPrice>12.90</ItemPrice></item><item><PriceUpdateDate>2016-05-31 06:17:46</PriceUpdateDate><ItemCode>8000500029350</ItemCode><ItemType>1</ItemType><ItemName>מאגדת קינדר בואנו חל</ItemName><ManufacturerName>קינדר בואנו</ManufacturerName><ManufactureCountry>פולין</ManufactureCountry><ManufacturerItemDescription>דגנים גו פיט    וזי לוז</ManufacturerItemDescription><SoldByWeight/><Quantity>129.00</Quantity><UnitOfMeasure>גרם     </UnitOfMeasure><QtyInPackage>לא ידוע</QtyInPackage><UnitOfMeasurePrice>0.0969</UnitOfMeasurePrice><AllowDiscount>1</AllowDiscount><ItemStatus>1</ItemStatus><ItemPrice>12.50</ItemPrice></item><item><PriceUpdateDate>2016-02-16 09:21:55</PriceUpdateDate><ItemCode>8000500037874</ItemCode><ItemType>1</ItemType><ItemName>בונבוניירה פררו רושר</ItemName><ManufacturerName>פררו רושר</ManufacturerName><ManufactureCountry>איטליה</ManufactureCountry><ManufacturerItemDescription>דגנים גו פיט    ת 340גר</ManufacturerItemDescription><SoldByWeight/><Quantity>200.00</Quantity><UnitOfMeasure>גרם     </UnitOfMeasure><QtyInPackage>לא ידוע</QtyInPackage><UnitOfMeasurePrice>0.1445</UnitOfMeasurePrice><AllowDiscount>1</AllowDiscount><ItemStatus>1</ItemStatus><ItemPrice>28.90</ItemPrice></item><item><PriceUpdateDate>2016-06-27 17:21:54</PriceUpdateDate><ItemCode>8000500071083</ItemCode><ItemType>1</ItemType><ItemName>אצבעות שוקולד קינדר</ItemName><ManufacturerName>קינדר</ManufacturerName><ManufactureCountry>איטליה</ManufactureCountry><ManufacturerItemDescription>דגנים גו פיט    וקוס340ג</ManufacturerItemDescription><SoldByWeight/><Quantity>200.00</Quantity><UnitOfMeasure>גרם     </UnitOfMeasure><QtyInPackage>לא ידוע</QtyInPackage><UnitOfMeasurePrice>0.0795</UnitOfMeasurePrice><AllowDiscount>1</AllowDiscount><ItemStatus>1</ItemStatus><ItemPrice>15.90</ItemPrice></item><item><PriceUpdateDate>2016-05-31 06:17:46</PriceUpdateDate><ItemCode>8000500075708</ItemCode><ItemType>1</ItemType><ItemName>מארז ביצי קינדר ג'וי</ItemName><ManufacturerName>קינדר</ManufacturerName><ManufactureCountry>דרום אפריקה</ManufactureCountry><ManufacturerItemDescription>קינדר ג'וי כחול כחול20*3</ManufacturerItemDescription><SoldByWeight/><Quantity>0.00</Quantity><UnitOfMeasure>יח'</UnitOfMeasure><QtyInPackage>לא ידוע</QtyInPackage><UnitOfMeasurePrice>0.0000</UnitOfMeasurePrice><AllowDiscount>1</AllowDiscount><ItemStatus>1</ItemStatus><ItemPrice>14.50</ItemPrice></item><item><PriceUpdateDate>2016-05-31 06:17:46</PriceUpdateDate><ItemCode>8000500121436</ItemCode><ItemType>1</ItemType><ItemName>מאגדת קינדר בואנו לב</ItemName><ManufacturerName>קינדר</ManufacturerName><ManufactureCountry>פולין</ManufactureCountry><ManufacturerItemDescription>דגנים גו פיט     מריר340</ManufacturerItemDescription><SoldByWeight/><Quantity>129.00</Quantity><UnitOfMeasure>גרם     </UnitOfMeasure><QtyInPackage>לא ידוע</QtyInPackage><UnitOfMeasurePrice>0.0969</UnitOfMeasurePrice><AllowDiscount>0</AllowDiscount><ItemStatus>1</ItemStatus><ItemPrice>12.50</ItemPrice></item><item><PriceUpdateDate>2016-05-31 06:17:46</PriceUpdateDate><ItemCode>8000500126325</ItemCode><ItemType>1</ItemType><ItemName>מארז ביצי קינדר ג'וי</ItemName><ManufacturerName>קינדר</ManufacturerName><ManufactureCountry>דרום אפריקה</ManufactureCountry><ManufacturerItemDescription>קינדר ג'וי ורוד ורוד20*3</ManufacturerItemDescription><SoldByWeight/><Quantity>0.00</Quantity><UnitOfMeasure>יח'</UnitOfMeasure><QtyInPackage>לא ידוע</QtyInPackage><UnitOfMeasurePrice>0.0000</UnitOfMeasurePrice><AllowDiscount>1</AllowDiscount><ItemStatus>1</ItemStatus><ItemPrice>14.50</ItemPrice></item><item><PriceUpdateDate>2016-06-27 17:21:54</PriceUpdateDate><ItemCode>8000500214114</ItemCode><ItemType>1</ItemType><ItemName>קינדר בואנו מריר 43</ItemName><ManufacturerName>קינדר</ManufacturerName><ManufactureCountry>פולין</ManufactureCountry><ManufacturerItemDescription>חטיף וופל קינדר בואנו</ManufacturerItemDescription><SoldByWeight/><Quantity>43.00</Quantity><UnitOfMeasure>גרם     </UnitOfMeasure><QtyInPackage>לא ידוע</QtyInPackage><UnitOfMeasurePrice>0.1140</UnitOfMeasurePrice><AllowDiscount>1</AllowDiscount><ItemStatus>1</ItemStatus><ItemPrice>4.90</ItemPrice></item><item><PriceUpdateDate>2016-05-31 06:17:46</PriceUpdateDate><ItemCode>8000700000050</ItemCode><ItemType>1</ItemType><ItemName>סבון מוצק דאב רביעיי</ItemName><ManufacturerName>דאב</ManufacturerName><ManufactureCountry>ישראל</ManufactureCountry><ManufacturerItemDescription>סבון מוצק דאב רביעיי</ManufacturerItemDescription><SoldByWeight/><Quantity>400.00</Quantity><UnitOfMeasure>גרם     </UnitOfMeasure><QtyInPackage>לא ידוע</QtyInPackage><UnitOfMeasurePrice>0.0398</UnitOfMeasurePrice><AllowDiscount>1</AllowDiscount><ItemStatus>1</ItemStatus><ItemPrice>15.90</ItemPrice></item><item><PriceUpdateDate>2016-08-02 09:30:33</PriceUpdateDate><ItemCode>8001620011935</ItemCode><ItemType>1</ItemType><ItemName>מב מים סן בנדטו שישי</ItemName><ManufacturerName>לא ממותג</ManufacturerName><ManufactureCountry>ישראל</ManufactureCountry><ManufacturerItemDescription>שישית סן בנדטו מוגז עדין</ManufacturerItemDescription><SoldByWeight/><Quantity>3000.00</Quantity><UnitOfMeasure>מ"ל</UnitOfMeasure><QtyInPackage>לא ידוע</QtyInPackage><UnitOfMeasurePrice>0.0046</UnitOfMeasurePrice><AllowDiscount>1</AllowDiscount><ItemStatus>1</ItemStatus><ItemPrice>13.90</ItemPrice></item><item><PriceUpdateDate>2016-06-28 07:05:25</PriceUpdateDate><ItemCode>8002450204009</ItemCode><ItemType>1</ItemType><ItemName>יין ורדי אפרסק מבעבע</ItemName><ManufacturerName>ורדי</ManufacturerName><ManufactureCountry>איטליה</ManufactureCountry><ManufacturerItemDescription>דאודורנט אקס    150AFRIמ</ManufacturerItemDescription><SoldByWeight/><Quantity>750.00</Quantity><UnitOfMeasure>מ"ל</UnitOfMeasure><QtyInPackage>לא ידוע</QtyInPackage><UnitOfMeasurePrice>0.0399</UnitOfMeasurePrice><AllowDiscount>1</AllowDiscount><ItemStatus>1</ItemStatus><ItemPrice>29.90</ItemPrice></item><item><PriceUpdateDate>2016-08-02 09:30:33</PriceUpdateDate><ItemCode>8004030044005</ItemCode><ItemType>1</ItemType><ItemName>טונה ריו מארה בשמן ז</ItemName><ManufacturerName>לא ידוע</ManufacturerName><ManufactureCountry>איטליה</ManufactureCountry><ManufacturerItemDescription>טונה בשמן זית 160 ריומרה1</ManufacturerItemDescription><SoldByWeight/><Quantity>112.00</Quantity><UnitOfMeasure>גרם     </UnitOfMeasure><QtyInPackage>לא ידוע</QtyInPackage><UnitOfMeasurePrice>0.1777</UnitOfMeasurePrice><AllowDiscount>1</AllowDiscount><ItemStatus>1</ItemStatus><ItemPrice>19.90</ItemPrice></item><item><PriceUpdateDate>2016-08-02 09:30:33</PriceUpdateDate><ItemCode>8004030344938</ItemCode><ItemType>1</ItemType><ItemName>שלישיית טונה ריו מרה</ItemName><ManufacturerName>לא ממותג</ManufacturerName><ManufactureCountry>איטליה</ManufactureCountry><ManufacturerItemDescription>גלייד מטהר אווירנדר 300מ</ManufacturerItemDescription><SoldByWeight/><Quantity>240.00</Quantity><UnitOfMeasure>גרם     </UnitOfMeasure><QtyInPackage>לא ידוע</QtyInPackage><UnitOfMeasurePrice>0.1254</UnitOfMeasurePrice><AllowDiscount>1</AllowDiscount><ItemStatus>1</ItemStatus><ItemPrice>30.10</ItemPrice></item><item><PriceUpdateDate>2015-10-11 06:44:22</PriceUpdateDate><ItemCode>8005200496525</ItemCode><ItemType>1</ItemType><ItemName>נסטי בטעם אפרסק 1.5</ItemName><ManufacturerName>נסטי</ManufacturerName><ManufactureCountry>ישראל</ManufactureCountry><ManufacturerItemDescription>נסטי אפרסק      יטר</ManufacturerItemDescription><SoldByWeight/><Quantity>1500.00</Quantity><UnitOfMeasure>מ"ל</UnitOfMeasure><QtyInPackage>לא ידוע</QtyInPackage><UnitOfMeasurePrice>0.0054</UnitOfMeasurePrice><AllowDiscount>1</AllowDiscount><ItemStatus>1</ItemStatus><ItemPrice>8.10</ItemPrice></item><item><PriceUpdateDate>2015-10-11 06:44:22</PriceUpdateDate><ItemCode>8005200536528</ItemCode><ItemType>1</ItemType><ItemName>נסטי בטעם מנגו אננס</ItemName><ManufacturerName>נסטי</ManufacturerName><ManufactureCountry>ישראל</ManufactureCountry><ManufacturerItemDescription>נסטי מנגו אננס  1. ליטר</ManufacturerItemDescription><SoldByWeight/><Quantity>1500.00</Quantity><UnitOfMeasure>מ"ל</UnitOfMeasure><QtyInPackage>לא ידוע</QtyInPackage><UnitOfMeasurePrice>0.0054</UnitOfMeasurePrice><AllowDiscount>1</AllowDiscount><ItemStatus>1</ItemStatus><ItemPrice>8.10</ItemPrice></item><item><PriceUpdateDate>2016-05-01 10:35:18</PriceUpdateDate><ItemCode>8005200556526</ItemCode><ItemType>1</ItemType><ItemName>נסטי בטעם לימון 1.5</ItemName><ManufacturerName>נסטי</ManufacturerName><ManufactureCountry>ישראל</ManufactureCountry><ManufacturerItemDescription>נסטי בטעם לימון 1.5</ManufacturerItemDescription><SoldByWeight/><Quantity>1500.00</Quantity><UnitOfMeasure>מ"ל</UnitOfMeasure><QtyInPackage>לא ידוע</QtyInPackage><UnitOfMeasurePrice>0.0054</UnitOfMeasurePrice><AllowDiscount>1</AllowDiscount><ItemStatus>1</ItemStatus><ItemPrice>8.10</ItemPrice></item><item><PriceUpdateDate>2015-10-11 06:44:22</PriceUpdateDate><ItemCode>8005200786527</ItemCode><ItemType>1</ItemType><ItemName>נסטי בטעם תפוח 1.5 ל</ItemName><ManufacturerName>נסטי</ManufacturerName><ManufactureCountry>ישראל</ManufactureCountry><ManufacturerItemDescription>נסטי בטעם תפוח 1.5 ל</ManufacturerItemDescription><SoldByWeight/><Quantity>1500.00</Quantity><UnitOfMeasure>מ"ל</UnitOfMeasure><QtyInPackage>לא ידוע</QtyInPackage><UnitOfMeasurePrice>0.0054</UnitOfMeasurePrice><AllowDiscount>1</AllowDiscount><ItemStatus>1</ItemStatus><ItemPrice>8.10</ItemPrice></item><item><PriceUpdateDate>2016-06-27 17:21:53</PriceUpdateDate><ItemCode>80052760</ItemCode><ItemType>1</ItemType><ItemName>קינדר בואנו חלב 43 ג</ItemName><ManufacturerName>קינדר</ManufacturerName><ManufactureCountry>פולין</ManufactureCountry><ManufacturerItemDescription>חטיף וופל קינדר בואנו</ManufacturerItemDescription><SoldByWeight/><Quantity>43.00</Quantity><UnitOfMeasure>גרם     </UnitOfMeasure><QtyInPackage>לא ידוע</QtyInPackage><UnitOfMeasurePrice>0.1140</UnitOfMeasurePrice><AllowDiscount>1</AllowDiscount><ItemStatus>1</ItemStatus><ItemPrice>4.90</ItemPrice></item><item><PriceUpdateDate>2016-05-01 10:35:20</PriceUpdateDate><ItemCode>8008857300481</ItemCode><ItemType>1</ItemType><ItemName>פסטה רג'ייה בורג 500</ItemName><ManufacturerName>לא ממותג</ManufacturerName><ManufactureCountry>ישראל</ManufactureCountry><ManufacturerItemDescription>פסטה רג'ייה בורג 500</ManufacturerItemDescription><SoldByWeight/><Quantity>500.00</Quantity><UnitOfMeasure>גרם     </UnitOfMeasure><QtyInPackage>לא ידוע</QtyInPackage><UnitOfMeasurePrice>0.0100</UnitOfMeasurePrice><AllowDiscount>1</AllowDiscount><ItemStatus>1</ItemStatus><ItemPrice>5.00</ItemPrice></item><item><PriceUpdateDate>2016-08-02 09:30:34</PriceUpdateDate><ItemCode>8008920990250</ItemCode><ItemType>1</ItemType><ItemName>מב למברוסקו רוזה 750</ItemName><ManufacturerName>לא ממותג</ManufacturerName><ManufactureCountry>ישראל</ManufactureCountry><ManufacturerItemDescription>יין מבעבע רוזה חצי מתוק</ManufacturerItemDescription><SoldByWeight/><Quantity>750.00</Quantity><UnitOfMeasure>מ"ל</UnitOfMeasure><QtyInPackage>לא ידוע</QtyInPackage><UnitOfMeasurePrice>0.0332</UnitOfMeasurePrice><AllowDiscount>1</AllowDiscount><ItemStatus>1</ItemStatus><ItemPrice>24.90</ItemPrice></item><item><PriceUpdateDate>2016-03-15 11:31:31</PriceUpdateDate><ItemCode>80176800</ItemCode><ItemType>1</ItemType><ItemName>ממרח שוקולד נוטלה 75</ItemName><ManufacturerName>נוטלה</ManufacturerName><ManufactureCountry>פולין</ManufactureCountry><ManufacturerItemDescription>מסטיק מנטוס      90 גרם</ManufacturerItemDescription><SoldByWeight/><Quantity>750.00</Quantity><UnitOfMeasure>גרם     </UnitOfMeasure><QtyInPackage>לא ידוע</QtyInPackage><UnitOfMeasurePrice>0.0332</UnitOfMeasurePrice><AllowDiscount>1</AllowDiscount><ItemStatus>1</ItemStatus><ItemPrice>24.90</ItemPrice></item><item><PriceUpdateDate>2016-03-30 10:11:27</PriceUpdateDate><ItemCode>80177173</ItemCode><ItemType>1</ItemType><ItemName>ממרח שוקולד נוטלה 35</ItemName><ManufacturerName>פררו</ManufacturerName><ManufactureCountry>איטליה</ManufactureCountry><ManufacturerItemDescription>מסטיק מנטוס     ת מיקס90</ManufacturerItemDescription><SoldByWeight/><Quantity>350.00</Quantity><UnitOfMeasure>גרם     </UnitOfMeasure><QtyInPackage>לא ידוע</QtyInPackage><UnitOfMeasurePrice>0.0411</UnitOfMeasurePrice><AllowDiscount>1</AllowDiscount><ItemStatus>1</ItemStatus><ItemPrice>14.40</ItemPrice></item><item><PriceUpdateDate>2016-06-27 17:21:53</PriceUpdateDate><ItemCode>80177609</ItemCode><ItemType>1</ItemType><ItemName>אצבעות שוקולד קינדר</ItemName><ManufacturerName>קינדר</ManufacturerName><ManufactureCountry>איטליה</ManufactureCountry><ManufacturerItemDescription>שוקולד חלב ממולא קינדר50</ManufacturerItemDescription><SoldByWeight/><Quantity>50.00</Quantity><UnitOfMeasure>גרם     </UnitOfMeasure><QtyInPackage>לא ידוע</QtyInPackage><UnitOfMeasurePrice>0.0980</UnitOfMeasurePrice><AllowDiscount>1</AllowDiscount><ItemStatus>1</ItemStatus><ItemPrice>4.90</ItemPrice></item><item><PriceUpdateDate>2016-05-31 06:17:49</PriceUpdateDate><ItemCode>8076802085738</ItemCode><ItemType>1</ItemType><ItemName>ברילה פסטה פנה ריגטה</ItemName><ManufacturerName>ברילה</ManufacturerName><ManufactureCountry>איטליה</ManufactureCountry><ManufacturerItemDescription>פסטה ברילה פנה רגטה מס</ManufacturerItemDescription><SoldByWeight/><Quantity>500.00</Quantity><UnitOfMeasure>גרם     </UnitOfMeasure><QtyInPackage>לא ידוע</QtyInPackage><UnitOfMeasurePrice>0.0130</UnitOfMeasurePrice><AllowDiscount>1</AllowDiscount><ItemStatus>1</ItemStatus><ItemPrice>6.50</ItemPrice></item><item><PriceUpdateDate>2016-05-31 06:17:49</PriceUpdateDate><ItemCode>8076802085981</ItemCode><ItemType>1</ItemType><ItemName>ברילה פסטה פוזילי 50</ItemName><ManufacturerName>ברילה</ManufacturerName><ManufactureCountry>איטליה</ManufactureCountry><ManufacturerItemDescription>ג'לי קולה       25 גרם</ManufacturerItemDescription><SoldByWeight/><Quantity>500.00</Quantity><UnitOfMeasure>גרם     </UnitOfMeasure><QtyInPackage>לא ידוע</QtyInPackage><UnitOfMeasurePrice>0.0130</UnitOfMeasurePrice><AllowDiscount>1</AllowDiscount><ItemStatus>1</ItemStatus><ItemPrice>6.50</ItemPrice></item><item><PriceUpdateDate>2016-05-31 06:17:49</PriceUpdateDate><ItemCode>8076808050440</ItemCode><ItemType>1</ItemType><ItemName>ברילה פסטה מקרוני 50</ItemName><ManufacturerName>ברילה</ManufacturerName><ManufactureCountry>ישראל</ManufactureCountry><ManufacturerItemDescription>ברילה פסטה מקרוני 50</ManufacturerItemDescription><SoldByWeight/><Quantity>500.00</Quantity><UnitOfMeasure>גרם     </UnitOfMeasure><QtyInPackage>לא ידוע</QtyInPackage><UnitOfMeasurePrice>0.0130</UnitOfMeasurePrice><AllowDiscount>1</AllowDiscount><ItemStatus>1</ItemStatus><ItemPrice>6.50</ItemPrice></item><item><PriceUpdateDate>2016-05-31 06:17:49</PriceUpdateDate><ItemCode>8076808060654</ItemCode><ItemType>1</ItemType><ItemName>ברילה פסטה פרפלה 500</ItemName><ManufacturerName>ברילה</ManufacturerName><ManufactureCountry>איטליה</ManufactureCountry><ManufacturerItemDescription>פסטה ברילה פרפלה מס</ManufacturerItemDescription><SoldByWeight/><Quantity>500.00</Quantity><UnitOfMeasure>גרם     </UnitOfMeasure><QtyInPackage>לא ידוע</QtyInPackage><UnitOfMeasurePrice>0.0130</UnitOfMeasurePrice><AllowDiscount>1</AllowDiscount><ItemStatus>1</ItemStatus><ItemPrice>6.50</ItemPrice></item><item><PriceUpdateDate>2016-05-31 06:17:49</PriceUpdateDate><ItemCode>8076808150072</ItemCode><ItemType>1</ItemType><ItemName>ברילה ספגטיני מ"ס 7</ItemName><ManufacturerName>ברילה</ManufacturerName><ManufactureCountry>איטליה</ManufactureCountry><ManufacturerItemDescription>סוכריות ג'לי    ם 100גרם</ManufacturerItemDescription><SoldByWeight/><Quantity>500.00</Quantity><UnitOfMeasure>גרם     </UnitOfMeasure><QtyInPackage>לא ידוע</QtyInPackage><UnitOfMeasurePrice>0.0130</UnitOfMeasurePrice><AllowDiscount>1</AllowDiscount><ItemStatus>1</ItemStatus><ItemPrice>6.50</ItemPrice></item><item><PriceUpdateDate>2016-05-31 06:17:49</PriceUpdateDate><ItemCode>8076809512268</ItemCode><ItemType>1</ItemType><ItemName>ברילה פסטה גירנדולה</ItemName><ManufacturerName>ברילה</ManufacturerName><ManufactureCountry>איטליה</ManufactureCountry><ManufacturerItemDescription>סבון נוזלי       לגבר500</ManufacturerItemDescription><SoldByWeight/><Quantity>500.00</Quantity><UnitOfMeasure>גרם     </UnitOfMeasure><QtyInPackage>לא ידוע</QtyInPackage><UnitOfMeasurePrice>0.0130</UnitOfMeasurePrice><AllowDiscount>1</AllowDiscount><ItemStatus>1</ItemStatus><ItemPrice>6.50</ItemPrice></item><item><PriceUpdateDate>2016-05-01 10:35:21</PriceUpdateDate><ItemCode>8076809513395</ItemCode><ItemType>1</ItemType><ItemName>ברילה רוטב פומודורו</ItemName><ManufacturerName>ברילה</ManufacturerName><ManufactureCountry>איטליה</ManufactureCountry><ManufacturerItemDescription>זוג מברשות      ט פחם</ManufacturerItemDescription><SoldByWeight/><Quantity>400.00</Quantity><UnitOfMeasure>גרם     </UnitOfMeasure><QtyInPackage>לא ידוע</QtyInPackage><UnitOfMeasurePrice>0.0380</UnitOfMeasurePrice><AllowDiscount>1</AllowDiscount><ItemStatus>1</ItemStatus><ItemPrice>15.20</ItemPrice></item><item><PriceUpdateDate>2016-05-01 10:35:21</PriceUpdateDate><ItemCode>8076809513654</ItemCode><ItemType>1</ItemType><ItemName>ברילה  רוטב עגבניות</ItemName><ManufacturerName>ברילה</ManufacturerName><ManufactureCountry>איטליה</ManufactureCountry><ManufacturerItemDescription>סימילאק פדיאשור ונילה400</ManufacturerItemDescription><SoldByWeight/><Quantity>400.00</Quantity><UnitOfMeasure>מ"ל</UnitOfMeasure><QtyInPackage>לא ידוע</QtyInPackage><UnitOfMeasurePrice>0.0380</UnitOfMeasurePrice><AllowDiscount>1</AllowDiscount><ItemStatus>1</ItemStatus><ItemPrice>15.20</ItemPrice></item><item><PriceUpdateDate>2016-05-01 10:35:22</PriceUpdateDate><ItemCode>8076809513739</ItemCode><ItemType>1</ItemType><ItemName>רוטב בזיליקום ברילה</ItemName><ManufacturerName>ברילה</ManufacturerName><ManufactureCountry>איטליה</ManufactureCountry><ManufacturerItemDescription>נוטרילון שלה1-  80 גרם</ManufacturerItemDescription><SoldByWeight/><Quantity>400.00</Quantity><UnitOfMeasure>גרם     </UnitOfMeasure><QtyInPackage>לא ידוע</QtyInPackage><UnitOfMeasurePrice>0.0380</UnitOfMeasurePrice><AllowDiscount>1</AllowDiscount><ItemStatus>1</ItemStatus><ItemPrice>15.20</ItemPrice></item><item><PriceUpdateDate>2016-08-02 09:30:34</PriceUpdateDate><ItemCode>8076809523738</ItemCode><ItemType>1</ItemType><ItemName>מב לזניה 500 גרם ברי</ItemName><ManufacturerName>ברילה</ManufacturerName><ManufactureCountry>איטליה</ManufactureCountry><ManufacturerItemDescription>משחת שיניים     ל100 מ"ל</ManufacturerItemDescription><SoldByWeight/><Quantity>500.00</Quantity><UnitOfMeasure>גרם     </UnitOfMeasure><QtyInPackage>לא ידוע</QtyInPackage><UnitOfMeasurePrice>0.0278</UnitOfMeasurePrice><AllowDiscount>1</AllowDiscount><ItemStatus>1</ItemStatus><ItemPrice>13.90</ItemPrice></item><item><PriceUpdateDate>2016-05-31 06:17:49</PriceUpdateDate><ItemCode>8076809537100</ItemCode><ItemType>1</ItemType><ItemName>ברילה פסטה סלנטיני 5</ItemName><ManufacturerName>ברילה</ManufacturerName><ManufactureCountry>איטליה</ManufactureCountry><ManufacturerItemDescription>פסטה ברילה סלנטיני 500 גר</ManufacturerItemDescription><SoldByWeight/><Quantity>500.00</Quantity><UnitOfMeasure>גרם     </UnitOfMeasure><QtyInPackage>לא ידוע</QtyInPackage><UnitOfMeasurePrice>0.0130</UnitOfMeasurePrice><AllowDiscount>1</AllowDiscount><ItemStatus>1</ItemStatus><ItemPrice>6.50</ItemPrice></item><item><PriceUpdateDate>2015-11-16 14:45:20</PriceUpdateDate><ItemCode>8076809545457</ItemCode><ItemType>1</ItemType><ItemName>ברילה צינורות ללא גל</ItemName><ManufacturerName>ברילה</ManufacturerName><ManufactureCountry>לא ידוע</ManufactureCountry><ManufacturerItemDescription>ברילה צינורות ללא גל</ManufacturerItemDescription><SoldByWeight/><Quantity>400.00</Quantity><UnitOfMeasure>גרם     </UnitOfMeasure><QtyInPackage>לא ידוע</QtyInPackage><UnitOfMeasurePrice>0.0298</UnitOfMeasurePrice><AllowDiscount>1</AllowDiscount><ItemStatus>1</ItemStatus><ItemPrice>11.90</ItemPrice></item><item><PriceUpdateDate>2015-11-16 14:45:20</PriceUpdateDate><ItemCode>8076809545464</ItemCode><ItemType>1</ItemType><ItemName>ברילה ספירילי ללא גל</ItemName><ManufacturerName>ברילה</ManufacturerName><ManufactureCountry>לא ידוע</ManufactureCountry><ManufacturerItemDescription>ברילה ספירילי ללא גל</ManufacturerItemDescription><SoldByWeight/><Quantity>400.00</Quantity><UnitOfMeasure>גרם     </UnitOfMeasure><QtyInPackage>לא ידוע</QtyInPackage><UnitOfMeasurePrice>0.0298</UnitOfMeasurePrice><AllowDiscount>1</AllowDiscount><ItemStatus>1</ItemStatus><ItemPrice>11.90</ItemPrice></item><item><PriceUpdateDate>2016-05-01 10:29:53</PriceUpdateDate><ItemCode>80768258</ItemCode><ItemType>1</ItemType><ItemName>ביצת הפתעה קינדר ג'ו</ItemName><ManufacturerName>קינדר</ManufacturerName><ManufactureCountry>פולין</ManufactureCountry><ManufacturerItemDescription>סוכריות מנטוס   64 גרם</ManufacturerItemDescription><SoldByWeight/><Quantity>0.00</Quantity><UnitOfMeasure>יח'</UnitOfMeasure><QtyInPackage>לא ידוע</QtyInPackage><UnitOfMeasurePrice>0.0000</UnitOfMeasurePrice><AllowDiscount>1</AllowDiscount><ItemStatus>1</ItemStatus><ItemPrice>6.90</ItemPrice></item><item><PriceUpdateDate>2016-01-12 06:56:24</PriceUpdateDate><ItemCode>80828174</ItemCode><ItemType>1</ItemType><ItemName>מסטיק מנטוס ווייט בט</ItemName><ManufacturerName>מנטוס</ManufacturerName><ManufactureCountry>ישראל</ManufactureCountry><ManufacturerItemDescription>מסטיק מנטוס ויט טעם מנטה</ManufacturerItemDescription><SoldByWeight/><Quantity>60.00</Quantity><UnitOfMeasure>גרם     </UnitOfMeasure><QtyInPackage>לא ידוע</QtyInPackage><UnitOfMeasurePrice>0.1650</UnitOfMeasurePrice><AllowDiscount>1</AllowDiscount><ItemStatus>1</ItemStatus><ItemPrice>9.90</ItemPrice></item><item><PriceUpdateDate>2016-01-12 06:56:24</PriceUpdateDate><ItemCode>80850885</ItemCode><ItemType>1</ItemType><ItemName>מסטיק מנטוס ווייט בט</ItemName><ManufacturerName>מנטוס</ManufacturerName><ManufactureCountry>ישראל</ManufactureCountry><ManufacturerItemDescription>מסטיק מנטוס ויט טעם מנטה</ManufacturerItemDescription><SoldByWeight/><Quantity>60.00</Quantity><UnitOfMeasure>גרם     </UnitOfMeasure><QtyInPackage>לא ידוע</QtyInPackage><UnitOfMeasurePrice>0.1650</UnitOfMeasurePrice><AllowDiscount>1</AllowDiscount><ItemStatus>1</ItemStatus><ItemPrice>9.90</ItemPrice></item><item><PriceUpdateDate>2016-05-31 06:14:59</PriceUpdateDate><ItemCode>835811006671</ItemCode><ItemType>1</ItemType><ItemName>מרקיות בעיטור זהב 10</ItemName><ManufacturerName>הנמל</ManufacturerName><ManufactureCountry>ישראל</ManufactureCountry><ManufacturerItemDescription>מרקיות בעיטור זהב 10</ManufacturerItemDescription><SoldByWeight/><Quantity>10.00</Quantity><UnitOfMeasure>בודד</UnitOfMeasure><QtyInPackage>לא ידוע</QtyInPackage><UnitOfMeasurePrice>2.0100</UnitOfMeasurePrice><AllowDiscount>1</AllowDiscount><ItemStatus>1</ItemStatus><ItemPrice>20.10</ItemPrice></item><item><PriceUpdateDate>2015-11-10 07:31:21</PriceUpdateDate><ItemCode>835811008132</ItemCode><ItemType>1</ItemType><ItemName>ספוגי מתכת שישייה</ItemName><ManufacturerName>הנמל</ManufacturerName><ManufactureCountry>ישראל</ManufactureCountry><ManufacturerItemDescription>ספוגי מתכת שישייה</ManufacturerItemDescription><SoldByWeight/><Quantity>0.00</Quantity><UnitOfMeasure>יח'</UnitOfMeasure><QtyInPackage>לא ידוע</QtyInPackage><UnitOfMeasurePrice>0.0000</UnitOfMeasurePrice><AllowDiscount>1</AllowDiscount><ItemStatus>1</ItemStatus><ItemPrice>10.90</ItemPrice></item><item><PriceUpdateDate>2015-11-10 07:31:21</PriceUpdateDate><ItemCode>835811008347</ItemCode><ItemType>1</ItemType><ItemName>גפרור ענק</ItemName><ManufacturerName>לא ידוע</ManufacturerName><ManufactureCountry>ישראל</ManufactureCountry><ManufacturerItemDescription>גפרור מיוחד ענק</ManufacturerItemDescription><SoldByWeight/><Quantity>0.00</Quantity><UnitOfMeasure>יח'</UnitOfMeasure><QtyInPackage>לא ידוע</QtyInPackage><UnitOfMeasurePrice>0.0000</UnitOfMeasurePrice><AllowDiscount>1</AllowDiscount><ItemStatus>1</ItemStatus><ItemPrice>8.40</ItemPrice></item><item><PriceUpdateDate>2016-08-07 20:02:45</PriceUpdateDate><ItemCode>835811008934</ItemCode><ItemType>1</ItemType><ItemName>מזלגות חד פעמי שקוף</ItemName><ManufacturerName>הנמל</ManufacturerName><ManufactureCountry>ישראל</ManufactureCountry><ManufacturerItemDescription>מזלגות חד פעמי שקוף</ManufacturerItemDescription><SoldByWeight/><Quantity>50.00</Quantity><UnitOfMeasure>בודד</UnitOfMeasure><QtyInPackage>לא ידוע</QtyInPackage><UnitOfMeasurePrice>0.2380</UnitOfMeasurePrice><AllowDiscount>1</AllowDiscount><ItemStatus>1</ItemStatus><ItemPrice>11.90</ItemPrice></item><item><PriceUpdateDate>2016-08-07 20:02:45</PriceUpdateDate><ItemCode>835811008941</ItemCode><ItemType>1</ItemType><ItemName>סכינים חד פעמי 50 יח</ItemName><ManufacturerName>הנמל</ManufacturerName><ManufactureCountry>ישראל</ManufactureCountry><ManufacturerItemDescription>סכינים חד פעמי 50 יח</ManufacturerItemDescription><SoldByWeight/><Quantity>50.00</Quantity><UnitOfMeasure>בודד</UnitOfMeasure><QtyInPackage>לא ידוע</QtyInPackage><UnitOfMeasurePrice>0.2380</UnitOfMeasurePrice><AllowDiscount>1</AllowDiscount><ItemStatus>1</ItemStatus><ItemPrice>11.90</ItemPrice></item><item><PriceUpdateDate>2016-08-02 09:29:23</PriceUpdateDate><ItemCode>835811009023</ItemCode><ItemType>1</ItemType><ItemName>מב כוסות חד פעמי מקר</ItemName><ManufacturerName>הנמל</ManufacturerName><ManufactureCountry>ישראל</ManufactureCountry><ManufacturerItemDescription>מב כוסות חד פעמי מקר</ManufacturerItemDescription><SoldByWeight/><Quantity>50.00</Quantity><UnitOfMeasure>יח'</UnitOfMeasure><QtyInPackage>לא ידוע</QtyInPackage><UnitOfMeasurePrice>0.1380</UnitOfMeasurePrice><AllowDiscount>1</AllowDiscount><ItemStatus>1</ItemStatus><ItemPrice>6.90</ItemPrice></item><item><PriceUpdateDate>2015-01-27 10:35:04</PriceUpdateDate><ItemCode>835811009351</ItemCode><ItemType>1</ItemType><ItemName>כוס חד פעמי קריסטל ש</ItemName><ManufacturerName>הנמל</ManufacturerName><ManufactureCountry>ישראל</ManufactureCountry><ManufacturerItemDescription>כוס חד פעמי קריסטל ש</ManufacturerItemDescription><SoldByWeight/><Quantity>0.00</Quantity><UnitOfMeasure>יח'</UnitOfMeasure><QtyInPackage>לא ידוע</QtyInPackage><UnitOfMeasurePrice>0.0000</UnitOfMeasurePrice><AllowDiscount>1</AllowDiscount><ItemStatus>1</ItemStatus><ItemPrice>8.20</ItemPrice></item><item><PriceUpdateDate>2016-08-07 20:02:45</PriceUpdateDate><ItemCode>835811009788</ItemCode><ItemType>1</ItemType><ItemName>מזלג חד פעמי מוכסף 2</ItemName><ManufacturerName>הנמל</ManufacturerName><ManufactureCountry>ישראל</ManufactureCountry><ManufacturerItemDescription>מזלג חד פעמי מוכסף 2</ManufacturerItemDescription><SoldByWeight/><Quantity>0.00</Quantity><UnitOfMeasure>יח'</UnitOfMeasure><QtyInPackage>לא ידוע</QtyInPackage><UnitOfMeasurePrice>0.0000</UnitOfMeasurePrice><AllowDiscount>1</AllowDiscount><ItemStatus>1</ItemStatus><ItemPrice>7.90</ItemPrice></item><item><PriceUpdateDate>2016-05-31 06:17:49</PriceUpdateDate><ItemCode>8410076600622</ItemCode><ItemType>1</ItemType><ItemName>נייטשר וואלי קראנצ'י</ItemName><ManufacturerName>Nature Valley</ManufacturerName><ManufactureCountry>ספרד</ManufactureCountry><ManufacturerItemDescription>4 מברשות שיניים טרה קלין</ManufacturerItemDescription><SoldByWeight/><Quantity>210.00</Quantity><UnitOfMeasure>גרם     </UnitOfMeasure><QtyInPackage>לא ידוע</QtyInPackage><UnitOfMeasurePrice>0.0757</UnitOfMeasurePrice><AllowDiscount>1</AllowDiscount><ItemStatus>1</ItemStatus><ItemPrice>15.90</ItemPrice></item><item><PriceUpdateDate>2016-08-02 09:30:34</PriceUpdateDate><ItemCode>8410104039134</ItemCode><ItemType>1</ItemType><ItemName>פיניש מנקה ומחדש מדי</ItemName><ManufacturerName>פיניש</ManufacturerName><ManufactureCountry>פולין</ManufactureCountry><ManufacturerItemDescription>פיניש מנקה ומחדש מדי</ManufacturerItemDescription><SoldByWeight/><Quantity>250.00</Quantity><UnitOfMeasure>מ"ל</UnitOfMeasure><QtyInPackage>לא ידוע</QtyInPackage><UnitOfMeasurePrice>0.0796</UnitOfMeasurePrice><AllowDiscount>1</AllowDiscount><ItemStatus>1</ItemStatus><ItemPrice>19.90</ItemPrice></item><item><PriceUpdateDate>2015-10-12 08:21:01</PriceUpdateDate><ItemCode>8410376017342</ItemCode><ItemType>1</ItemType><ItemName>גולון עוגיות ללא גלו</ItemName><ManufacturerName>ק.א.שוקולד</ManufacturerName><ManufactureCountry>ישראל</ManufactureCountry><ManufacturerItemDescription>גולון עוגיות ללא גלו</ManufacturerItemDescription><SoldByWeight/><Quantity>200.00</Quantity><UnitOfMeasure>גרם     </UnitOfMeasure><QtyInPackage>לא ידוע</QtyInPackage><UnitOfMeasurePrice>0.0845</UnitOfMeasurePrice><AllowDiscount>1</AllowDiscount><ItemStatus>1</ItemStatus><ItemPrice>16.90</ItemPrice></item><item><PriceUpdateDate>2016-05-01 10:35:24</PriceUpdateDate><ItemCode>8410376037784</ItemCode><ItemType>1</ItemType><ItemName>גולון ביסקויט סנדויץ</ItemName><ManufacturerName>ק.א.שוקולד</ManufacturerName><ManufactureCountry>ספרד</ManufactureCountry><ManufacturerItemDescription>עוגיות ביסקויט סנדוויץ שו</ManufacturerItemDescription><SoldByWeight/><Quantity>250.00</Quantity><UnitOfMeasure>גרם     </UnitOfMeasure><QtyInPackage>לא ידוע</QtyInPackage><UnitOfMeasurePrice>0.0556</UnitOfMeasurePrice><AllowDiscount>1</AllowDiscount><ItemStatus>1</ItemStatus><ItemPrice>13.90</ItemPrice></item><item><PriceUpdateDate>2016-06-28 07:05:28</PriceUpdateDate><ItemCode>8423207208680</ItemCode><ItemType>1</ItemType><ItemName>מרבה סלים דליס ילדים</ItemName><ManufacturerName>מרבה</ManufacturerName><ManufactureCountry>ספרד</ManufactureCountry><ManufacturerItemDescription>אג'קס לניקוי    .ורוד1.5</ManufacturerItemDescription><SoldByWeight/><Quantity>78.00</Quantity><UnitOfMeasure>גרם     </UnitOfMeasure><QtyInPackage>לא ידוע</QtyInPackage><UnitOfMeasurePrice>0.2038</UnitOfMeasurePrice><AllowDiscount>1</AllowDiscount><ItemStatus>1</ItemStatus><ItemPrice>15.90</ItemPrice></item><item><PriceUpdateDate>2016-05-01 06:41:35</PriceUpdateDate><ItemCode>856591000062</ItemCode><ItemType>1</ItemType><ItemName>עוגיות מזרחיות עבאדי</ItemName><ManufacturerName>עבדי</ManufacturerName><ManufactureCountry>ישראל</ManufactureCountry><ManufacturerItemDescription>ע.מזרחיות  מלח 400 גרם</ManufacturerItemDescription><SoldByWeight/><Quantity>400.00</Quantity><UnitOfMeasure>גרם     </UnitOfMeasure><QtyInPackage>לא ידוע</QtyInPackage><UnitOfMeasurePrice>0.0447</UnitOfMeasurePrice><AllowDiscount>1</AllowDiscount><ItemStatus>1</ItemStatus><ItemPrice>17.90</ItemPrice></item><item><PriceUpdateDate>2016-05-01 06:41:35</PriceUpdateDate><ItemCode>856591000109</ItemCode><ItemType>1</ItemType><ItemName>עוגיות מזרחיות פריך</ItemName><ManufacturerName>עבדי</ManufacturerName><ManufactureCountry>ישראל</ManufactureCountry><ManufacturerItemDescription>ע.מזרחיות  פריך 400 גרם</ManufacturerItemDescription><SoldByWeight/><Quantity>400.00</Quantity><UnitOfMeasure>גרם     </UnitOfMeasure><QtyInPackage>לא ידוע</QtyInPackage><UnitOfMeasurePrice>0.0447</UnitOfMeasurePrice><AllowDiscount>1</AllowDiscount><ItemStatus>1</ItemStatus><ItemPrice>17.90</ItemPrice></item><item><PriceUpdateDate>2016-08-02 09:29:23</PriceUpdateDate><ItemCode>856591000550</ItemCode><ItemType>1</ItemType><ItemName>מיני מזרחיות בטעם טב</ItemName><ManufacturerName>עבאדי</ManufacturerName><ManufactureCountry>ישראל</ManufactureCountry><ManufacturerItemDescription>מיני נשנוש חריף בקטנה</ManufacturerItemDescription><SoldByWeight/><Quantity>200.00</Quantity><UnitOfMeasure>גרם     </UnitOfMeasure><QtyInPackage>לא ידוע</QtyInPackage><UnitOfMeasurePrice>0.0660</UnitOfMeasurePrice><AllowDiscount>1</AllowDiscount><ItemStatus>1</ItemStatus><ItemPrice>13.20</ItemPrice></item><item><PriceUpdateDate>2016-02-08 14:12:12</PriceUpdateDate><ItemCode>856591000574</ItemCode><ItemType>1</ItemType><ItemName>מיני נשנוש טבעי 40</ItemName><ManufacturerName>עבאדי</ManufacturerName><ManufactureCountry>לא ידוע</ManufactureCountry><ManufacturerItemDescription>מיני נשנוש טבעי 40</ManufacturerItemDescription><SoldByWeight/><Quantity>40.00</Quantity><UnitOfMeasure>גרם     </UnitOfMeasure><QtyInPackage>לא ידוע</QtyInPackage><UnitOfMeasurePrice>0.0625</UnitOfMeasurePrice><AllowDiscount>1</AllowDiscount><ItemStatus>1</ItemStatus><ItemPrice>2.50</ItemPrice></item><item><PriceUpdateDate>2016-08-02 09:29:23</PriceUpdateDate><ItemCode>856591000819</ItemCode><ItemType>1</ItemType><ItemName>מב קרקרס 140 גרם חיט</ItemName><ManufacturerName>לא ממותג</ManufacturerName><ManufactureCountry>ישראל</ManufactureCountry><ManufacturerItemDescription>מב קרקרס 140 גרם חיט</ManufacturerItemDescription><SoldByWeight/><Quantity>140.00</Quantity><UnitOfMeasure>גרם     </UnitOfMeasure><QtyInPackage>לא ידוע</QtyInPackage><UnitOfMeasurePrice>0.0779</UnitOfMeasurePrice><AllowDiscount>1</AllowDiscount><ItemStatus>1</ItemStatus><ItemPrice>10.90</ItemPrice></item><item><PriceUpdateDate>2016-08-02 09:29:23</PriceUpdateDate><ItemCode>856591000826</ItemCode><ItemType>1</ItemType><ItemName>מב קרקרס 140 גרם שיפ</ItemName><ManufacturerName>לא ממותג</ManufacturerName><ManufactureCountry>ישראל</ManufactureCountry><ManufacturerItemDescription>מב קרקרס 140 גרם שיפ</ManufacturerItemDescription><SoldByWeight/><Quantity>140.00</Quantity><UnitOfMeasure>גרם     </UnitOfMeasure><QtyInPackage>לא ידוע</QtyInPackage><UnitOfMeasurePrice>0.0779</UnitOfMeasurePrice><AllowDiscount>1</AllowDiscount><ItemStatus>1</ItemStatus><ItemPrice>10.90</ItemPrice></item><item><PriceUpdateDate>2016-05-31 06:17:51</PriceUpdateDate><ItemCode>8590160891652</ItemCode><ItemType>1</ItemType><ItemName>קפה ג'יקובס גולד 200</ItemName><ManufacturerName>ג'יקובס</ManufacturerName><ManufactureCountry>גרמניה</ManufactureCountry><ManufacturerItemDescription>משחת קולגייט    ף+הלבנ75</ManufacturerItemDescription><SoldByWeight/><Quantity>200.00</Quantity><UnitOfMeasure>גרם     </UnitOfMeasure><QtyInPackage>לא ידוע</QtyInPackage><UnitOfMeasurePrice>0.1495</UnitOfMeasurePrice><AllowDiscount>1</AllowDiscount><ItemStatus>1</ItemStatus><ItemPrice>29.90</ItemPrice></item><item><PriceUpdateDate>2016-03-16 17:27:58</PriceUpdateDate><ItemCode>8680763402017</ItemCode><ItemType>1</ItemType><ItemName>כוסות שתיה קרה ח.פ 1</ItemName><ManufacturerName>לא ממותג</ManufacturerName><ManufactureCountry>לא ידוע</ManufactureCountry><ManufacturerItemDescription>כוסות שתיה קרה ח.פ 1</ManufacturerItemDescription><SoldByWeight/><Quantity>100.00</Quantity><UnitOfMeasure>יח'</UnitOfMeasure><QtyInPackage>לא ידוע</QtyInPackage><UnitOfMeasurePrice>0.0390</UnitOfMeasurePrice><AllowDiscount>1</AllowDiscount><ItemStatus>1</ItemStatus><ItemPrice>3.90</ItemPrice></item><item><PriceUpdateDate>2016-05-31 06:17:52</PriceUpdateDate><ItemCode>8690637041143</ItemCode><ItemType>1</ItemType><ItemName>מרכך דאבלשיער פגום 4</ItemName><ManufacturerName>דאב</ManufacturerName><ManufactureCountry>ישראל</ManufactureCountry><ManufacturerItemDescription>מרכך דאב        גום 400מ</ManufacturerItemDescription><SoldByWeight/><Quantity>400.00</Quantity><UnitOfMeasure>מ"ל</UnitOfMeasure><QtyInPackage>לא ידוע</QtyInPackage><UnitOfMeasurePrice>0.0488</UnitOfMeasurePrice><AllowDiscount>1</AllowDiscount><ItemStatus>1</ItemStatus><ItemPrice>19.50</ItemPrice></item><item><PriceUpdateDate>2016-05-31 06:17:52</PriceUpdateDate><ItemCode>8690637543494</ItemCode><ItemType>1</ItemType><ItemName>דאו' ספריי אקס אפריק</ItemName><ManufacturerName>אקס</ManufacturerName><ManufactureCountry>ישראל</ManufactureCountry><ManufacturerItemDescription>דאודורנט אקס    150AFRIמ</ManufacturerItemDescription><SoldByWeight/><Quantity>150.00</Quantity><UnitOfMeasure>מ"ל</UnitOfMeasure><QtyInPackage>לא ידוע</QtyInPackage><UnitOfMeasurePrice>0.1060</UnitOfMeasurePrice><AllowDiscount>1</AllowDiscount><ItemStatus>1</ItemStatus><ItemPrice>15.90</ItemPrice></item><item><PriceUpdateDate>2016-05-31 06:17:52</PriceUpdateDate><ItemCode>8690637577512</ItemCode><ItemType>1</ItemType><ItemName>אקס בודי ספריי אקסיי</ItemName><ManufacturerName>אקס</ManufacturerName><ManufactureCountry>גרמניה</ManufactureCountry><ManufacturerItemDescription>דאודורנט אקס    סייט150מ</ManufacturerItemDescription><SoldByWeight/><Quantity>150.00</Quantity><UnitOfMeasure>מ"ל</UnitOfMeasure><QtyInPackage>לא ידוע</QtyInPackage><UnitOfMeasurePrice>0.1060</UnitOfMeasurePrice><AllowDiscount>1</AllowDiscount><ItemStatus>1</ItemStatus><ItemPrice>15.90</ItemPrice></item><item><PriceUpdateDate>2016-08-02 09:30:35</PriceUpdateDate><ItemCode>8690637682537</ItemCode><ItemType>1</ItemType><ItemName>מרכך כביסה בדין אקסט</ItemName><ManufacturerName>בדין</ManufacturerName><ManufactureCountry>ישראל</ManufactureCountry><ManufacturerItemDescription>מרכך כביסה בדין אקסט</ManufacturerItemDescription><SoldByWeight/><Quantity>960.00</Quantity><UnitOfMeasure>מ"ל</UnitOfMeasure><QtyInPackage>לא ידוע</QtyInPackage><UnitOfMeasurePrice>0.0285</UnitOfMeasurePrice><AllowDiscount>1</AllowDiscount><ItemStatus>1</ItemStatus><ItemPrice>27.40</ItemPrice></item><item><PriceUpdateDate>2016-05-01 10:35:31</PriceUpdateDate><ItemCode>8690770322598</ItemCode><ItemType>1</ItemType><ItemName>שמרים יבשים 125 גרם</ItemName><ManufacturerName>הנמל</ManufacturerName><ManufactureCountry>ישראל</ManufactureCountry><ManufacturerItemDescription>שמרים יבשים 125 גרם</ManufacturerItemDescription><SoldByWeight/><Quantity>125.00</Quantity><UnitOfMeasure>גרם     </UnitOfMeasure><QtyInPackage>לא ידוע</QtyInPackage><UnitOfMeasurePrice>0.0456</UnitOfMeasurePrice><AllowDiscount>1</AllowDiscount><ItemStatus>1</ItemStatus><ItemPrice>5.70</ItemPrice></item><item><PriceUpdateDate>2016-05-31 06:17:53</PriceUpdateDate><ItemCode>8690777206051</ItemCode><ItemType>1</ItemType><ItemName>חצילים קלויים על האש</ItemName><ManufacturerName>Sera</ManufacturerName><ManufactureCountry>ישראל</ManufactureCountry><ManufacturerItemDescription>חציל קלוי על האש 650 גרם</ManufacturerItemDescription><SoldByWeight/><Quantity>650.00</Quantity><UnitOfMeasure>גרם     </UnitOfMeasure><QtyInPackage>לא ידוע</QtyInPackage><UnitOfMeasurePrice>0.0251</UnitOfMeasurePrice><AllowDiscount>1</AllowDiscount><ItemStatus>1</ItemStatus><ItemPrice>16.30</ItemPrice></item><item><PriceUpdateDate>2016-06-28 07:05:30</PriceUpdateDate><ItemCode>8690784816885</ItemCode><ItemType>1</ItemType><ItemName>גלייד ספריי אוטומטי</ItemName><ManufacturerName>גלייד</ManufacturerName><ManufactureCountry>ישראל</ManufactureCountry><ManufacturerItemDescription>גלייד ספריי אוטומטי</ManufacturerItemDescription><SoldByWeight/><Quantity>175.00</Quantity><UnitOfMeasure>גרם     </UnitOfMeasure><QtyInPackage>לא ידוע</QtyInPackage><UnitOfMeasurePrice>0.1423</UnitOfMeasurePrice><AllowDiscount>1</AllowDiscount><ItemStatus>1</ItemStatus><ItemPrice>24.90</ItemPrice></item><item><PriceUpdateDate>2016-05-31 06:17:54</PriceUpdateDate><ItemCode>8693323002909</ItemCode><ItemType>1</ItemType><ItemName>מב סוכריות גומי בצור</ItemName><ManufacturerName>יוגטה</ManufacturerName><ManufactureCountry>ישראל</ManufactureCountry><ManufacturerItemDescription>סוכריות גומי    חמוץ250ג</ManufacturerItemDescription><SoldByWeight/><Quantity>250.00</Quantity><UnitOfMeasure>גרם     </UnitOfMeasure><QtyInPackage>לא ידוע</QtyInPackage><UnitOfMeasurePrice>0.0316</UnitOfMeasurePrice><AllowDiscount>1</AllowDiscount><ItemStatus>1</ItemStatus><ItemPrice>7.90</ItemPrice></item><item><PriceUpdateDate>2016-03-29 07:52:07</PriceUpdateDate><ItemCode>8693323033019</ItemCode><ItemType>1</ItemType><ItemName>סוכריות גומי בטעם פי</ItemName><ManufacturerName>יוגטה</ManufacturerName><ManufactureCountry>ישראל</ManufactureCountry><ManufacturerItemDescription>סוכריות גומי בטעם פי</ManufacturerItemDescription><SoldByWeight/><Quantity>300.00</Quantity><UnitOfMeasure>גרם     </UnitOfMeasure><QtyInPackage>לא ידוע</QtyInPackage><UnitOfMeasurePrice>0.0330</UnitOfMeasurePrice><AllowDiscount>1</AllowDiscount><ItemStatus>1</ItemStatus><ItemPrice>9.90</ItemPrice></item><item><PriceUpdateDate>2015-11-10 07:33:45</PriceUpdateDate><ItemCode>8693323690113</ItemCode><ItemType>1</ItemType><ItemName>גומי 100 גרם בצורת ד</ItemName><ManufacturerName>יוגטה</ManufacturerName><ManufactureCountry>ישראל</ManufactureCountry><ManufacturerItemDescription>סוכריות ג'לי    ם 100גרם</ManufacturerItemDescription><SoldByWeight/><Quantity>100.00</Quantity><UnitOfMeasure>גרם     </UnitOfMeasure><QtyInPackage>לא ידוע</QtyInPackage><UnitOfMeasurePrice>0.0710</UnitOfMeasurePrice><AllowDiscount>1</AllowDiscount><ItemStatus>1</ItemStatus><ItemPrice>7.10</ItemPrice></item><item><PriceUpdateDate>2016-05-01 10:35:32</PriceUpdateDate><ItemCode>8697431460217</ItemCode><ItemType>1</ItemType><ItemName>קונפיטורה 450 גרם 70</ItemName><ManufacturerName>לא ממותג</ManufacturerName><ManufactureCountry>ישראל</ManufactureCountry><ManufacturerItemDescription>קונפיטורה 450 גרם 70</ManufacturerItemDescription><SoldByWeight/><Quantity>454.00</Quantity><UnitOfMeasure>גרם     </UnitOfMeasure><QtyInPackage>לא ידוע</QtyInPackage><UnitOfMeasurePrice>0.0421</UnitOfMeasurePrice><AllowDiscount>1</AllowDiscount><ItemStatus>1</ItemStatus><ItemPrice>19.10</ItemPrice></item><item><PriceUpdateDate>2016-08-03 09:18:44</PriceUpdateDate><ItemCode>8697530910743</ItemCode><ItemType>1</ItemType><ItemName>ס.פאל מאל כחול קצר ב</ItemName><ManufacturerName>פאל מאל</ManufacturerName><ManufactureCountry>ישראל</ManufactureCountry><ManufacturerItemDescription>פאל מאל חפ.     סה</ManufacturerItemDescription><SoldByWeight/><Quantity>0.00</Quantity><UnitOfMeasure>יח'</UnitOfMeasure><QtyInPackage>לא ידוע</QtyInPackage><UnitOfMeasurePrice>0.0000</UnitOfMeasurePrice><AllowDiscount>1</AllowDiscount><ItemStatus>1</ItemStatus><ItemPrice>27.90</ItemPrice></item><item><PriceUpdateDate>2016-08-03 09:18:44</PriceUpdateDate><ItemCode>8697530910750</ItemCode><ItemType>1</ItemType><ItemName>ס.פאל מאל כחול ארוך</ItemName><ManufacturerName>פאל מאל</ManufacturerName><ManufactureCountry>ישראל</ManufactureCountry><ManufacturerItemDescription>פאל מאל חפ.     ך חפ.</ManufacturerItemDescription><SoldByWeight/><Quantity>0.00</Quantity><UnitOfMeasure>יח'</UnitOfMeasure><QtyInPackage>לא ידוע</QtyInPackage><UnitOfMeasurePrice>0.0000</UnitOfMeasurePrice><AllowDiscount>1</AllowDiscount><ItemStatus>1</ItemStatus><ItemPrice>27.90</ItemPrice></item><item><PriceUpdateDate>2016-08-03 09:18:44</PriceUpdateDate><ItemCode>8697530911276</ItemCode><ItemType>1</ItemType><ItemName>ס.קנט קצר בודד</ItemName><ManufacturerName>קנט</ManufacturerName><ManufactureCountry>ישראל</ManufactureCountry><ManufacturerItemDescription>קנט קצר חפיסה</ManufacturerItemDescription><SoldByWeight/><Quantity>0.00</Quantity><UnitOfMeasure>יח'</UnitOfMeasure><QtyInPackage>לא ידוע</QtyInPackage><UnitOfMeasurePrice>0.0000</UnitOfMeasurePrice><AllowDiscount>1</AllowDiscount><ItemStatus>1</ItemStatus><ItemPrice>33.90</ItemPrice></item><item><PriceUpdateDate>2015-12-11 06:53:16</PriceUpdateDate><ItemCode>8697781932211</ItemCode><ItemType>1</ItemType><ItemName>כוסות שתיה קרה ח.פ 1</ItemName><ManufacturerName>לא ממותג</ManufacturerName><ManufactureCountry>לא ידוע</ManufactureCountry><ManufacturerItemDescription>כוסות שתיה קרה ח.פ 1</ManufacturerItemDescription><SoldByWeight/><Quantity>100.00</Quantity><UnitOfMeasure>יח'</UnitOfMeasure><QtyInPackage>לא ידוע</QtyInPackage><UnitOfMeasurePrice>0.0390</UnitOfMeasurePrice><AllowDiscount>1</AllowDiscount><ItemStatus>1</ItemStatus><ItemPrice>3.90</ItemPrice></item><item><PriceUpdateDate>2016-05-01 07:13:07</PriceUpdateDate><ItemCode>8710502405204</ItemCode><ItemType>1</ItemType><ItemName>עוגיות מרבה שוקוצ'יפ</ItemName><ManufacturerName>מרבה</ManufacturerName><ManufactureCountry>הולנד</ManufactureCountry><ManufacturerItemDescription>עוג.מרבה ממולאות שוקו175</ManufacturerItemDescription><SoldByWeight/><Quantity>175.00</Quantity><UnitOfMeasure>גרם     </UnitOfMeasure><QtyInPackage>לא ידוע</QtyInPackage><UnitOfMeasurePrice>0.0509</UnitOfMeasurePrice><AllowDiscount>1</AllowDiscount><ItemStatus>1</ItemStatus><ItemPrice>8.90</ItemPrice></item><item><PriceUpdateDate>2016-05-01 10:29:55</PriceUpdateDate><ItemCode>87108538</ItemCode><ItemType>1</ItemType><ItemName>סוכריות מנטוס גליל ב</ItemName><ManufacturerName>מנטוס</ManufacturerName><ManufactureCountry>הולנד</ManufactureCountry><ManufacturerItemDescription>מנטוס תות       37. גר</ManufacturerItemDescription><SoldByWeight/><Quantity>0.00</Quantity><UnitOfMeasure>יח'</UnitOfMeasure><QtyInPackage>לא ידוע</QtyInPackage><UnitOfMeasurePrice>0.0000</UnitOfMeasurePrice><AllowDiscount>1</AllowDiscount><ItemStatus>1</ItemStatus><ItemPrice>3.90</ItemPrice></item><item><PriceUpdateDate>2016-08-02 09:30:36</PriceUpdateDate><ItemCode>8714599513866</ItemCode><ItemType>1</ItemType><ItemName>מב קפה ג'ייקובס קרונ</ItemName><ManufacturerName>ג'יקובס</ManufacturerName><ManufactureCountry>גרמניה</ManufactureCountry><ManufacturerItemDescription>נסטי אפרסק      יטר</ManufacturerItemDescription><SoldByWeight/><Quantity>200.00</Quantity><UnitOfMeasure>גרם     </UnitOfMeasure><QtyInPackage>לא ידוע</QtyInPackage><UnitOfMeasurePrice>0.1495</UnitOfMeasurePrice><AllowDiscount>1</AllowDiscount><ItemStatus>1</ItemStatus><ItemPrice>29.90</ItemPrice></item><item><PriceUpdateDate>2016-08-02 09:30:36</PriceUpdateDate><ItemCode>8714789095653</ItemCode><ItemType>1</ItemType><ItemName>מב משחת שינים קולגיי</ItemName><ManufacturerName>קולגייט</ManufacturerName><ManufactureCountry>ישראל</ManufactureCountry><ManufacturerItemDescription>משחת שיניים     ל100 מ"ל</ManufacturerItemDescription><SoldByWeight/><Quantity>100.00</Quantity><UnitOfMeasure>מ"ל</UnitOfMeasure><QtyInPackage>לא ידוע</QtyInPackage><UnitOfMeasurePrice>0.1090</UnitOfMeasurePrice><AllowDiscount>1</AllowDiscount><ItemStatus>1</ItemStatus><ItemPrice>10.90</ItemPrice></item><item><PriceUpdateDate>2016-08-02 09:30:36</PriceUpdateDate><ItemCode>8714789132549</ItemCode><ItemType>1</ItemType><ItemName>מב משחת שיניים קולגי</ItemName><ManufacturerName>קולגייט</ManufacturerName><ManufactureCountry>ישראל</ManufactureCountry><ManufacturerItemDescription>משחת שיניים     בנה100מל</ManufacturerItemDescription><SoldByWeight/><Quantity>1000.00</Quantity><UnitOfMeasure>מ"ל</UnitOfMeasure><QtyInPackage>לא ידוע</QtyInPackage><UnitOfMeasurePrice>0.0109</UnitOfMeasurePrice><AllowDiscount>1</AllowDiscount><ItemStatus>1</ItemStatus><ItemPrice>10.90</ItemPrice></item><item><PriceUpdateDate>2016-06-28 07:05:31</PriceUpdateDate><ItemCode>8714789177229</ItemCode><ItemType>1</ItemType><ItemName>מב מברשת שיניים קולג</ItemName><ManufacturerName>קולגייט</ManufacturerName><ManufactureCountry>ישראל</ManufactureCountry><ManufacturerItemDescription>4 מברשות שיניים טרה קלין</ManufacturerItemDescription><SoldByWeight/><Quantity>1.00</Quantity><UnitOfMeasure>יח'</UnitOfMeasure><QtyInPackage>לא ידוע</QtyInPackage><UnitOfMeasurePrice>12.9000</UnitOfMeasurePrice><AllowDiscount>1</AllowDiscount><ItemStatus>1</ItemStatus><ItemPrice>12.90</ItemPrice></item><item><PriceUpdateDate>2016-08-07 20:04:29</PriceUpdateDate><ItemCode>8714789450315</ItemCode><ItemType>1</ItemType><ItemName>נוזל כלים פלמוליב שק</ItemName><ManufacturerName>פלמוליב</ManufacturerName><ManufactureCountry>ישראל</ManufactureCountry><ManufacturerItemDescription>פלמוליב לכלים   מון1.5ל'</ManufacturerItemDescription><SoldByWeight/><Quantity>1500.00</Quantity><UnitOfMeasure>מ"ל</UnitOfMeasure><QtyInPackage>לא ידוע</QtyInPackage><UnitOfMeasurePrice>0.0133</UnitOfMeasurePrice><AllowDiscount>1</AllowDiscount><ItemStatus>1</ItemStatus><ItemPrice>19.90</ItemPrice></item><item><PriceUpdateDate>2016-05-31 06:17:56</PriceUpdateDate><ItemCode>8714789797786</ItemCode><ItemType>1</ItemType><ItemName>נוזל כלים פלמוליב לנ</ItemName><ManufacturerName>פלמוליב</ManufacturerName><ManufactureCountry>ישראל</ManufactureCountry><ManufacturerItemDescription>נוזל כלים פלמוליב לנ</ManufacturerItemDescription><SoldByWeight/><Quantity>750.00</Quantity><UnitOfMeasure>מ"ל</UnitOfMeasure><QtyInPackage>לא ידוע</QtyInPackage><UnitOfMeasurePrice>0.0132</UnitOfMeasurePrice><AllowDiscount>1</AllowDiscount><ItemStatus>1</ItemStatus><ItemPrice>9.90</ItemPrice></item><item><PriceUpdateDate>2016-08-07 20:04:29</PriceUpdateDate><ItemCode>8714789834467</ItemCode><ItemType>1</ItemType><ItemName>נוזל כלים פלמוליב 1.</ItemName><ManufacturerName>פלמוליב</ManufacturerName><ManufactureCountry>ישראל</ManufactureCountry><ManufacturerItemDescription>פלמוליב לכלים   ים 1.5ל'</ManufacturerItemDescription><SoldByWeight/><Quantity>1500.00</Quantity><UnitOfMeasure>מ"ל</UnitOfMeasure><QtyInPackage>לא ידוע</QtyInPackage><UnitOfMeasurePrice>0.0133</UnitOfMeasurePrice><AllowDiscount>1</AllowDiscount><ItemStatus>1</ItemStatus><ItemPrice>19.90</ItemPrice></item><item><PriceUpdateDate>2016-05-01 10:35:33</PriceUpdateDate><ItemCode>8715700419718</ItemCode><ItemType>1</ItemType><ItemName>מתבל עגבניות היינץ 7</ItemName><ManufacturerName>היינץ</ManufacturerName><ManufactureCountry>הולנד</ManufactureCountry><ManufacturerItemDescription>קטשופ היינץ 700 גרם</ManufacturerItemDescription><SoldByWeight/><Quantity>910.00</Quantity><UnitOfMeasure>גרם     </UnitOfMeasure><QtyInPackage>לא ידוע</QtyInPackage><UnitOfMeasurePrice>0.0156</UnitOfMeasurePrice><AllowDiscount>1</AllowDiscount><ItemStatus>1</ItemStatus><ItemPrice>14.20</ItemPrice></item><item><PriceUpdateDate>2016-05-05 15:18:43</PriceUpdateDate><ItemCode>8715700419732</ItemCode><ItemType>1</ItemType><ItemName>מתבל עגבניות היינץ 7</ItemName><ManufacturerName>היינץ</ManufacturerName><ManufactureCountry>הולנד</ManufactureCountry><ManufacturerItemDescription>קטשופ היינץ 700 גרם</ManufacturerItemDescription><SoldByWeight/><Quantity>700.00</Quantity><UnitOfMeasure>גרם     </UnitOfMeasure><QtyInPackage>לא ידוע</QtyInPackage><UnitOfMeasurePrice>0.0199</UnitOfMeasurePrice><AllowDiscount>1</AllowDiscount><ItemStatus>1</ItemStatus><ItemPrice>13.90</ItemPrice></item><item><PriceUpdateDate>2016-08-02 09:30:36</PriceUpdateDate><ItemCode>8715700420158</ItemCode><ItemType>1</ItemType><ItemName>מב מתבל עגבניות היינ</ItemName><ManufacturerName>היינץ</ManufacturerName><ManufactureCountry>הולנד</ManufactureCountry><ManufacturerItemDescription>מב מתבל עגבניות היינ</ManufacturerItemDescription><SoldByWeight/><Quantity>342.00</Quantity><UnitOfMeasure>גרם     </UnitOfMeasure><QtyInPackage>לא ידוע</QtyInPackage><UnitOfMeasurePrice>0.0173</UnitOfMeasurePrice><AllowDiscount>1</AllowDiscount><ItemStatus>1</ItemStatus><ItemPrice>5.90</ItemPrice></item><item><PriceUpdateDate>2016-05-31 06:17:56</PriceUpdateDate><ItemCode>8717163607305</ItemCode><ItemType>1</ItemType><ItemName>סבון מוצק דאב רביעיי</ItemName><ManufacturerName>דאב</ManufacturerName><ManufactureCountry>ישראל</ManufactureCountry><ManufacturerItemDescription>סבון מוצק דאב רביעיי</ManufacturerItemDescription><SoldByWeight/><Quantity>400.00</Quantity><UnitOfMeasure>גרם     </UnitOfMeasure><QtyInPackage>לא ידוע</QtyInPackage><UnitOfMeasurePrice>0.0398</UnitOfMeasurePrice><AllowDiscount>1</AllowDiscount><ItemStatus>1</ItemStatus><ItemPrice>15.90</ItemPrice></item><item><PriceUpdateDate>2016-06-28 07:05:32</PriceUpdateDate><ItemCode>8718692610828</ItemCode><ItemType>1</ItemType><ItemName>מב שלישיית בקבוקים 1</ItemName><ManufacturerName>.N.Y.C</ManufacturerName><ManufactureCountry>ישראל</ManufactureCountry><ManufacturerItemDescription>מב שלישיית בקבוקים 1</ManufacturerItemDescription><SoldByWeight/><Quantity>1.00</Quantity><UnitOfMeasure>ליטר    </UnitOfMeasure><QtyInPackage>לא ידוע</QtyInPackage><UnitOfMeasurePrice>43.9000</UnitOfMeasurePrice><AllowDiscount>1</AllowDiscount><ItemStatus>1</ItemStatus><ItemPrice>43.90</ItemPrice></item><item><PriceUpdateDate>2016-05-01 06:12:44</PriceUpdateDate><ItemCode>8718951001589</ItemCode><ItemType>1</ItemType><ItemName>אג'קס ספריי מסיר שומ</ItemName><ManufacturerName>אג'קס</ManufacturerName><ManufactureCountry>לא ידוע</ManufactureCountry><ManufacturerItemDescription>אג'קס ספריי מסיר שומ</ManufacturerItemDescription><SoldByWeight/><Quantity>600.00</Quantity><UnitOfMeasure>מ"ל</UnitOfMeasure><QtyInPackage>לא ידוע</QtyInPackage><UnitOfMeasurePrice>0.0282</UnitOfMeasurePrice><AllowDiscount>1</AllowDiscount><ItemStatus>1</ItemStatus><ItemPrice>16.90</ItemPrice></item><item><PriceUpdateDate>2016-06-28 07:05:33</PriceUpdateDate><ItemCode>8720100012445</ItemCode><ItemType>1</ItemType><ItemName>ג'נסן וופל טוסט 250</ItemName><ManufacturerName>ק.א.שוקולד</ManufacturerName><ManufactureCountry>הולנד</ManufactureCountry><ManufacturerItemDescription>וופל בלגי 12 יח250-גר</ManufacturerItemDescription><SoldByWeight/><Quantity>250.00</Quantity><UnitOfMeasure>גרם     </UnitOfMeasure><QtyInPackage>לא ידוע</QtyInPackage><UnitOfMeasurePrice>0.0516</UnitOfMeasurePrice><AllowDiscount>1</AllowDiscount><ItemStatus>1</ItemStatus><ItemPrice>12.90</ItemPrice></item><item><PriceUpdateDate>2016-05-01 10:35:37</PriceUpdateDate><ItemCode>8801055706952</ItemCode><ItemType>1</ItemType><ItemName>נסקפה קפוצ'ינו קרמל</ItemName><ManufacturerName>לא ממותג</ManufacturerName><ManufactureCountry>ישראל</ManufactureCountry><ManufacturerItemDescription>קפוצ'ינו קרמל   רמל170גר</ManufacturerItemDescription><SoldByWeight/><Quantity>170.00</Quantity><UnitOfMeasure>גרם     </UnitOfMeasure><QtyInPackage>לא ידוע</QtyInPackage><UnitOfMeasurePrice>0.1229</UnitOfMeasurePrice><AllowDiscount>1</AllowDiscount><ItemStatus>1</ItemStatus><ItemPrice>20.90</ItemPrice></item><item><PriceUpdateDate>2016-05-01 10:35:37</PriceUpdateDate><ItemCode>8801055707188</ItemCode><ItemType>1</ItemType><ItemName>נסקפה קפוצ'ינו אגוזי</ItemName><ManufacturerName>לא ממותג</ManufacturerName><ManufactureCountry>ישראל</ManufactureCountry><ManufacturerItemDescription>נס קפה קפוצ'ינו גוזים180</ManufacturerItemDescription><SoldByWeight/><Quantity>180.00</Quantity><UnitOfMeasure>גרם     </UnitOfMeasure><QtyInPackage>לא ידוע</QtyInPackage><UnitOfMeasurePrice>0.1161</UnitOfMeasurePrice><AllowDiscount>1</AllowDiscount><ItemStatus>1</ItemStatus><ItemPrice>20.90</ItemPrice></item><item><PriceUpdateDate>2016-08-02 09:30:37</PriceUpdateDate><ItemCode>8803733581202</ItemCode><ItemType>1</ItemType><ItemName>קופסא 1.5 ליטר לוק א</ItemName><ManufacturerName>לא ממותג</ManufacturerName><ManufactureCountry>ישראל</ManufactureCountry><ManufacturerItemDescription>קופסא 1.5 ליטר לוק א</ManufacturerItemDescription><SoldByWeight/><Quantity>1.00</Quantity><UnitOfMeasure>יח'</UnitOfMeasure><QtyInPackage>לא ידוע</QtyInPackage><UnitOfMeasurePrice>22.4000</UnitOfMeasurePrice><AllowDiscount>1</AllowDiscount><ItemStatus>1</ItemStatus><ItemPrice>22.40</ItemPrice></item><item><PriceUpdateDate>2016-08-02 09:29:23</PriceUpdateDate><ItemCode>884912014252</ItemCode><ItemType>1</ItemType><ItemName>מב דגני בוקר האני בא</ItemName><ManufacturerName>פוסט</ManufacturerName><ManufactureCountry>ארצות הברית</ManufactureCountry><ManufacturerItemDescription>קפה פילטר מליטה 250 גרם</ManufacturerItemDescription><SoldByWeight/><Quantity>411.00</Quantity><UnitOfMeasure>גרם     </UnitOfMeasure><QtyInPackage>לא ידוע</QtyInPackage><UnitOfMeasurePrice>0.0436</UnitOfMeasurePrice><AllowDiscount>1</AllowDiscount><ItemStatus>1</ItemStatus><ItemPrice>17.90</ItemPrice></item><item><PriceUpdateDate>2016-08-02 09:29:23</PriceUpdateDate><ItemCode>884912103703</ItemCode><ItemType>1</ItemType><ItemName>מב דגני פוסט וופל קר</ItemName><ManufacturerName>פוסט</ManufacturerName><ManufactureCountry>ארצות הברית</ManufactureCountry><ManufacturerItemDescription>תערובת דגנים וופל קריספ32</ManufacturerItemDescription><SoldByWeight/><Quantity>325.00</Quantity><UnitOfMeasure>גרם     </UnitOfMeasure><QtyInPackage>לא ידוע</QtyInPackage><UnitOfMeasurePrice>0.0551</UnitOfMeasurePrice><AllowDiscount>1</AllowDiscount><ItemStatus>1</ItemStatus><ItemPrice>17.90</ItemPrice></item><item><PriceUpdateDate>2016-08-02 09:29:23</PriceUpdateDate><ItemCode>884912114600</ItemCode><ItemType>1</ItemType><ItemName>מב דגנים רייזן ברן 5</ItemName><ManufacturerName>לא ידוע</ManufacturerName><ManufactureCountry>ארצות הברית</ManufactureCountry><ManufacturerItemDescription>קרם ידיים אטריקס 100 מ"ל</ManufacturerItemDescription><SoldByWeight/><Quantity>566.00</Quantity><UnitOfMeasure>גרם     </UnitOfMeasure><QtyInPackage>לא ידוע</QtyInPackage><UnitOfMeasurePrice>0.0352</UnitOfMeasurePrice><AllowDiscount>1</AllowDiscount><ItemStatus>1</ItemStatus><ItemPrice>19.90</ItemPrice></item><item><PriceUpdateDate>2016-08-02 09:29:23</PriceUpdateDate><ItemCode>884912129741</ItemCode><ItemType>1</ItemType><ItemName>מב דגני פרוטי פבלס 4</ItemName><ManufacturerName>פוסט</ManufacturerName><ManufactureCountry>ישראל</ManufactureCountry><ManufacturerItemDescription>מב דגני פרוטי פבלס 4</ManufacturerItemDescription><SoldByWeight/><Quantity>425.00</Quantity><UnitOfMeasure>גרם     </UnitOfMeasure><QtyInPackage>לא ידוע</QtyInPackage><UnitOfMeasurePrice>0.0421</UnitOfMeasurePrice><AllowDiscount>1</AllowDiscount><ItemStatus>1</ItemStatus><ItemPrice>17.90</ItemPrice></item><item><PriceUpdateDate>2016-08-07 20:02:49</PriceUpdateDate><ItemCode>8888021200256</ItemCode><ItemType>1</ItemType><ItemName>סוללות AA שמיניה אנר</ItemName><ManufacturerName>אנרג'ייזר</ManufacturerName><ManufactureCountry>ארצות הברית</ManufactureCountry><ManufacturerItemDescription>8 סוללות AAA    A</ManufacturerItemDescription><SoldByWeight/><Quantity>8.00</Quantity><UnitOfMeasure>בודד</UnitOfMeasure><QtyInPackage>לא ידוע</QtyInPackage><UnitOfMeasurePrice>4.2375</UnitOfMeasurePrice><AllowDiscount>1</AllowDiscount><ItemStatus>1</ItemStatus><ItemPrice>33.90</ItemPrice></item><item><PriceUpdateDate>2015-01-01 00:00:00</PriceUpdateDate><ItemCode>88888034</ItemCode><ItemType>0</ItemType><ItemName>מזון מהיר</ItemName><ManufacturerName>לא ידוע</ManufacturerName><ManufactureCountry>לא ידוע</ManufactureCountry><ManufacturerItemDescription>מזון מהיר</ManufacturerItemDescription><SoldByWeight/><Quantity>0.00</Quantity><UnitOfMeasure>לא ידוע</UnitOfMeasure><QtyInPackage>לא ידוע</QtyInPackage><UnitOfMeasurePrice>0.0000</UnitOfMeasurePrice><AllowDiscount>1</AllowDiscount><ItemStatus>1</ItemStatus><ItemPrice>0.00</ItemPrice></item><item><PriceUpdateDate>2015-01-01 00:00:00</PriceUpdateDate><ItemCode>88888050</ItemCode><ItemType>0</ItemType><ItemName>בית קפה מעלה אדומים</ItemName><ManufacturerName>לא ידוע</ManufacturerName><ManufactureCountry>לא ידוע</ManufactureCountry><ManufacturerItemDescription>בית קפה מעלה אדומים</ManufacturerItemDescription><SoldByWeight/><Quantity>0.00</Quantity><UnitOfMeasure>לא ידוע</UnitOfMeasure><QtyInPackage>לא ידוע</QtyInPackage><UnitOfMeasurePrice>0.0000</UnitOfMeasurePrice><AllowDiscount>1</AllowDiscount><ItemStatus>1</ItemStatus><ItemPrice>0.00</ItemPrice></item><item><PriceUpdateDate>2015-01-01 00:00:00</PriceUpdateDate><ItemCode>88888068</ItemCode><ItemType>0</ItemType><ItemName>זכיינות חגורות</ItemName><ManufacturerName>לא ידוע</ManufacturerName><ManufactureCountry>לא ידוע</ManufactureCountry><ManufacturerItemDescription>זכיינות חגורות</ManufacturerItemDescription><SoldByWeight/><Quantity>0.00</Quantity><UnitOfMeasure>לא ידוע</UnitOfMeasure><QtyInPackage>לא ידוע</QtyInPackage><UnitOfMeasurePrice>0.0000</UnitOfMeasurePrice><AllowDiscount>1</AllowDiscount><ItemStatus>1</ItemStatus><ItemPrice>0.00</ItemPrice></item><item><PriceUpdateDate>2015-01-01 00:00:00</PriceUpdateDate><ItemCode>88888086</ItemCode><ItemType>0</ItemType><ItemName>אביזרי עזר מכלת</ItemName><ManufacturerName>לא ידוע</ManufacturerName><ManufactureCountry>לא ידוע</ManufactureCountry><ManufacturerItemDescription>אביזרי עזר מכלת</ManufacturerItemDescription><SoldByWeight/><Quantity>0.00</Quantity><UnitOfMeasure>לא ידוע</UnitOfMeasure><QtyInPackage>לא ידוע</QtyInPackage><UnitOfMeasurePrice>0.0000</UnitOfMeasurePrice><AllowDiscount>1</AllowDiscount><ItemStatus>1</ItemStatus><ItemPrice>0.00</ItemPrice></item><item><PriceUpdateDate>2015-01-01 00:00:00</PriceUpdateDate><ItemCode>88888106</ItemCode><ItemType>0</ItemType><ItemName>זכיינות עולם הבית</ItemName><ManufacturerName>לא ידוע</ManufacturerName><ManufactureCountry>לא ידוע</ManufactureCountry><ManufacturerItemDescription>זכיינות עולם הבית</ManufacturerItemDescription><SoldByWeight/><Quantity>0.00</Quantity><UnitOfMeasure>לא ידוע</UnitOfMeasure><QtyInPackage>לא ידוע</QtyInPackage><UnitOfMeasurePrice>0.0000</UnitOfMeasurePrice><AllowDiscount>1</AllowDiscount><ItemStatus>1</ItemStatus><ItemPrice>0.00</ItemPrice></item><item><PriceUpdateDate>2016-08-02 09:30:37</PriceUpdateDate><ItemCode>8902335028884</ItemCode><ItemType>1</ItemType><ItemName>מב עוגיות בטעם חמאה</ItemName><ManufacturerName>לא ממותג</ManufacturerName><ManufactureCountry>לא ידוע</ManufactureCountry><ManufacturerItemDescription>מב עוגיות בטעם חמאה</ManufacturerItemDescription><SoldByWeight/><Quantity>340.00</Quantity><UnitOfMeasure>גרם     </UnitOfMeasure><QtyInPackage>לא ידוע</QtyInPackage><UnitOfMeasurePrice>0.0294</UnitOfMeasurePrice><AllowDiscount>1</AllowDiscount><ItemStatus>1</ItemStatus><ItemPrice>10.00</ItemPrice></item><item><PriceUpdateDate>2016-05-01 10:30:16</PriceUpdateDate><ItemCode>89397344300</ItemCode><ItemType>1</ItemType><ItemName>דיניקולה רוטב פסטה 7</ItemName><ManufacturerName>לא ממותג</ManufacturerName><ManufactureCountry>ארצות הברית</ManufactureCountry><ManufacturerItemDescription>רוטב פסטה עגבניות ובזיליק</ManufacturerItemDescription><SoldByWeight/><Quantity>737.00</Quantity><UnitOfMeasure>גרם     </UnitOfMeasure><QtyInPackage>לא ידוע</QtyInPackage><UnitOfMeasurePrice>0.0240</UnitOfMeasurePrice><AllowDiscount>1</AllowDiscount><ItemStatus>1</ItemStatus><ItemPrice>17.70</ItemPrice></item><item><PriceUpdateDate>2016-05-01 10:30:16</PriceUpdateDate><ItemCode>89397344331</ItemCode><ItemType>1</ItemType><ItemName>רוטב לפסטה 737 גרם</ItemName><ManufacturerName>לא ממותג</ManufacturerName><ManufactureCountry>ישראל</ManufactureCountry><ManufacturerItemDescription>רוטב לפסטה 737 גרם</ManufacturerItemDescription><SoldByWeight/><Quantity>737.00</Quantity><UnitOfMeasure>גרם     </UnitOfMeasure><QtyInPackage>לא ידוע</QtyInPackage><UnitOfMeasurePrice>0.0240</UnitOfMeasurePrice><AllowDiscount>1</AllowDiscount><ItemStatus>1</ItemStatus><ItemPrice>17.70</ItemPrice></item><item><PriceUpdateDate>2016-06-28 07:05:34</PriceUpdateDate><ItemCode>9000100806824</ItemCode><ItemType>1</ItemType><ItemName>מב דאו' רול און פה א</ItemName><ManufacturerName>פה</ManufacturerName><ManufactureCountry>ישראל</ManufactureCountry><ManufacturerItemDescription>מב דאו' רול און פה א</ManufacturerItemDescription><SoldByWeight/><Quantity>50.00</Quantity><UnitOfMeasure>מ"ל</UnitOfMeasure><QtyInPackage>לא ידוע</QtyInPackage><UnitOfMeasurePrice>0.2380</UnitOfMeasurePrice><AllowDiscount>1</AllowDiscount><ItemStatus>1</ItemStatus><ItemPrice>11.90</ItemPrice></item><item><PriceUpdateDate>2016-05-15 15:34:35</PriceUpdateDate><ItemCode>9002859054099</ItemCode><ItemType>1</ItemType><ItemName>בונבוניירה מוצרט משו</ItemName><ManufacturerName>ק.א.שוקולד</ManufacturerName><ManufactureCountry>אוסטריה</ManufactureCountry><ManufacturerItemDescription>בונבוניירת מוצרט 300 גרם</ManufacturerItemDescription><SoldByWeight/><Quantity>300.00</Quantity><UnitOfMeasure>גרם     </UnitOfMeasure><QtyInPackage>לא ידוע</QtyInPackage><UnitOfMeasurePrice>0.1330</UnitOfMeasurePrice><AllowDiscount>1</AllowDiscount><ItemStatus>1</ItemStatus><ItemPrice>39.90</ItemPrice></item><item><PriceUpdateDate>2016-05-01 10:29:56</PriceUpdateDate><ItemCode>90162602</ItemCode><ItemType>1</ItemType><ItemName>רד בול משקה אנרגיה 2</ItemName><ManufacturerName>רדבול</ManufacturerName><ManufactureCountry>ישראל</ManufactureCountry><ManufacturerItemDescription>רד בול          יה פח250</ManufacturerItemDescription><SoldByWeight/><Quantity>250.00</Quantity><UnitOfMeasure>מ"ל</UnitOfMeasure><QtyInPackage>לא ידוע</QtyInPackage><UnitOfMeasurePrice>0.0348</UnitOfMeasurePrice><AllowDiscount>1</AllowDiscount><ItemStatus>1</ItemStatus><ItemPrice>8.70</ItemPrice></item><item><PriceUpdateDate>2016-05-01 10:29:57</PriceUpdateDate><ItemCode>9073102314</ItemCode><ItemType>1</ItemType><ItemName>גלידהשרונס קוקוס 420</ItemName><ManufacturerName>שרונ'ס סורבט</ManufacturerName><ManufactureCountry>ישראל</ManufactureCountry><ManufacturerItemDescription>גלידה סורבט שרונס קוקוס 5</ManufacturerItemDescription><SoldByWeight/><Quantity>420.00</Quantity><UnitOfMeasure>מ"ל</UnitOfMeasure><QtyInPackage>לא ידוע</QtyInPackage><UnitOfMeasurePrice>0.0474</UnitOfMeasurePrice><AllowDiscount>1</AllowDiscount><ItemStatus>1</ItemStatus><ItemPrice>19.90</ItemPrice></item><item><PriceUpdateDate>2016-06-28 07:05:35</PriceUpdateDate><ItemCode>9310072028743</ItemCode><ItemType>1</ItemType><ItemName>עוגיות טים טם אורגינ</ItemName><ManufacturerName>TIM TAM</ManufacturerName><ManufactureCountry>אוסטרליה</ManufactureCountry><ManufacturerItemDescription>ביסקויט טים טאם ו.חלב200</ManufacturerItemDescription><SoldByWeight/><Quantity>200.00</Quantity><UnitOfMeasure>גרם     </UnitOfMeasure><QtyInPackage>לא ידוע</QtyInPackage><UnitOfMeasurePrice>0.1095</UnitOfMeasurePrice><AllowDiscount>1</AllowDiscount><ItemStatus>1</ItemStatus><ItemPrice>21.90</ItemPrice></item><item><PriceUpdateDate>2016-06-28 07:05:35</PriceUpdateDate><ItemCode>9310072028750</ItemCode><ItemType>1</ItemType><ItemName>עוגיות טים טם דאבל 2</ItemName><ManufacturerName>TIM TAM</ManufacturerName><ManufactureCountry>אוסטרליה</ManufactureCountry><ManufacturerItemDescription>ביסקויט טים טם  אבל 200ג</ManufacturerItemDescription><SoldByWeight/><Quantity>200.00</Quantity><UnitOfMeasure>גרם     </UnitOfMeasure><QtyInPackage>לא ידוע</QtyInPackage><UnitOfMeasurePrice>0.1095</UnitOfMeasurePrice><AllowDiscount>1</AllowDiscount><ItemStatus>1</ItemStatus><ItemPrice>21.90</ItemPrice></item><item><PriceUpdateDate>2016-05-31 06:18:00</PriceUpdateDate><ItemCode>9322969000015</ItemCode><ItemType>1</ItemType><ItemName>פריכיות תירס אוריגינ</ItemName><ManufacturerName>Realfoods</ManufacturerName><ManufactureCountry>ישראל</ManufactureCountry><ManufacturerItemDescription>פריכיות תירס טעם טבעי -15</ManufacturerItemDescription><SoldByWeight/><Quantity>150.00</Quantity><UnitOfMeasure>גרם     </UnitOfMeasure><QtyInPackage>לא ידוע</QtyInPackage><UnitOfMeasurePrice>0.0860</UnitOfMeasurePrice><AllowDiscount>1</AllowDiscount><ItemStatus>1</ItemStatus><ItemPrice>12.90</ItemPrice></item><item><PriceUpdateDate>2016-05-31 06:18:00</PriceUpdateDate><ItemCode>9322969000022</ItemCode><ItemType>1</ItemType><ItemName>פריכיות תירס סויה וז</ItemName><ManufacturerName>Realfoods</ManufacturerName><ManufactureCountry>ישראל</ManufactureCountry><ManufacturerItemDescription>פריכיות תירס עם סויה וזרע</ManufacturerItemDescription><SoldByWeight/><Quantity>150.00</Quantity><UnitOfMeasure>גרם     </UnitOfMeasure><QtyInPackage>לא ידוע</QtyInPackage><UnitOfMeasurePrice>0.0860</UnitOfMeasurePrice><AllowDiscount>1</AllowDiscount><ItemStatus>1</ItemStatus><ItemPrice>12.90</ItemPrice></item><item><PriceUpdateDate>2016-05-31 06:18:00</PriceUpdateDate><ItemCode>9322969000046</ItemCode><ItemType>1</ItemType><ItemName>פריכיות תירס שומשום</ItemName><ManufacturerName>Realfoods</ManufacturerName><ManufactureCountry>ישראל</ManufactureCountry><ManufacturerItemDescription>פריכיות תירס אורגניות עם</ManufacturerItemDescription><SoldByWeight/><Quantity>150.00</Quantity><UnitOfMeasure>גרם     </UnitOfMeasure><QtyInPackage>לא ידוע</QtyInPackage><UnitOfMeasurePrice>0.0860</UnitOfMeasurePrice><AllowDiscount>1</AllowDiscount><ItemStatus>1</ItemStatus><ItemPrice>12.90</ItemPrice></item><item><PriceUpdateDate>2016-05-01 10:30:17</PriceUpdateDate><ItemCode>96086001536</ItemCode><ItemType>1</ItemType><ItemName>עוגיות ללא סוכר וניל</ItemName><ManufacturerName>B.B.B</ManufacturerName><ManufactureCountry>ישראל</ManufactureCountry><ManufacturerItemDescription>עוגיות ללא סוכר וניל</ManufacturerItemDescription><SoldByWeight/><Quantity>200.00</Quantity><UnitOfMeasure>גרם     </UnitOfMeasure><QtyInPackage>לא ידוע</QtyInPackage><UnitOfMeasurePrice>0.0935</UnitOfMeasurePrice><AllowDiscount>1</AllowDiscount><ItemStatus>1</ItemStatus><ItemPrice>18.70</ItemPrice></item><item><PriceUpdateDate>2015-10-19 10:44:53</PriceUpdateDate><ItemCode>9720188050109</ItemCode><ItemType>1</ItemType><ItemName>גבינת טופו בטעמים 22</ItemName><ManufacturerName>טופוטי</ManufacturerName><ManufactureCountry>ישראל</ManufactureCountry><ManufacturerItemDescription>גבינת טופו בטעמים 22</ManufacturerItemDescription><SoldByWeight/><Quantity>225.00</Quantity><UnitOfMeasure>גרם     </UnitOfMeasure><QtyInPackage>לא ידוע</QtyInPackage><UnitOfMeasurePrice>0.1000</UnitOfMeasurePrice><AllowDiscount>1</AllowDiscount><ItemStatus>1</ItemStatus><ItemPrice>22.50</ItemPrice></item><item><PriceUpdateDate>2015-01-27 10:34:57</PriceUpdateDate><ItemCode>9770793914006</ItemCode><ItemType>1</ItemType><ItemName>עיתון ג'רוזלם פוסט ש</ItemName><ManufacturerName>לא ידוע</ManufacturerName><ManufactureCountry>ישראל</ManufactureCountry><ManufacturerItemDescription>עיתון ג'רוזלם פוסט ש</ManufacturerItemDescription><SoldByWeight/><Quantity>0.00</Quantity><UnitOfMeasure>יח'</UnitOfMeasure><QtyInPackage>לא ידוע</QtyInPackage><UnitOfMeasurePrice>0.0000</UnitOfMeasurePrice><AllowDiscount>1</AllowDiscount><ItemStatus>1</ItemStatus><ItemPrice>18.00</ItemPrice></item><item><PriceUpdateDate>2015-05-22 09:39:24</PriceUpdateDate><ItemCode>9770793973003</ItemCode><ItemType>1</ItemType><ItemName>שבועון מקור ראשון</ItemName><ManufacturerName>בר פוינט אוף סייל</ManufacturerName><ManufactureCountry>ישראל</ManufactureCountry><ManufacturerItemDescription>שבועון מקור ראשון</ManufacturerItemDescription><SoldByWeight/><Quantity>0.00</Quantity><UnitOfMeasure>יח'</UnitOfMeasure><QtyInPackage>לא ידוע</QtyInPackage><UnitOfMeasurePrice>0.0000</UnitOfMeasurePrice><AllowDiscount>1</AllowDiscount><ItemStatus>1</ItemStatus><ItemPrice>15.00</ItemPrice></item><item><PriceUpdateDate>2015-09-02 06:54:54</PriceUpdateDate><ItemCode>9771565038326</ItemCode><ItemType>1</ItemType><ItemName>עיתון רגיל יום ב'</ItemName><ManufacturerName>ידיעות אחרונות</ManufacturerName><ManufactureCountry>ישראל</ManufactureCountry><ManufacturerItemDescription>עיתון רגיל יום ב'</ManufacturerItemDescription><SoldByWeight/><Quantity>0.00</Quantity><UnitOfMeasure>יח'</UnitOfMeasure><QtyInPackage>לא ידוע</QtyInPackage><UnitOfMeasurePrice>0.0000</UnitOfMeasurePrice><AllowDiscount>1</AllowDiscount><ItemStatus>1</ItemStatus><ItemPrice>2.00</ItemPrice></item><item><PriceUpdateDate>2015-09-02 06:54:54</PriceUpdateDate><ItemCode>9771565038333</ItemCode><ItemType>1</ItemType><ItemName>עיתון רגיל יום ג'</ItemName><ManufacturerName>לא ידוע</ManufacturerName><ManufactureCountry>ישראל</ManufactureCountry><ManufacturerItemDescription>עיתון רגיל יום ג'</ManufacturerItemDescription><SoldByWeight/><Quantity>0.00</Quantity><UnitOfMeasure>יח'</UnitOfMeasure><QtyInPackage>לא ידוע</QtyInPackage><UnitOfMeasurePrice>0.0000</UnitOfMeasurePrice><AllowDiscount>1</AllowDiscount><ItemStatus>1</ItemStatus><ItemPrice>2.00</ItemPrice></item><item><PriceUpdateDate>2015-09-02 06:54:55</PriceUpdateDate><ItemCode>9771565038357</ItemCode><ItemType>1</ItemType><ItemName>עיתון רגיל יום ה'</ItemName><ManufacturerName>ידיעות אחרונות</ManufacturerName><ManufactureCountry>ישראל</ManufactureCountry><ManufacturerItemDescription>עיתון רגיל יום ה'</ManufacturerItemDescription><SoldByWeight/><Quantity>0.00</Quantity><UnitOfMeasure>יח'</UnitOfMeasure><QtyInPackage>לא ידוע</QtyInPackage><UnitOfMeasurePrice>0.0000</UnitOfMeasurePrice><AllowDiscount>1</AllowDiscount><ItemStatus>1</ItemStatus><ItemPrice>2.00</ItemPrice></item><item><PriceUpdateDate>2015-09-03 06:49:02</PriceUpdateDate><ItemCode>9771565039125</ItemCode><ItemType>1</ItemType><ItemName>עיתון לאשה יום ב'</ItemName><ManufacturerName>לא ידוע</ManufacturerName><ManufactureCountry>ישראל</ManufactureCountry><ManufacturerItemDescription>עיתון לאשה יום ב'</ManufacturerItemDescription><SoldByWeight/><Quantity>0.00</Quantity><UnitOfMeasure>יח'</UnitOfMeasure><QtyInPackage>לא ידוע</QtyInPackage><UnitOfMeasurePrice>0.0000</UnitOfMeasurePrice><AllowDiscount>1</AllowDiscount><ItemStatus>1</ItemStatus><ItemPrice>18.00</ItemPrice></item><item><PriceUpdateDate>2015-01-27 10:35:16</PriceUpdateDate><ItemCode>9771565051066</ItemCode><ItemType>1</ItemType><ItemName>עיתון ידיעות  יום ו'</ItemName><ManufacturerName>לא ידוע</ManufacturerName><ManufactureCountry>ישראל</ManufactureCountry><ManufacturerItemDescription>עיתון ידיעות  יום ו'</ManufacturerItemDescription><SoldByWeight/><Quantity>0.00</Quantity><UnitOfMeasure>יח'</UnitOfMeasure><QtyInPackage>לא ידוע</QtyInPackage><UnitOfMeasurePrice>0.0000</UnitOfMeasurePrice><AllowDiscount>1</AllowDiscount><ItemStatus>1</ItemStatus><ItemPrice>15.00</ItemPrice></item><item><PriceUpdateDate>2015-01-27 10:35:16</PriceUpdateDate><ItemCode>9771565066961</ItemCode><ItemType>1</ItemType><ItemName>ידיעות ירושלים יום ש</ItemName><ManufacturerName>לא ידוע</ManufacturerName><ManufactureCountry>ישראל</ManufactureCountry><ManufacturerItemDescription>ידיעות ירושלים יום ש</ManufacturerItemDescription><SoldByWeight/><Quantity>0.00</Quantity><UnitOfMeasure>יח'</UnitOfMeasure><QtyInPackage>לא ידוע</QtyInPackage><UnitOfMeasurePrice>0.0000</UnitOfMeasurePrice><AllowDiscount>1</AllowDiscount><ItemStatus>1</ItemStatus><ItemPrice>6.80</ItemPrice></item><item><PriceUpdateDate>2015-12-22 06:43:20</PriceUpdateDate><ItemCode>9771565305008</ItemCode><ItemType>1</ItemType><ItemName>"ניו יורק טיימס" יום</ItemName><ManufacturerName>בר פוינט אוף סייל</ManufacturerName><ManufactureCountry>ישראל</ManufactureCountry><ManufacturerItemDescription>"ניו יורק טיימס" יום</ManufacturerItemDescription><SoldByWeight/><Quantity>0.00</Quantity><UnitOfMeasure>יח'</UnitOfMeasure><QtyInPackage>לא ידוע</QtyInPackage><UnitOfMeasurePrice>0.0000</UnitOfMeasurePrice><AllowDiscount>1</AllowDiscount><ItemStatus>1</ItemStatus><ItemPrice>22.00</ItemPrice></item></Items></root>
