<?xml version="1.0" encoding="UTF-8"?>
<root><XmlDocVersion/><ChainId/><SubChainId>1</SubChainId><StoreId>60</StoreId><BikoretNo>1</BikoretNo><Items><item><PriceUpdateDate>2015-11-18 13:57:43</PriceUpdateDate><ItemCode>1002186</ItemCode><ItemType>3</ItemType><ItemName>זיתים מיוחדים במשקל</ItemName><ManufacturerName>לא ידוע</ManufacturerName><ManufactureCountry>ישראל</ManufactureCountry><ManufacturerItemDescription>זיתים מיוחדים במשקל</ManufacturerItemDescription><SoldByWeight/><Quantity>1.00</Quantity><UnitOfMeasure>ק"ג</UnitOfMeasure><QtyInPackage>לא ידוע</QtyInPackage><UnitOfMeasurePrice>52.0000</UnitOfMeasurePrice><AllowDiscount>1</AllowDiscount><ItemStatus>1</ItemStatus><ItemPrice>52.00</ItemPrice></item><item><PriceUpdateDate>2015-11-18 13:57:43</PriceUpdateDate><ItemCode>1002188</ItemCode><ItemType>3</ItemType><ItemName>זיתים מיוחדים במשקל</ItemName><ManufacturerName>לא ידוע</ManufacturerName><ManufactureCountry>ישראל</ManufactureCountry><ManufacturerItemDescription>זיתים מיוחדים במשקל</ManufacturerItemDescription><SoldByWeight/><Quantity>1.00</Quantity><UnitOfMeasure>ק"ג</UnitOfMeasure><QtyInPackage>לא ידוע</QtyInPackage><UnitOfMeasurePrice>52.0000</UnitOfMeasurePrice><AllowDiscount>1</AllowDiscount><ItemStatus>1</ItemStatus><ItemPrice>52.00</ItemPrice></item><item><PriceUpdateDate>2015-11-18 13:57:43</PriceUpdateDate><ItemCode>1002773</ItemCode><ItemType>3</ItemType><ItemName>זיתים שחור/ירוק/חרוז</ItemName><ManufacturerName>B.B.B</ManufacturerName><ManufactureCountry>ישראל</ManufactureCountry><ManufacturerItemDescription>זיתים שחור/ירוק/חרוז</ManufacturerItemDescription><SoldByWeight/><Quantity>1.00</Quantity><UnitOfMeasure>ק"ג</UnitOfMeasure><QtyInPackage>לא ידוע</QtyInPackage><UnitOfMeasurePrice>42.0000</UnitOfMeasurePrice><AllowDiscount>1</AllowDiscount><ItemStatus>1</ItemStatus><ItemPrice>42.00</ItemPrice></item><item><PriceUpdateDate>2015-11-18 13:57:43</PriceUpdateDate><ItemCode>1002775</ItemCode><ItemType>3</ItemType><ItemName>זיתים שחור/ירוק/חרוז</ItemName><ManufacturerName>B.B.B</ManufacturerName><ManufactureCountry>ישראל</ManufactureCountry><ManufacturerItemDescription>זיתים שחור/ירוק/חרוז</ManufacturerItemDescription><SoldByWeight/><Quantity>1.00</Quantity><UnitOfMeasure>ק"ג</UnitOfMeasure><QtyInPackage>לא ידוע</QtyInPackage><UnitOfMeasurePrice>42.0000</UnitOfMeasurePrice><AllowDiscount>1</AllowDiscount><ItemStatus>1</ItemStatus><ItemPrice>42.00</ItemPrice></item><item><PriceUpdateDate>2016-04-11 09:34:40</PriceUpdateDate><ItemCode>1011</ItemCode><ItemType>3</ItemType><ItemName>בצל יבש מוזל</ItemName><ManufacturerName>B.B.B</ManufacturerName><ManufactureCountry>ישראל</ManufactureCountry><ManufacturerItemDescription>בצל יבש מוזל</ManufacturerItemDescription><SoldByWeight/><Quantity>1.00</Quantity><UnitOfMeasure>ק"ג</UnitOfMeasure><QtyInPackage>לא ידוע</QtyInPackage><UnitOfMeasurePrice>4.9000</UnitOfMeasurePrice><AllowDiscount>1</AllowDiscount><ItemStatus>1</ItemStatus><ItemPrice>4.90</ItemPrice></item><item><PriceUpdateDate>2016-05-03 09:05:48</PriceUpdateDate><ItemCode>1113</ItemCode><ItemType>3</ItemType><ItemName>אשכולית לבנה</ItemName><ManufacturerName>לא ידוע</ManufacturerName><ManufactureCountry>ישראל</ManufactureCountry><ManufacturerItemDescription>אשכולית לבנה</ManufacturerItemDescription><SoldByWeight/><Quantity>1.00</Quantity><UnitOfMeasure>ק"ג</UnitOfMeasure><QtyInPackage>לא ידוע</QtyInPackage><UnitOfMeasurePrice>5.9000</UnitOfMeasurePrice><AllowDiscount>1</AllowDiscount><ItemStatus>1</ItemStatus><ItemPrice>5.90</ItemPrice></item><item><PriceUpdateDate>2016-07-22 09:18:49</PriceUpdateDate><ItemCode>1182</ItemCode><ItemType>3</ItemType><ItemName>מלון</ItemName><ManufacturerName>לא ידוע</ManufacturerName><ManufactureCountry>ישראל</ManufactureCountry><ManufacturerItemDescription>מלון</ManufacturerItemDescription><SoldByWeight/><Quantity>1.00</Quantity><UnitOfMeasure>ק"ג</UnitOfMeasure><QtyInPackage>לא ידוע</QtyInPackage><UnitOfMeasurePrice>8.9000</UnitOfMeasurePrice><AllowDiscount>1</AllowDiscount><ItemStatus>1</ItemStatus><ItemPrice>8.90</ItemPrice></item><item><PriceUpdateDate>2016-06-30 06:40:44</PriceUpdateDate><ItemCode>1199</ItemCode><ItemType>3</ItemType><ItemName>מנגו שלי מובחר</ItemName><ManufacturerName>B.B.B</ManufacturerName><ManufactureCountry>ישראל</ManufactureCountry><ManufacturerItemDescription>מנגו שלי מובחר</ManufacturerItemDescription><SoldByWeight/><Quantity>1.00</Quantity><UnitOfMeasure>ק"ג</UnitOfMeasure><QtyInPackage>לא ידוע</QtyInPackage><UnitOfMeasurePrice>13.9000</UnitOfMeasurePrice><AllowDiscount>1</AllowDiscount><ItemStatus>1</ItemStatus><ItemPrice>13.90</ItemPrice></item><item><PriceUpdateDate>2016-08-10 08:23:42</PriceUpdateDate><ItemCode>1243</ItemCode><ItemType>3</ItemType><ItemName>ענבים שחורים</ItemName><ManufacturerName>.N.Y.C</ManufacturerName><ManufactureCountry>ישראל</ManufactureCountry><ManufacturerItemDescription>ענבים שחורים</ManufacturerItemDescription><SoldByWeight/><Quantity>1.00</Quantity><UnitOfMeasure>ק"ג</UnitOfMeasure><QtyInPackage>לא ידוע</QtyInPackage><UnitOfMeasurePrice>15.9000</UnitOfMeasurePrice><AllowDiscount>1</AllowDiscount><ItemStatus>1</ItemStatus><ItemPrice>15.90</ItemPrice></item><item><PriceUpdateDate>2016-07-18 12:07:10</PriceUpdateDate><ItemCode>1250</ItemCode><ItemType>3</ItemType><ItemName>אבטיח</ItemName><ManufacturerName>B.B.B</ManufacturerName><ManufactureCountry>ישראל</ManufactureCountry><ManufacturerItemDescription>אבטיח</ManufacturerItemDescription><SoldByWeight/><Quantity>1.00</Quantity><UnitOfMeasure>ק"ג</UnitOfMeasure><QtyInPackage>לא ידוע</QtyInPackage><UnitOfMeasurePrice>4.5000</UnitOfMeasurePrice><AllowDiscount>1</AllowDiscount><ItemStatus>1</ItemStatus><ItemPrice>4.50</ItemPrice></item><item><PriceUpdateDate>2016-05-31 07:01:28</PriceUpdateDate><ItemCode>13495113506</ItemCode><ItemType>1</ItemType><ItemName>חטיף קליק ביסקויט 75</ItemName><ManufacturerName>קליק ורד הגליל</ManufacturerName><ManufactureCountry>ישראל</ManufactureCountry><ManufacturerItemDescription>קליק ביסקוויט 75 גר</ManufacturerItemDescription><SoldByWeight/><Quantity>75.00</Quantity><UnitOfMeasure>גרם     </UnitOfMeasure><QtyInPackage>לא ידוע</QtyInPackage><UnitOfMeasurePrice>0.0720</UnitOfMeasurePrice><AllowDiscount>1</AllowDiscount><ItemStatus>1</ItemStatus><ItemPrice>5.40</ItemPrice></item><item><PriceUpdateDate>2016-05-31 07:01:28</PriceUpdateDate><ItemCode>13495113513</ItemCode><ItemType>1</ItemType><ItemName>חטיף קליק כדורים 75</ItemName><ManufacturerName>קליק ורד הגליל</ManufacturerName><ManufactureCountry>ישראל</ManufactureCountry><ManufacturerItemDescription>קליק חלב 75 גר</ManufacturerItemDescription><SoldByWeight/><Quantity>75.00</Quantity><UnitOfMeasure>גרם     </UnitOfMeasure><QtyInPackage>לא ידוע</QtyInPackage><UnitOfMeasurePrice>0.0720</UnitOfMeasurePrice><AllowDiscount>1</AllowDiscount><ItemStatus>1</ItemStatus><ItemPrice>5.40</ItemPrice></item><item><PriceUpdateDate>2016-05-31 07:01:28</PriceUpdateDate><ItemCode>13495113582</ItemCode><ItemType>1</ItemType><ItemName>חטיף קליק כריות 75 ג</ItemName><ManufacturerName>קליק ורד הגליל</ManufacturerName><ManufactureCountry>ישראל</ManufactureCountry><ManufacturerItemDescription>קליק כריות 75 גר</ManufacturerItemDescription><SoldByWeight/><Quantity>75.00</Quantity><UnitOfMeasure>גרם     </UnitOfMeasure><QtyInPackage>לא ידוע</QtyInPackage><UnitOfMeasurePrice>0.0720</UnitOfMeasurePrice><AllowDiscount>1</AllowDiscount><ItemStatus>1</ItemStatus><ItemPrice>5.40</ItemPrice></item><item><PriceUpdateDate>2016-03-29 10:13:04</PriceUpdateDate><ItemCode>1571</ItemCode><ItemType>3</ItemType><ItemName>גזר ארוז</ItemName><ManufacturerName>B.B.B</ManufacturerName><ManufactureCountry>ישראל</ManufactureCountry><ManufacturerItemDescription>גזר ארוז</ManufacturerItemDescription><SoldByWeight/><Quantity>1.00</Quantity><UnitOfMeasure>ק"ג</UnitOfMeasure><QtyInPackage>לא ידוע</QtyInPackage><UnitOfMeasurePrice>4.9000</UnitOfMeasurePrice><AllowDiscount>1</AllowDiscount><ItemStatus>1</ItemStatus><ItemPrice>4.90</ItemPrice></item><item><PriceUpdateDate>2016-05-20 07:13:56</PriceUpdateDate><ItemCode>1595</ItemCode><ItemType>3</ItemType><ItemName>דלעת</ItemName><ManufacturerName>B.B.B</ManufacturerName><ManufactureCountry>ישראל</ManufactureCountry><ManufacturerItemDescription>דלעת</ManufacturerItemDescription><SoldByWeight/><Quantity>1.00</Quantity><UnitOfMeasure>ק"ג</UnitOfMeasure><QtyInPackage>לא ידוע</QtyInPackage><UnitOfMeasurePrice>9.9000</UnitOfMeasurePrice><AllowDiscount>1</AllowDiscount><ItemStatus>1</ItemStatus><ItemPrice>9.90</ItemPrice></item><item><PriceUpdateDate>2016-06-30 06:40:47</PriceUpdateDate><ItemCode>16000177710</ItemCode><ItemType>1</ItemType><ItemName>נייטשר וואלי צ'ואי פ</ItemName><ManufacturerName>Nature Valley</ManufacturerName><ManufactureCountry>ארצות הברית</ManufactureCountry><ManufacturerItemDescription>חמצוצים תות      100 גרם</ManufacturerItemDescription><SoldByWeight/><Quantity>175.00</Quantity><UnitOfMeasure>גרם     </UnitOfMeasure><QtyInPackage>לא ידוע</QtyInPackage><UnitOfMeasurePrice>0.0909</UnitOfMeasurePrice><AllowDiscount>1</AllowDiscount><ItemStatus>1</ItemStatus><ItemPrice>15.90</ItemPrice></item><item><PriceUpdateDate>2016-06-30 06:40:47</PriceUpdateDate><ItemCode>16000281684</ItemCode><ItemType>1</ItemType><ItemName>נייטשר וואלי קראנצ'י</ItemName><ManufacturerName>Nature Valley</ManufacturerName><ManufactureCountry>ארצות הברית</ManufactureCountry><ManufacturerItemDescription>חמצוצים קולה    ה 100גרם</ManufacturerItemDescription><SoldByWeight/><Quantity>210.00</Quantity><UnitOfMeasure>גרם     </UnitOfMeasure><QtyInPackage>לא ידוע</QtyInPackage><UnitOfMeasurePrice>0.0757</UnitOfMeasurePrice><AllowDiscount>1</AllowDiscount><ItemStatus>1</ItemStatus><ItemPrice>15.90</ItemPrice></item><item><PriceUpdateDate>2016-06-30 06:40:47</PriceUpdateDate><ItemCode>16000423534</ItemCode><ItemType>1</ItemType><ItemName>נייטשר וואלי קראנצ'י</ItemName><ManufacturerName>Nature Valley</ManufacturerName><ManufactureCountry>ארצות הברית</ManufactureCountry><ManufacturerItemDescription>רוטב ברביקיו    'ס 510 ג</ManufacturerItemDescription><SoldByWeight/><Quantity>175.00</Quantity><UnitOfMeasure>גרם     </UnitOfMeasure><QtyInPackage>לא ידוע</QtyInPackage><UnitOfMeasurePrice>0.0909</UnitOfMeasurePrice><AllowDiscount>1</AllowDiscount><ItemStatus>1</ItemStatus><ItemPrice>15.90</ItemPrice></item><item><PriceUpdateDate>2016-06-30 06:40:47</PriceUpdateDate><ItemCode>16000423541</ItemCode><ItemType>1</ItemType><ItemName>נייטשר וואלי צ'ואי ש</ItemName><ManufacturerName>Nature Valley</ManufacturerName><ManufactureCountry>ארצות הברית</ManufactureCountry><ManufacturerItemDescription>רוטב ברביקיו    ן 510גרם</ManufacturerItemDescription><SoldByWeight/><Quantity>175.00</Quantity><UnitOfMeasure>גרם     </UnitOfMeasure><QtyInPackage>לא ידוע</QtyInPackage><UnitOfMeasurePrice>0.0909</UnitOfMeasurePrice><AllowDiscount>1</AllowDiscount><ItemStatus>1</ItemStatus><ItemPrice>15.90</ItemPrice></item><item><PriceUpdateDate>2016-06-30 06:40:47</PriceUpdateDate><ItemCode>16000548404</ItemCode><ItemType>1</ItemType><ItemName>נייטשר וואלי קראנצ'י</ItemName><ManufacturerName>Nature Valley</ManufacturerName><ManufactureCountry>ספרד</ManufactureCountry><ManufacturerItemDescription>חמוציות במיץ רימונים 142</ManufacturerItemDescription><SoldByWeight/><Quantity>210.00</Quantity><UnitOfMeasure>גרם     </UnitOfMeasure><QtyInPackage>לא ידוע</QtyInPackage><UnitOfMeasurePrice>0.0757</UnitOfMeasurePrice><AllowDiscount>1</AllowDiscount><ItemStatus>1</ItemStatus><ItemPrice>15.90</ItemPrice></item><item><PriceUpdateDate>2016-06-30 06:40:47</PriceUpdateDate><ItemCode>16000548909</ItemCode><ItemType>1</ItemType><ItemName>נייטשר וואלי קראנצ'י</ItemName><ManufacturerName>Nature Valley</ManufacturerName><ManufactureCountry>ספרד</ManufactureCountry><ManufacturerItemDescription>חטיף פרינגלס    ינו169</ManufacturerItemDescription><SoldByWeight/><Quantity>210.00</Quantity><UnitOfMeasure>גרם     </UnitOfMeasure><QtyInPackage>לא ידוע</QtyInPackage><UnitOfMeasurePrice>0.0757</UnitOfMeasurePrice><AllowDiscount>1</AllowDiscount><ItemStatus>1</ItemStatus><ItemPrice>15.90</ItemPrice></item><item><PriceUpdateDate>2015-09-07 09:45:29</PriceUpdateDate><ItemCode>1601</ItemCode><ItemType>3</ItemType><ItemName>חזרת</ItemName><ManufacturerName>לא ידוע</ManufacturerName><ManufactureCountry>ישראל</ManufactureCountry><ManufacturerItemDescription>חזרת</ManufacturerItemDescription><SoldByWeight/><Quantity>1.00</Quantity><UnitOfMeasure>ק"ג</UnitOfMeasure><QtyInPackage>לא ידוע</QtyInPackage><UnitOfMeasurePrice>39.9000</UnitOfMeasurePrice><AllowDiscount>1</AllowDiscount><ItemStatus>1</ItemStatus><ItemPrice>39.90</ItemPrice></item><item><PriceUpdateDate>2016-08-11 10:16:31</PriceUpdateDate><ItemCode>1625</ItemCode><ItemType>3</ItemType><ItemName>כרובית</ItemName><ManufacturerName>B.B.B</ManufacturerName><ManufactureCountry>ישראל</ManufactureCountry><ManufacturerItemDescription>כרובית</ManufacturerItemDescription><SoldByWeight/><Quantity>1.00</Quantity><UnitOfMeasure>ק"ג</UnitOfMeasure><QtyInPackage>לא ידוע</QtyInPackage><UnitOfMeasurePrice>11.9000</UnitOfMeasurePrice><AllowDiscount>1</AllowDiscount><ItemStatus>1</ItemStatus><ItemPrice>11.90</ItemPrice></item><item><PriceUpdateDate>2016-01-14 10:29:49</PriceUpdateDate><ItemCode>1632</ItemCode><ItemType>3</ItemType><ItemName>כרוב לבן</ItemName><ManufacturerName>.N.Y.C</ManufacturerName><ManufactureCountry>ישראל</ManufactureCountry><ManufacturerItemDescription>כרוב לבן</ManufacturerItemDescription><SoldByWeight/><Quantity>1.00</Quantity><UnitOfMeasure>ק"ג</UnitOfMeasure><QtyInPackage>לא ידוע</QtyInPackage><UnitOfMeasurePrice>5.9000</UnitOfMeasurePrice><AllowDiscount>1</AllowDiscount><ItemStatus>1</ItemStatus><ItemPrice>5.90</ItemPrice></item><item><PriceUpdateDate>2016-07-12 14:04:34</PriceUpdateDate><ItemCode>1670</ItemCode><ItemType>3</ItemType><ItemName>לוף כרישה</ItemName><ManufacturerName>B.B.B</ManufacturerName><ManufactureCountry>ישראל</ManufactureCountry><ManufacturerItemDescription>לוף כרישה</ManufacturerItemDescription><SoldByWeight/><Quantity>1.00</Quantity><UnitOfMeasure>ק"ג</UnitOfMeasure><QtyInPackage>לא ידוע</QtyInPackage><UnitOfMeasurePrice>11.9000</UnitOfMeasurePrice><AllowDiscount>1</AllowDiscount><ItemStatus>1</ItemStatus><ItemPrice>11.90</ItemPrice></item><item><PriceUpdateDate>2016-05-31 06:54:04</PriceUpdateDate><ItemCode>16800204470</ItemCode><ItemType>1</ItemType><ItemName>פחם רויאל נדלק בקלות</ItemName><ManufacturerName>לא ממותג</ManufacturerName><ManufactureCountry>ישראל</ManufactureCountry><ManufacturerItemDescription>פחם רויאל נדלק בקלות</ManufacturerItemDescription><SoldByWeight/><Quantity>3000.00</Quantity><UnitOfMeasure>גרם     </UnitOfMeasure><QtyInPackage>לא ידוע</QtyInPackage><UnitOfMeasurePrice>0.0116</UnitOfMeasurePrice><AllowDiscount>1</AllowDiscount><ItemStatus>1</ItemStatus><ItemPrice>34.90</ItemPrice></item><item><PriceUpdateDate>2016-07-11 08:15:04</PriceUpdateDate><ItemCode>1694</ItemCode><ItemType>3</ItemType><ItemName>מלפפון מובחר</ItemName><ManufacturerName>B.B.B</ManufacturerName><ManufactureCountry>ישראל</ManufactureCountry><ManufacturerItemDescription>מלפפון מובחר</ManufacturerItemDescription><SoldByWeight/><Quantity>1.00</Quantity><UnitOfMeasure>ק"ג</UnitOfMeasure><QtyInPackage>לא ידוע</QtyInPackage><UnitOfMeasurePrice>6.9000</UnitOfMeasurePrice><AllowDiscount>1</AllowDiscount><ItemStatus>1</ItemStatus><ItemPrice>6.90</ItemPrice></item><item><PriceUpdateDate>2016-07-18 12:07:10</PriceUpdateDate><ItemCode>1724</ItemCode><ItemType>3</ItemType><ItemName>סלק אדום מובחר</ItemName><ManufacturerName>B.B.B</ManufacturerName><ManufactureCountry>ישראל</ManufactureCountry><ManufacturerItemDescription>סלק אדום מובחר</ManufacturerItemDescription><SoldByWeight/><Quantity>1.00</Quantity><UnitOfMeasure>ק"ג</UnitOfMeasure><QtyInPackage>לא ידוע</QtyInPackage><UnitOfMeasurePrice>7.9000</UnitOfMeasurePrice><AllowDiscount>1</AllowDiscount><ItemStatus>1</ItemStatus><ItemPrice>7.90</ItemPrice></item><item><PriceUpdateDate>2016-06-28 09:30:13</PriceUpdateDate><ItemCode>1786</ItemCode><ItemType>3</ItemType><ItemName>פלפל ירוק כהה</ItemName><ManufacturerName>B.B.B</ManufacturerName><ManufactureCountry>ישראל</ManufactureCountry><ManufacturerItemDescription>פלפל ירוק כהה</ManufacturerItemDescription><SoldByWeight/><Quantity>1.00</Quantity><UnitOfMeasure>ק"ג</UnitOfMeasure><QtyInPackage>לא ידוע</QtyInPackage><UnitOfMeasurePrice>8.9000</UnitOfMeasurePrice><AllowDiscount>1</AllowDiscount><ItemStatus>1</ItemStatus><ItemPrice>8.90</ItemPrice></item><item><PriceUpdateDate>2016-06-28 09:30:13</PriceUpdateDate><ItemCode>1793</ItemCode><ItemType>3</ItemType><ItemName>פלפל חריף</ItemName><ManufacturerName>B.B.B</ManufacturerName><ManufactureCountry>ישראל</ManufactureCountry><ManufacturerItemDescription>פלפל חריף</ManufacturerItemDescription><SoldByWeight/><Quantity>1.00</Quantity><UnitOfMeasure>ק"ג</UnitOfMeasure><QtyInPackage>לא ידוע</QtyInPackage><UnitOfMeasurePrice>8.9000</UnitOfMeasurePrice><AllowDiscount>1</AllowDiscount><ItemStatus>1</ItemStatus><ItemPrice>8.90</ItemPrice></item><item><PriceUpdateDate>2016-03-09 10:54:03</PriceUpdateDate><ItemCode>18000703517</ItemCode><ItemType>1</ItemType><ItemName>תערובת לעוגת שיש 500</ItemName><ManufacturerName>ליימן חטיבת המותגים</ManufacturerName><ManufactureCountry>ישראל</ManufactureCountry><ManufacturerItemDescription>תערובת לעוגת שיש 559 גר</ManufacturerItemDescription><SoldByWeight/><Quantity>550.00</Quantity><UnitOfMeasure>גרם     </UnitOfMeasure><QtyInPackage>לא ידוע</QtyInPackage><UnitOfMeasurePrice>0.0362</UnitOfMeasurePrice><AllowDiscount>1</AllowDiscount><ItemStatus>1</ItemStatus><ItemPrice>19.90</ItemPrice></item><item><PriceUpdateDate>2016-03-09 10:54:03</PriceUpdateDate><ItemCode>18000766413</ItemCode><ItemType>1</ItemType><ItemName>תערובת לבראוניס 550</ItemName><ManufacturerName>ליימן חטיבת המותגים</ManufacturerName><ManufactureCountry>ישראל</ManufactureCountry><ManufacturerItemDescription>תערובת לעוגת בראוניס 550</ManufacturerItemDescription><SoldByWeight/><Quantity>550.00</Quantity><UnitOfMeasure>גרם     </UnitOfMeasure><QtyInPackage>לא ידוע</QtyInPackage><UnitOfMeasurePrice>0.0362</UnitOfMeasurePrice><AllowDiscount>1</AllowDiscount><ItemStatus>1</ItemStatus><ItemPrice>19.90</ItemPrice></item><item><PriceUpdateDate>2016-07-22 09:18:55</PriceUpdateDate><ItemCode>1810</ItemCode><ItemType>3</ItemType><ItemName>פלפל אדום מוזל</ItemName><ManufacturerName>B.B.B</ManufacturerName><ManufactureCountry>ישראל</ManufactureCountry><ManufacturerItemDescription>פלפל אדום מוזל</ManufacturerItemDescription><SoldByWeight/><Quantity>1.00</Quantity><UnitOfMeasure>ק"ג</UnitOfMeasure><QtyInPackage>לא ידוע</QtyInPackage><UnitOfMeasurePrice>8.9000</UnitOfMeasurePrice><AllowDiscount>1</AllowDiscount><ItemStatus>1</ItemStatus><ItemPrice>8.90</ItemPrice></item><item><PriceUpdateDate>2016-08-03 11:58:27</PriceUpdateDate><ItemCode>1830</ItemCode><ItemType>3</ItemType><ItemName>קולורבי</ItemName><ManufacturerName>B.B.B</ManufacturerName><ManufactureCountry>ישראל</ManufactureCountry><ManufacturerItemDescription>קולורבי</ManufacturerItemDescription><SoldByWeight/><Quantity>1.00</Quantity><UnitOfMeasure>ק"ג</UnitOfMeasure><QtyInPackage>לא ידוע</QtyInPackage><UnitOfMeasurePrice>8.9000</UnitOfMeasurePrice><AllowDiscount>1</AllowDiscount><ItemStatus>1</ItemStatus><ItemPrice>8.90</ItemPrice></item><item><PriceUpdateDate>2016-08-11 10:16:31</PriceUpdateDate><ItemCode>1847</ItemCode><ItemType>3</ItemType><ItemName>קישואים לבנים</ItemName><ManufacturerName>B.B.B</ManufacturerName><ManufactureCountry>ישראל</ManufactureCountry><ManufacturerItemDescription>קישואים לבנים</ManufacturerItemDescription><SoldByWeight/><Quantity>1.00</Quantity><UnitOfMeasure>ק"ג</UnitOfMeasure><QtyInPackage>לא ידוע</QtyInPackage><UnitOfMeasurePrice>12.9000</UnitOfMeasurePrice><AllowDiscount>1</AllowDiscount><ItemStatus>1</ItemStatus><ItemPrice>12.90</ItemPrice></item><item><PriceUpdateDate>2016-05-24 08:24:07</PriceUpdateDate><ItemCode>1885</ItemCode><ItemType>3</ItemType><ItemName>תפוחי אדמה ירושלמי</ItemName><ManufacturerName>B.B.B</ManufacturerName><ManufactureCountry>ישראל</ManufactureCountry><ManufacturerItemDescription>תפוחי אדמה ירושלמי</ManufacturerItemDescription><SoldByWeight/><Quantity>1.00</Quantity><UnitOfMeasure>ק"ג</UnitOfMeasure><QtyInPackage>לא ידוע</QtyInPackage><UnitOfMeasurePrice>18.9000</UnitOfMeasurePrice><AllowDiscount>1</AllowDiscount><ItemStatus>1</ItemStatus><ItemPrice>18.90</ItemPrice></item><item><PriceUpdateDate>2016-06-22 13:25:49</PriceUpdateDate><ItemCode>1939</ItemCode><ItemType>3</ItemType><ItemName>תירס אמריקאי</ItemName><ManufacturerName>B.B.B</ManufacturerName><ManufactureCountry>ישראל</ManufactureCountry><ManufacturerItemDescription>תירס אמריקאי</ManufacturerItemDescription><SoldByWeight/><Quantity>1.00</Quantity><UnitOfMeasure>ק"ג</UnitOfMeasure><QtyInPackage>לא ידוע</QtyInPackage><UnitOfMeasurePrice>9.9000</UnitOfMeasurePrice><AllowDiscount>1</AllowDiscount><ItemStatus>1</ItemStatus><ItemPrice>9.90</ItemPrice></item><item><PriceUpdateDate>2015-08-04 10:37:23</PriceUpdateDate><ItemCode>2133986</ItemCode><ItemType>3</ItemType><ItemName>חמאת עיזים במשקל</ItemName><ManufacturerName>מחלבת השומרון</ManufacturerName><ManufactureCountry>לא ידוע</ManufactureCountry><ManufacturerItemDescription>חמאת עיזים במשקל</ManufacturerItemDescription><SoldByWeight/><Quantity>1.00</Quantity><UnitOfMeasure>ק"ג</UnitOfMeasure><QtyInPackage>לא ידוע</QtyInPackage><UnitOfMeasurePrice>69.0000</UnitOfMeasurePrice><AllowDiscount>1</AllowDiscount><ItemStatus>1</ItemStatus><ItemPrice>69.00</ItemPrice></item><item><PriceUpdateDate>2016-02-09 10:25:55</PriceUpdateDate><ItemCode>215</ItemCode><ItemType>3</ItemType><ItemName>בצל אדום</ItemName><ManufacturerName>B.B.B</ManufacturerName><ManufactureCountry>ישראל</ManufactureCountry><ManufacturerItemDescription>בצל אדום</ManufacturerItemDescription><SoldByWeight/><Quantity>1.00</Quantity><UnitOfMeasure>ק"ג</UnitOfMeasure><QtyInPackage>לא ידוע</QtyInPackage><UnitOfMeasurePrice>6.9000</UnitOfMeasurePrice><AllowDiscount>1</AllowDiscount><ItemStatus>1</ItemStatus><ItemPrice>6.90</ItemPrice></item><item><PriceUpdateDate>2016-05-01 08:12:56</PriceUpdateDate><ItemCode>2300885</ItemCode><ItemType>3</ItemType><ItemName>גבינה צ'דר אנגלי כתו</ItemName><ManufacturerName>נטו סחר</ManufacturerName><ManufactureCountry>לא ידוע</ManufactureCountry><ManufacturerItemDescription>גבינה צ'דר אנגלי כתו</ManufacturerItemDescription><SoldByWeight/><Quantity>1.00</Quantity><UnitOfMeasure>ק"ג</UnitOfMeasure><QtyInPackage>לא ידוע</QtyInPackage><UnitOfMeasurePrice>110.0000</UnitOfMeasurePrice><AllowDiscount>1</AllowDiscount><ItemStatus>1</ItemStatus><ItemPrice>110.00</ItemPrice></item><item><PriceUpdateDate>2016-03-29 07:02:50</PriceUpdateDate><ItemCode>2395408</ItemCode><ItemType>3</ItemType><ItemName>נעם גבינה צהובה 28%</ItemName><ManufacturerName>ג.נ'עם</ManufacturerName><ManufactureCountry>ישראל</ManufactureCountry><ManufacturerItemDescription>נעם גבינה צהובה 28%</ManufacturerItemDescription><SoldByWeight/><Quantity>1.00</Quantity><UnitOfMeasure>ק"ג</UnitOfMeasure><QtyInPackage>לא ידוע</QtyInPackage><UnitOfMeasurePrice>41.3000</UnitOfMeasurePrice><AllowDiscount>1</AllowDiscount><ItemStatus>1</ItemStatus><ItemPrice>41.30</ItemPrice></item><item><PriceUpdateDate>2016-03-29 07:02:51</PriceUpdateDate><ItemCode>2395409</ItemCode><ItemType>3</ItemType><ItemName>נעם גבינה צהובה 28%</ItemName><ManufacturerName>ג.נ'עם</ManufacturerName><ManufactureCountry>ישראל</ManufactureCountry><ManufacturerItemDescription>נעם גבינה צהובה 28%</ManufacturerItemDescription><SoldByWeight/><Quantity>1.00</Quantity><UnitOfMeasure>ק"ג</UnitOfMeasure><QtyInPackage>לא ידוע</QtyInPackage><UnitOfMeasurePrice>41.3000</UnitOfMeasurePrice><AllowDiscount>1</AllowDiscount><ItemStatus>1</ItemStatus><ItemPrice>41.30</ItemPrice></item><item><PriceUpdateDate>2015-11-18 13:57:46</PriceUpdateDate><ItemCode>2395415</ItemCode><ItemType>3</ItemType><ItemName>חריץ גבינה צהובה 9%</ItemName><ManufacturerName>ג.נ'עם</ManufacturerName><ManufactureCountry>ישראל</ManufactureCountry><ManufacturerItemDescription>חריץ גבינה צהובה 9%</ManufacturerItemDescription><SoldByWeight/><Quantity>1.00</Quantity><UnitOfMeasure>ק"ג</UnitOfMeasure><QtyInPackage>לא ידוע</QtyInPackage><UnitOfMeasurePrice>71.3000</UnitOfMeasurePrice><AllowDiscount>1</AllowDiscount><ItemStatus>1</ItemStatus><ItemPrice>71.30</ItemPrice></item><item><PriceUpdateDate>2015-11-18 13:57:46</PriceUpdateDate><ItemCode>2395416</ItemCode><ItemType>3</ItemType><ItemName>חריץ גבינה צהובה 9%</ItemName><ManufacturerName>ג.נ'עם</ManufacturerName><ManufactureCountry>ישראל</ManufactureCountry><ManufacturerItemDescription>חריץ גבינה צהובה 9%</ManufacturerItemDescription><SoldByWeight/><Quantity>1.00</Quantity><UnitOfMeasure>ק"ג</UnitOfMeasure><QtyInPackage>לא ידוע</QtyInPackage><UnitOfMeasurePrice>71.3000</UnitOfMeasurePrice><AllowDiscount>1</AllowDiscount><ItemStatus>1</ItemStatus><ItemPrice>71.30</ItemPrice></item><item><PriceUpdateDate>2016-07-18 12:07:15</PriceUpdateDate><ItemCode>24</ItemCode><ItemType>3</ItemType><ItemName>סברס</ItemName><ManufacturerName>7 אפ</ManufacturerName><ManufactureCountry>ישראל</ManufactureCountry><ManufacturerItemDescription>סברס</ManufacturerItemDescription><SoldByWeight/><Quantity>1.00</Quantity><UnitOfMeasure>ק"ג</UnitOfMeasure><QtyInPackage>לא ידוע</QtyInPackage><UnitOfMeasurePrice>14.9000</UnitOfMeasurePrice><AllowDiscount>1</AllowDiscount><ItemStatus>1</ItemStatus><ItemPrice>14.90</ItemPrice></item><item><PriceUpdateDate>2016-03-01 06:12:24</PriceUpdateDate><ItemCode>24000154617</ItemCode><ItemType>1</ItemType><ItemName>אננס שלם DEL MONTE ב</ItemName><ManufacturerName>לא ממותג</ManufacturerName><ManufactureCountry>ישראל</ManufactureCountry><ManufacturerItemDescription>אננס שלם בסירופ קל 825 גר</ManufacturerItemDescription><SoldByWeight/><Quantity>825.00</Quantity><UnitOfMeasure>גרם     </UnitOfMeasure><QtyInPackage>לא ידוע</QtyInPackage><UnitOfMeasurePrice>0.0155</UnitOfMeasurePrice><AllowDiscount>1</AllowDiscount><ItemStatus>1</ItemStatus><ItemPrice>12.80</ItemPrice></item><item><PriceUpdateDate>2016-05-03 09:05:48</PriceUpdateDate><ItemCode>2462</ItemCode><ItemType>3</ItemType><ItemName>תפוזים קטנים למיץ בר</ItemName><ManufacturerName>B.B.B</ManufacturerName><ManufactureCountry>ישראל</ManufactureCountry><ManufacturerItemDescription>תפוזים קטנים למיץ בר</ManufacturerItemDescription><SoldByWeight/><Quantity>1.00</Quantity><UnitOfMeasure>ק"ג</UnitOfMeasure><QtyInPackage>לא ידוע</QtyInPackage><UnitOfMeasurePrice>5.9000</UnitOfMeasurePrice><AllowDiscount>1</AllowDiscount><ItemStatus>1</ItemStatus><ItemPrice>5.90</ItemPrice></item><item><PriceUpdateDate>2016-05-03 09:05:48</PriceUpdateDate><ItemCode>2479</ItemCode><ItemType>3</ItemType><ItemName>אשכולית אדומה</ItemName><ManufacturerName>לא ידוע</ManufacturerName><ManufactureCountry>ישראל</ManufactureCountry><ManufacturerItemDescription>אשכולית אדומה</ManufacturerItemDescription><SoldByWeight/><Quantity>1.00</Quantity><UnitOfMeasure>ק"ג</UnitOfMeasure><QtyInPackage>לא ידוע</QtyInPackage><UnitOfMeasurePrice>5.9000</UnitOfMeasurePrice><AllowDiscount>1</AllowDiscount><ItemStatus>1</ItemStatus><ItemPrice>5.90</ItemPrice></item><item><PriceUpdateDate>2015-11-02 20:35:47</PriceUpdateDate><ItemCode>25675121256</ItemCode><ItemType>1</ItemType><ItemName>לקקן פירות 113 גרם פ</ItemName><ManufacturerName>חמצוצים</ManufacturerName><ManufactureCountry>ישראל</ManufactureCountry><ManufacturerItemDescription>לקקן פירות 113 גרם פ</ManufacturerItemDescription><SoldByWeight/><Quantity>113.00</Quantity><UnitOfMeasure>גרם     </UnitOfMeasure><QtyInPackage>לא ידוע</QtyInPackage><UnitOfMeasurePrice>0.0788</UnitOfMeasurePrice><AllowDiscount>1</AllowDiscount><ItemStatus>1</ItemStatus><ItemPrice>8.90</ItemPrice></item><item><PriceUpdateDate>2014-11-10 06:30:50</PriceUpdateDate><ItemCode>25675301184</ItemCode><ItemType>1</ItemType><ItemName>חמצוצים קולה 50 גרם</ItemName><ManufacturerName>חמצוצים</ManufacturerName><ManufactureCountry>ישראל</ManufactureCountry><ManufacturerItemDescription>מקלות חמוצים קולה50 גר</ManufacturerItemDescription><SoldByWeight/><Quantity>50.00</Quantity><UnitOfMeasure>גרם     </UnitOfMeasure><QtyInPackage>לא ידוע</QtyInPackage><UnitOfMeasurePrice>0.1000</UnitOfMeasurePrice><AllowDiscount>1</AllowDiscount><ItemStatus>1</ItemStatus><ItemPrice>5.00</ItemPrice></item><item><PriceUpdateDate>2016-08-02 07:38:25</PriceUpdateDate><ItemCode>29424000687</ItemCode><ItemType>1</ItemType><ItemName>מב גלילי ופל אגוז 10</ItemName><ManufacturerName>מנעמים</ManufacturerName><ManufactureCountry>ישראל</ManufactureCountry><ManufacturerItemDescription>מב גלילי ופל אגוז 10</ManufacturerItemDescription><SoldByWeight/><Quantity>100.00</Quantity><UnitOfMeasure>גרם     </UnitOfMeasure><QtyInPackage>לא ידוע</QtyInPackage><UnitOfMeasurePrice>0.0390</UnitOfMeasurePrice><AllowDiscount>1</AllowDiscount><ItemStatus>1</ItemStatus><ItemPrice>3.90</ItemPrice></item><item><PriceUpdateDate>2016-08-02 07:38:31</PriceUpdateDate><ItemCode>3014260023089</ItemCode><ItemType>1</ItemType><ItemName>מב מברשת שיניים קלאס</ItemName><ManufacturerName>אורל בי</ManufacturerName><ManufactureCountry>הודו</ManufactureCountry><ManufacturerItemDescription>מב מברשת שיניים קלאס</ManufacturerItemDescription><SoldByWeight/><Quantity>3.00</Quantity><UnitOfMeasure>יח'</UnitOfMeasure><QtyInPackage>לא ידוע</QtyInPackage><UnitOfMeasurePrice>4.3000</UnitOfMeasurePrice><AllowDiscount>1</AllowDiscount><ItemStatus>1</ItemStatus><ItemPrice>12.90</ItemPrice></item><item><PriceUpdateDate>2014-11-10 06:29:47</PriceUpdateDate><ItemCode>3014260214678</ItemCode><ItemType>1</ItemType><ItemName>קצף גילוח לעור רגיש</ItemName><ManufacturerName>גילט</ManufacturerName><ManufactureCountry>בריטניה</ManufactureCountry><ManufacturerItemDescription>סירייס קצף גילוח רגיש 250</ManufacturerItemDescription><SoldByWeight/><Quantity>200.00</Quantity><UnitOfMeasure>מ"ל</UnitOfMeasure><QtyInPackage>לא ידוע</QtyInPackage><UnitOfMeasurePrice>0.1120</UnitOfMeasurePrice><AllowDiscount>1</AllowDiscount><ItemStatus>1</ItemStatus><ItemPrice>22.40</ItemPrice></item><item><PriceUpdateDate>2016-06-28 09:30:31</PriceUpdateDate><ItemCode>3014260214692</ItemCode><ItemType>1</ItemType><ItemName>מב ג''ל גילוח סירייס</ItemName><ManufacturerName>גילט</ManufacturerName><ManufactureCountry>בריטניה</ManufactureCountry><ManufacturerItemDescription>סירייס גל גילוח רגיש 200</ManufacturerItemDescription><SoldByWeight/><Quantity>200.00</Quantity><UnitOfMeasure>מ"ל</UnitOfMeasure><QtyInPackage>לא ידוע</QtyInPackage><UnitOfMeasurePrice>0.0845</UnitOfMeasurePrice><AllowDiscount>1</AllowDiscount><ItemStatus>1</ItemStatus><ItemPrice>16.90</ItemPrice></item><item><PriceUpdateDate>2014-11-10 06:29:47</PriceUpdateDate><ItemCode>3014260228842</ItemCode><ItemType>1</ItemType><ItemName>ג''ילט קצף גילוח רגי</ItemName><ManufacturerName>גילט</ManufacturerName><ManufactureCountry>ישראל</ManufactureCountry><ManufacturerItemDescription>גילט קצף גילוח קלסיק רגיל</ManufacturerItemDescription><SoldByWeight/><Quantity>200.00</Quantity><UnitOfMeasure>מ"ל</UnitOfMeasure><QtyInPackage>לא ידוע</QtyInPackage><UnitOfMeasurePrice>0.0790</UnitOfMeasurePrice><AllowDiscount>1</AllowDiscount><ItemStatus>1</ItemStatus><ItemPrice>15.80</ItemPrice></item><item><PriceUpdateDate>2014-11-10 06:29:47</PriceUpdateDate><ItemCode>3014260240226</ItemCode><ItemType>1</ItemType><ItemName>ג''ילט קצף גילוח רגי</ItemName><ManufacturerName>גילט</ManufacturerName><ManufactureCountry>בריטניה</ManufactureCountry><ManufacturerItemDescription>גילט קצף גילוח קלסיק רגיש</ManufacturerItemDescription><SoldByWeight/><Quantity>200.00</Quantity><UnitOfMeasure>מ"ל</UnitOfMeasure><QtyInPackage>לא ידוע</QtyInPackage><UnitOfMeasurePrice>0.0790</UnitOfMeasurePrice><AllowDiscount>1</AllowDiscount><ItemStatus>1</ItemStatus><ItemPrice>15.80</ItemPrice></item><item><PriceUpdateDate>2014-12-30 12:06:55</PriceUpdateDate><ItemCode>3014260246693</ItemCode><ItemType>1</ItemType><ItemName>ונוס חד פעמי רביעייה</ItemName><ManufacturerName>גילט</ManufacturerName><ManufactureCountry>פולין</ManufactureCountry><ManufacturerItemDescription>ונוס חד פעמי רביעייה</ManufacturerItemDescription><SoldByWeight/><Quantity>4.00</Quantity><UnitOfMeasure>יח'</UnitOfMeasure><QtyInPackage>לא ידוע</QtyInPackage><UnitOfMeasurePrice>4.3250</UnitOfMeasurePrice><AllowDiscount>1</AllowDiscount><ItemStatus>1</ItemStatus><ItemPrice>17.30</ItemPrice></item><item><PriceUpdateDate>2014-11-10 06:29:48</PriceUpdateDate><ItemCode>3014260287030</ItemCode><ItemType>1</ItemType><ItemName>סכיני גילוח גי'לט בל</ItemName><ManufacturerName>גילט</ManufacturerName><ManufactureCountry>פולין</ManufactureCountry><ManufacturerItemDescription>סכיני גילוח גי'לט בל</ManufacturerItemDescription><SoldByWeight/><Quantity>1.00</Quantity><UnitOfMeasure>יח'</UnitOfMeasure><QtyInPackage>לא ידוע</QtyInPackage><UnitOfMeasurePrice>8.1000</UnitOfMeasurePrice><AllowDiscount>1</AllowDiscount><ItemStatus>1</ItemStatus><ItemPrice>8.10</ItemPrice></item><item><PriceUpdateDate>2016-05-17 10:31:37</PriceUpdateDate><ItemCode>3045140105502</ItemCode><ItemType>1</ItemType><ItemName>שוקולד מילקה חלב 100</ItemName><ManufacturerName>מילקה</ManufacturerName><ManufactureCountry>גרמניה</ManufactureCountry><ManufacturerItemDescription>ג'ל גילוח ניוואה.רגיש200</ManufacturerItemDescription><SoldByWeight/><Quantity>100.00</Quantity><UnitOfMeasure>גרם     </UnitOfMeasure><QtyInPackage>לא ידוע</QtyInPackage><UnitOfMeasurePrice>0.0890</UnitOfMeasurePrice><AllowDiscount>1</AllowDiscount><ItemStatus>1</ItemStatus><ItemPrice>8.90</ItemPrice></item><item><PriceUpdateDate>2016-06-28 09:28:26</PriceUpdateDate><ItemCode>3059943016507</ItemCode><ItemType>1</ItemType><ItemName>אירוויק ספריי מטהר א</ItemName><ManufacturerName>איירויק</ManufacturerName><ManufactureCountry>אנגליה</ManufactureCountry><ManufacturerItemDescription>אירוויק ספריי לבנדר וקמומ</ManufacturerItemDescription><SoldByWeight/><Quantity>250.00</Quantity><UnitOfMeasure>מ"ל</UnitOfMeasure><QtyInPackage>לא ידוע</QtyInPackage><UnitOfMeasurePrice>0.0636</UnitOfMeasurePrice><AllowDiscount>1</AllowDiscount><ItemStatus>1</ItemStatus><ItemPrice>15.90</ItemPrice></item><item><PriceUpdateDate>2014-11-10 06:29:24</PriceUpdateDate><ItemCode>3067140033852</ItemCode><ItemType>1</ItemType><ItemName>לרו תחליף קפה עולש ע</ItemName><ManufacturerName>לארו</ManufacturerName><ManufactureCountry>ישראל</ManufactureCountry><ManufacturerItemDescription>לרו תחליף קפה עולש ע</ManufacturerItemDescription><SoldByWeight/><Quantity>125.00</Quantity><UnitOfMeasure>גרם     </UnitOfMeasure><QtyInPackage>לא ידוע</QtyInPackage><UnitOfMeasurePrice>0.1992</UnitOfMeasurePrice><AllowDiscount>1</AllowDiscount><ItemStatus>1</ItemStatus><ItemPrice>24.90</ItemPrice></item><item><PriceUpdateDate>2016-06-06 12:23:24</PriceUpdateDate><ItemCode>31200002938</ItemCode><ItemType>1</ItemType><ItemName>חמוציות אושן ספריי 1</ItemName><ManufacturerName>לא ממותג</ManufacturerName><ManufactureCountry>ישראל</ManufactureCountry><ManufacturerItemDescription>חמוציות אושן ספריי 1</ManufacturerItemDescription><SoldByWeight/><Quantity>142.00</Quantity><UnitOfMeasure>גרם     </UnitOfMeasure><QtyInPackage>לא ידוע</QtyInPackage><UnitOfMeasurePrice>0.0979</UnitOfMeasurePrice><AllowDiscount>1</AllowDiscount><ItemStatus>1</ItemStatus><ItemPrice>13.90</ItemPrice></item><item><PriceUpdateDate>2016-03-01 06:12:29</PriceUpdateDate><ItemCode>3161911366429</ItemCode><ItemType>1</ItemType><ItemName>חמאה רכה מלוחה אלווי</ItemName><ManufacturerName>אלוויר</ManufacturerName><ManufactureCountry>ישראל</ManufactureCountry><ManufacturerItemDescription>חמאה רכה מלוחה250 גר</ManufacturerItemDescription><SoldByWeight/><Quantity>250.00</Quantity><UnitOfMeasure>גרם     </UnitOfMeasure><QtyInPackage>לא ידוע</QtyInPackage><UnitOfMeasurePrice>0.0852</UnitOfMeasurePrice><AllowDiscount>1</AllowDiscount><ItemStatus>1</ItemStatus><ItemPrice>21.30</ItemPrice></item><item><PriceUpdateDate>2015-11-18 13:57:54</PriceUpdateDate><ItemCode>32147230</ItemCode><ItemType>1</ItemType><ItemName>מיץ לימון 200 מ''ל</ItemName><ManufacturerName>סיצילייה</ManufacturerName><ManufactureCountry>ישראל</ManufactureCountry><ManufacturerItemDescription>מיץ לימון משומר 200 מ"ל</ManufacturerItemDescription><SoldByWeight/><Quantity>200.00</Quantity><UnitOfMeasure>מ"ל</UnitOfMeasure><QtyInPackage>לא ידוע</QtyInPackage><UnitOfMeasurePrice>0.0490</UnitOfMeasurePrice><AllowDiscount>1</AllowDiscount><ItemStatus>1</ItemStatus><ItemPrice>9.80</ItemPrice></item><item><PriceUpdateDate>2016-08-10 08:22:59</PriceUpdateDate><ItemCode>3228022910023</ItemCode><ItemType>1</ItemType><ItemName>חמאה צרפתית פרזידנט</ItemName><ManufacturerName>פרזידנט</ManufacturerName><ManufactureCountry>ישראל</ManufactureCountry><ManufacturerItemDescription>חמאה צרפתית פרזידנט</ManufacturerItemDescription><SoldByWeight/><Quantity>200.00</Quantity><UnitOfMeasure>גרם     </UnitOfMeasure><QtyInPackage>לא ידוע</QtyInPackage><UnitOfMeasurePrice>0.0845</UnitOfMeasurePrice><AllowDiscount>1</AllowDiscount><ItemStatus>1</ItemStatus><ItemPrice>16.90</ItemPrice></item><item><PriceUpdateDate>2015-07-08 09:59:38</PriceUpdateDate><ItemCode>325450033217</ItemCode><ItemType>1</ItemType><ItemName>גבינת ברי מרובע 220</ItemName><ManufacturerName>נטו סחר</ManufacturerName><ManufactureCountry>לא ידוע</ManufactureCountry><ManufacturerItemDescription>גבינת ברי מרובע 220</ManufacturerItemDescription><SoldByWeight/><Quantity>220.00</Quantity><UnitOfMeasure>גרם     </UnitOfMeasure><QtyInPackage>לא ידוע</QtyInPackage><UnitOfMeasurePrice>0.1268</UnitOfMeasurePrice><AllowDiscount>1</AllowDiscount><ItemStatus>1</ItemStatus><ItemPrice>27.90</ItemPrice></item><item><PriceUpdateDate>2016-03-25 11:44:43</PriceUpdateDate><ItemCode>3278310005207</ItemCode><ItemType>1</ItemType><ItemName>חמאה צרפתית אלין 250</ItemName><ManufacturerName>נטו סחר</ManufacturerName><ManufactureCountry>לא ידוע</ManufactureCountry><ManufacturerItemDescription>חמאה צרפתית אלין 250</ManufacturerItemDescription><SoldByWeight/><Quantity>250.00</Quantity><UnitOfMeasure>גרם     </UnitOfMeasure><QtyInPackage>לא ידוע</QtyInPackage><UnitOfMeasurePrice>0.0360</UnitOfMeasurePrice><AllowDiscount>1</AllowDiscount><ItemStatus>1</ItemStatus><ItemPrice>9.00</ItemPrice></item><item><PriceUpdateDate>2016-08-02 07:38:32</PriceUpdateDate><ItemCode>3387390320244</ItemCode><ItemType>1</ItemType><ItemName>מב דגני בוקר פיטנס ע</ItemName><ManufacturerName>פיטנס</ManufacturerName><ManufactureCountry>ישראל</ManufactureCountry><ManufacturerItemDescription>מב דגני בוקר פיטנס ע</ManufacturerItemDescription><SoldByWeight/><Quantity>375.00</Quantity><UnitOfMeasure>גרם     </UnitOfMeasure><QtyInPackage>לא ידוע</QtyInPackage><UnitOfMeasurePrice>0.0477</UnitOfMeasurePrice><AllowDiscount>1</AllowDiscount><ItemStatus>1</ItemStatus><ItemPrice>17.90</ItemPrice></item><item><PriceUpdateDate>2016-08-02 07:34:29</PriceUpdateDate><ItemCode>3387390525960</ItemCode><ItemType>1</ItemType><ItemName>מב דגני בוקר קראנץ'</ItemName><ManufacturerName>קראנץ</ManufacturerName><ManufactureCountry>ישראל</ManufactureCountry><ManufacturerItemDescription>מב דגני בוקר קראנץ'</ManufacturerItemDescription><SoldByWeight/><Quantity>500.00</Quantity><UnitOfMeasure>גרם     </UnitOfMeasure><QtyInPackage>לא ידוע</QtyInPackage><UnitOfMeasurePrice>0.0378</UnitOfMeasurePrice><AllowDiscount>1</AllowDiscount><ItemStatus>1</ItemStatus><ItemPrice>18.90</ItemPrice></item><item><PriceUpdateDate>2015-10-11 20:33:58</PriceUpdateDate><ItemCode>3544760002449</ItemCode><ItemType>1</ItemType><ItemName>מלח ים אטלנטי  500 ג</ItemName><ManufacturerName>לא ממותג</ManufacturerName><ManufactureCountry>לא ידוע</ManufactureCountry><ManufacturerItemDescription>מלח ים אטלנטי  500 ג</ManufacturerItemDescription><SoldByWeight/><Quantity>500.00</Quantity><UnitOfMeasure>גרם     </UnitOfMeasure><QtyInPackage>לא ידוע</QtyInPackage><UnitOfMeasurePrice>0.0358</UnitOfMeasurePrice><AllowDiscount>1</AllowDiscount><ItemStatus>1</ItemStatus><ItemPrice>17.90</ItemPrice></item><item><PriceUpdateDate>2016-03-01 06:12:30</PriceUpdateDate><ItemCode>3574660089547</ItemCode><ItemType>1</ItemType><ItemName>טמפוני ob נורמל 32 י</ItemName><ManufacturerName>או-בה</ManufacturerName><ManufactureCountry>גרמניה</ManufactureCountry><ManufacturerItemDescription>דאודורנט ניוואה ייט 150מ</ManufacturerItemDescription><SoldByWeight/><Quantity>0.00</Quantity><UnitOfMeasure>יח'</UnitOfMeasure><QtyInPackage>לא ידוע</QtyInPackage><UnitOfMeasurePrice>0.0000</UnitOfMeasurePrice><AllowDiscount>1</AllowDiscount><ItemStatus>1</ItemStatus><ItemPrice>36.60</ItemPrice></item><item><PriceUpdateDate>2014-11-10 06:29:24</PriceUpdateDate><ItemCode>3574660095203</ItemCode><ItemType>1</ItemType><ItemName>שטיפה אינטימית קרפרי</ItemName><ManufacturerName>לא ידוע</ManufacturerName><ManufactureCountry>איטליה</ManufactureCountry><ManufacturerItemDescription>דאודורנט ניוואה ויט 150מ</ManufacturerItemDescription><SoldByWeight/><Quantity>200.00</Quantity><UnitOfMeasure>מ"ל</UnitOfMeasure><QtyInPackage>לא ידוע</QtyInPackage><UnitOfMeasurePrice>0.0915</UnitOfMeasurePrice><AllowDiscount>1</AllowDiscount><ItemStatus>1</ItemStatus><ItemPrice>18.30</ItemPrice></item><item><PriceUpdateDate>2015-09-17 09:30:29</PriceUpdateDate><ItemCode>3574660108293</ItemCode><ItemType>1</ItemType><ItemName>ג'ל רחצה ושמפו ג'ונס</ItemName><ManufacturerName>ג'ונסון</ManufacturerName><ManufactureCountry>ישראל</ManufactureCountry><ManufacturerItemDescription>ג'ל רחצה ושמפו ג'ונס</ManufacturerItemDescription><SoldByWeight/><Quantity>500.00</Quantity><UnitOfMeasure>מ"ל</UnitOfMeasure><QtyInPackage>לא ידוע</QtyInPackage><UnitOfMeasurePrice>0.0358</UnitOfMeasurePrice><AllowDiscount>1</AllowDiscount><ItemStatus>1</ItemStatus><ItemPrice>17.90</ItemPrice></item><item><PriceUpdateDate>2016-03-01 06:12:30</PriceUpdateDate><ItemCode>3574660115154</ItemCode><ItemType>1</ItemType><ItemName>טמפוני ob פרוקומפורט</ItemName><ManufacturerName>או-בה</ManufacturerName><ManufactureCountry>יוון</ManufactureCountry><ManufacturerItemDescription>אובה סופר 32 יח</ManufacturerItemDescription><SoldByWeight/><Quantity>0.00</Quantity><UnitOfMeasure>יח'</UnitOfMeasure><QtyInPackage>לא ידוע</QtyInPackage><UnitOfMeasurePrice>0.0000</UnitOfMeasurePrice><AllowDiscount>1</AllowDiscount><ItemStatus>1</ItemStatus><ItemPrice>36.60</ItemPrice></item><item><PriceUpdateDate>2016-08-02 07:38:33</PriceUpdateDate><ItemCode>3574660322651</ItemCode><ItemType>1</ItemType><ItemName>מב מגן תחתון קרפרי ט</ItemName><ManufacturerName>קרפרי</ManufacturerName><ManufactureCountry>איטליה</ManufactureCountry><ManufacturerItemDescription>דאודורנט ניוואה בש לאישה</ManufacturerItemDescription><SoldByWeight/><Quantity>1.00</Quantity><UnitOfMeasure>יח'</UnitOfMeasure><QtyInPackage>לא ידוע</QtyInPackage><UnitOfMeasurePrice>17.9000</UnitOfMeasurePrice><AllowDiscount>1</AllowDiscount><ItemStatus>1</ItemStatus><ItemPrice>17.90</ItemPrice></item><item><PriceUpdateDate>2016-08-02 07:38:34</PriceUpdateDate><ItemCode>3574660322675</ItemCode><ItemType>1</ItemType><ItemName>מב מגן תחתון קרפרי ט</ItemName><ManufacturerName>קרפרי</ManufacturerName><ManufactureCountry>איטליה</ManufactureCountry><ManufacturerItemDescription>משקה לימון      ון400גרם</ManufacturerItemDescription><SoldByWeight/><Quantity>1.00</Quantity><UnitOfMeasure>יח'</UnitOfMeasure><QtyInPackage>לא ידוע</QtyInPackage><UnitOfMeasurePrice>17.9000</UnitOfMeasurePrice><AllowDiscount>1</AllowDiscount><ItemStatus>1</ItemStatus><ItemPrice>17.90</ItemPrice></item><item><PriceUpdateDate>2015-09-07 09:45:31</PriceUpdateDate><ItemCode>3574661141022</ItemCode><ItemType>1</ItemType><ItemName>וניה תחבושות הגייניו</ItemName><ManufacturerName>וניה</ManufacturerName><ManufactureCountry>לא ידוע</ManufactureCountry><ManufacturerItemDescription>וניה תחבושות הגייניו</ManufacturerItemDescription><SoldByWeight/><Quantity>12.00</Quantity><UnitOfMeasure>בודד</UnitOfMeasure><QtyInPackage>לא ידוע</QtyInPackage><UnitOfMeasurePrice>2.2417</UnitOfMeasurePrice><AllowDiscount>1</AllowDiscount><ItemStatus>1</ItemStatus><ItemPrice>26.90</ItemPrice></item><item><PriceUpdateDate>2016-06-28 09:28:29</PriceUpdateDate><ItemCode>3600523154784</ItemCode><ItemType>1</ItemType><ItemName>מב שמפו אלביב טוטאל</ItemName><ManufacturerName>אלביב</ManufacturerName><ManufactureCountry>ישראל</ManufactureCountry><ManufacturerItemDescription>שמפו אלביב וונדי פגום700</ManufacturerItemDescription><SoldByWeight/><Quantity>600.00</Quantity><UnitOfMeasure>מ"ל</UnitOfMeasure><QtyInPackage>לא ידוע</QtyInPackage><UnitOfMeasurePrice>0.0315</UnitOfMeasurePrice><AllowDiscount>1</AllowDiscount><ItemStatus>1</ItemStatus><ItemPrice>18.90</ItemPrice></item><item><PriceUpdateDate>2016-06-28 09:28:29</PriceUpdateDate><ItemCode>3600523154838</ItemCode><ItemType>1</ItemType><ItemName>מב שמפו אלביב קולור</ItemName><ManufacturerName>אלביב</ManufacturerName><ManufactureCountry>ישראל</ManufactureCountry><ManufacturerItemDescription>שמפו אלביב וונדי פגום700</ManufacturerItemDescription><SoldByWeight/><Quantity>600.00</Quantity><UnitOfMeasure>מ"ל</UnitOfMeasure><QtyInPackage>לא ידוע</QtyInPackage><UnitOfMeasurePrice>0.0315</UnitOfMeasurePrice><AllowDiscount>1</AllowDiscount><ItemStatus>1</ItemStatus><ItemPrice>18.90</ItemPrice></item><item><PriceUpdateDate>2016-05-31 06:54:24</PriceUpdateDate><ItemCode>3600541022065</ItemCode><ItemType>1</ItemType><ItemName>מב גרנייה קרם גוף אל</ItemName><ManufacturerName>גרנייה</ManufacturerName><ManufactureCountry>ישראל</ManufactureCountry><ManufacturerItemDescription>מב גרנייה קרם גוף אל</ManufacturerItemDescription><SoldByWeight/><Quantity>400.00</Quantity><UnitOfMeasure>מ"ל</UnitOfMeasure><QtyInPackage>לא ידוע</QtyInPackage><UnitOfMeasurePrice>0.0547</UnitOfMeasurePrice><AllowDiscount>1</AllowDiscount><ItemStatus>1</ItemStatus><ItemPrice>21.90</ItemPrice></item><item><PriceUpdateDate>2016-05-31 06:54:28</PriceUpdateDate><ItemCode>3600541126046</ItemCode><ItemType>1</ItemType><ItemName>גרנייה קרם ידיים אינ</ItemName><ManufacturerName>גרנייה</ManufacturerName><ManufactureCountry>ישראל</ManufactureCountry><ManufacturerItemDescription>גרנייה קרם ידיים אינ</ManufacturerItemDescription><SoldByWeight/><Quantity>100.00</Quantity><UnitOfMeasure>מ"ל</UnitOfMeasure><QtyInPackage>לא ידוע</QtyInPackage><UnitOfMeasurePrice>0.1390</UnitOfMeasurePrice><AllowDiscount>1</AllowDiscount><ItemStatus>1</ItemStatus><ItemPrice>13.90</ItemPrice></item><item><PriceUpdateDate>2016-06-28 09:28:30</PriceUpdateDate><ItemCode>3608580730231</ItemCode><ItemType>1</ItemType><ItemName>קונפיטורה בון ממן תו</ItemName><ManufacturerName>אנדרוס צרפת</ManufacturerName><ManufactureCountry>ישראל</ManufactureCountry><ManufacturerItemDescription>קונפיטורה בון ממן תו</ManufacturerItemDescription><SoldByWeight/><Quantity>370.00</Quantity><UnitOfMeasure>גרם     </UnitOfMeasure><QtyInPackage>לא ידוע</QtyInPackage><UnitOfMeasurePrice>0.0457</UnitOfMeasurePrice><AllowDiscount>1</AllowDiscount><ItemStatus>1</ItemStatus><ItemPrice>16.90</ItemPrice></item><item><PriceUpdateDate>2016-06-28 09:28:30</PriceUpdateDate><ItemCode>3661163991580</ItemCode><ItemType>1</ItemType><ItemName>מב דאו' ספריי אדידס</ItemName><ManufacturerName>אדידס</ManufacturerName><ManufactureCountry>ישראל</ManufactureCountry><ManufacturerItemDescription>מב דאו' ספריי אדידס</ManufacturerItemDescription><SoldByWeight/><Quantity>200.00</Quantity><UnitOfMeasure>מ"ל</UnitOfMeasure><QtyInPackage>לא ידוע</QtyInPackage><UnitOfMeasurePrice>0.0945</UnitOfMeasurePrice><AllowDiscount>1</AllowDiscount><ItemStatus>1</ItemStatus><ItemPrice>18.90</ItemPrice></item><item><PriceUpdateDate>2016-06-28 09:28:30</PriceUpdateDate><ItemCode>3661164003725</ItemCode><ItemType>1</ItemType><ItemName>מב דאו' ספריי אדידס</ItemName><ManufacturerName>אדידס</ManufacturerName><ManufactureCountry>ישראל</ManufactureCountry><ManufacturerItemDescription>מב דאו' ספריי אדידס</ManufacturerItemDescription><SoldByWeight/><Quantity>200.00</Quantity><UnitOfMeasure>מ"ל</UnitOfMeasure><QtyInPackage>לא ידוע</QtyInPackage><UnitOfMeasurePrice>0.0945</UnitOfMeasurePrice><AllowDiscount>1</AllowDiscount><ItemStatus>1</ItemStatus><ItemPrice>18.90</ItemPrice></item><item><PriceUpdateDate>2016-08-02 07:38:34</PriceUpdateDate><ItemCode>3800016701239</ItemCode><ItemType>1</ItemType><ItemName>מב פלפל סבא פפרוני 5</ItemName><ManufacturerName>לא ממותג</ManufacturerName><ManufactureCountry>ישראל</ManufactureCountry><ManufacturerItemDescription>מב פלפל סבא פפרוני 5</ManufacturerItemDescription><SoldByWeight/><Quantity>580.00</Quantity><UnitOfMeasure>גרם     </UnitOfMeasure><QtyInPackage>לא ידוע</QtyInPackage><UnitOfMeasurePrice>0.0136</UnitOfMeasurePrice><AllowDiscount>1</AllowDiscount><ItemStatus>1</ItemStatus><ItemPrice>7.90</ItemPrice></item><item><PriceUpdateDate>2016-08-02 07:34:32</PriceUpdateDate><ItemCode>3800016706029</ItemCode><ItemType>1</ItemType><ItemName>מב דובדבנים סבא ללא</ItemName><ManufacturerName>רוסמן לוגיסטיקה</ManufacturerName><ManufactureCountry>ישראל</ManufactureCountry><ManufacturerItemDescription>מב דובדבנים סבא ללא</ManufacturerItemDescription><SoldByWeight/><Quantity>720.00</Quantity><UnitOfMeasure>גרם     </UnitOfMeasure><QtyInPackage>לא ידוע</QtyInPackage><UnitOfMeasurePrice>0.0110</UnitOfMeasurePrice><AllowDiscount>1</AllowDiscount><ItemStatus>1</ItemStatus><ItemPrice>7.90</ItemPrice></item><item><PriceUpdateDate>2016-06-28 09:28:30</PriceUpdateDate><ItemCode>3800065781114</ItemCode><ItemType>1</ItemType><ItemName>עוגת וופל עם בוטנים</ItemName><ManufacturerName>לא ממותג</ManufacturerName><ManufactureCountry>ישראל</ManufactureCountry><ManufacturerItemDescription>עוגת וופל עם בוטנים</ManufacturerItemDescription><SoldByWeight/><Quantity>290.00</Quantity><UnitOfMeasure>גרם     </UnitOfMeasure><QtyInPackage>לא ידוע</QtyInPackage><UnitOfMeasurePrice>0.0386</UnitOfMeasurePrice><AllowDiscount>1</AllowDiscount><ItemStatus>1</ItemStatus><ItemPrice>11.20</ItemPrice></item><item><PriceUpdateDate>2016-05-01 08:19:04</PriceUpdateDate><ItemCode>38000844966</ItemCode><ItemType>1</ItemType><ItemName>חטיף פרינגלס אורגינל</ItemName><ManufacturerName>פרינגלס</ManufacturerName><ManufactureCountry>ארצות הברית</ManufactureCountry><ManufacturerItemDescription>פרינגלס אורגינל 161 גרם</ManufacturerItemDescription><SoldByWeight/><Quantity>161.00</Quantity><UnitOfMeasure>גרם     </UnitOfMeasure><QtyInPackage>לא ידוע</QtyInPackage><UnitOfMeasurePrice>0.0615</UnitOfMeasurePrice><AllowDiscount>1</AllowDiscount><ItemStatus>1</ItemStatus><ItemPrice>9.90</ItemPrice></item><item><PriceUpdateDate>2016-05-01 08:19:04</PriceUpdateDate><ItemCode>38000845017</ItemCode><ItemType>1</ItemType><ItemName>חטיף פרינגלס חלפינו</ItemName><ManufacturerName>פרינגלס</ManufacturerName><ManufactureCountry>ארצות הברית</ManufactureCountry><ManufacturerItemDescription>קרפרי מגן תחתון ן אלוורה</ManufacturerItemDescription><SoldByWeight/><Quantity>169.00</Quantity><UnitOfMeasure>גרם     </UnitOfMeasure><QtyInPackage>לא ידוע</QtyInPackage><UnitOfMeasurePrice>0.0586</UnitOfMeasurePrice><AllowDiscount>1</AllowDiscount><ItemStatus>1</ItemStatus><ItemPrice>9.90</ItemPrice></item><item><PriceUpdateDate>2016-05-01 08:19:04</PriceUpdateDate><ItemCode>38000845024</ItemCode><ItemType>1</ItemType><ItemName>חטיף פרינגלס פיצה 16</ItemName><ManufacturerName>פרינגלס</ManufacturerName><ManufactureCountry>ישראל</ManufactureCountry><ManufacturerItemDescription>חטיף פרינגלס פיצה 16</ManufacturerItemDescription><SoldByWeight/><Quantity>169.00</Quantity><UnitOfMeasure>גרם     </UnitOfMeasure><QtyInPackage>לא ידוע</QtyInPackage><UnitOfMeasurePrice>0.0586</UnitOfMeasurePrice><AllowDiscount>1</AllowDiscount><ItemStatus>1</ItemStatus><ItemPrice>9.90</ItemPrice></item><item><PriceUpdateDate>2016-08-02 07:38:35</PriceUpdateDate><ItemCode>3800123604072</ItemCode><ItemType>1</ItemType><ItemName>מב אסורטי סבא בחומץ</ItemName><ManufacturerName>לא ממותג</ManufacturerName><ManufactureCountry>ישראל</ManufactureCountry><ManufacturerItemDescription>מב אסורטי סבא בחומץ</ManufacturerItemDescription><SoldByWeight/><Quantity>580.00</Quantity><UnitOfMeasure>גרם     </UnitOfMeasure><QtyInPackage>לא ידוע</QtyInPackage><UnitOfMeasurePrice>0.0136</UnitOfMeasurePrice><AllowDiscount>1</AllowDiscount><ItemStatus>1</ItemStatus><ItemPrice>7.90</ItemPrice></item><item><PriceUpdateDate>2015-11-18 13:57:57</PriceUpdateDate><ItemCode>38527590001</ItemCode><ItemType>1</ItemType><ItemName>קוואקר אינסטנט פרופ</ItemName><ManufacturerName>קוואקר אואטס</ManufacturerName><ManufactureCountry>ארצות הברית</ManufactureCountry><ManufacturerItemDescription>אל סבון ג'ונסונסבייבי750</ManufacturerItemDescription><SoldByWeight/><Quantity>500.00</Quantity><UnitOfMeasure>גרם     </UnitOfMeasure><QtyInPackage>לא ידוע</QtyInPackage><UnitOfMeasurePrice>0.0526</UnitOfMeasurePrice><AllowDiscount>1</AllowDiscount><ItemStatus>1</ItemStatus><ItemPrice>26.30</ItemPrice></item><item><PriceUpdateDate>2016-05-24 08:24:07</PriceUpdateDate><ItemCode>400013</ItemCode><ItemType>3</ItemType><ItemName>תפוחי אדמה ירושלמי</ItemName><ManufacturerName>B.B.B</ManufacturerName><ManufactureCountry>ישראל</ManufactureCountry><ManufacturerItemDescription>תפוחי אדמה ירושלמי</ManufacturerItemDescription><SoldByWeight/><Quantity>1.00</Quantity><UnitOfMeasure>ק"ג</UnitOfMeasure><QtyInPackage>לא ידוע</QtyInPackage><UnitOfMeasurePrice>18.9000</UnitOfMeasurePrice><AllowDiscount>1</AllowDiscount><ItemStatus>1</ItemStatus><ItemPrice>18.90</ItemPrice></item><item><PriceUpdateDate>2014-11-10 06:30:10</PriceUpdateDate><ItemCode>40002035648</ItemCode><ItemType>1</ItemType><ItemName>פרסים רמה 4</ItemName><ManufacturerName>שמחה זה אנחנו</ManufacturerName><ManufactureCountry>ישראל</ManufactureCountry><ManufacturerItemDescription>פרסים רמה 4</ManufacturerItemDescription><SoldByWeight/><Quantity>0.00</Quantity><UnitOfMeasure>יח'</UnitOfMeasure><QtyInPackage>לא ידוע</QtyInPackage><UnitOfMeasurePrice>0.0000</UnitOfMeasurePrice><AllowDiscount>1</AllowDiscount><ItemStatus>1</ItemStatus><ItemPrice>11.60</ItemPrice></item><item><PriceUpdateDate>2015-10-29 09:22:02</PriceUpdateDate><ItemCode>4000417013002</ItemCode><ItemType>1</ItemType><ItemName>שוקולד ריטר לבן אגוז</ItemName><ManufacturerName>ריטר</ManufacturerName><ManufactureCountry>גרמניה</ManufactureCountry><ManufacturerItemDescription>סוכר.ממולאות    חלב325גר</ManufacturerItemDescription><SoldByWeight/><Quantity>100.00</Quantity><UnitOfMeasure>גרם     </UnitOfMeasure><QtyInPackage>לא ידוע</QtyInPackage><UnitOfMeasurePrice>0.0990</UnitOfMeasurePrice><AllowDiscount>1</AllowDiscount><ItemStatus>1</ItemStatus><ItemPrice>9.90</ItemPrice></item><item><PriceUpdateDate>2015-10-29 09:22:02</PriceUpdateDate><ItemCode>4000417019004</ItemCode><ItemType>1</ItemType><ItemName>שוקולד ריטר אגוזים 1</ItemName><ManufacturerName>ריטר</ManufacturerName><ManufactureCountry>גרמניה</ManufactureCountry><ManufacturerItemDescription>דאודורנט FA     200SP FA</ManufacturerItemDescription><SoldByWeight/><Quantity>100.00</Quantity><UnitOfMeasure>גרם     </UnitOfMeasure><QtyInPackage>לא ידוע</QtyInPackage><UnitOfMeasurePrice>0.0990</UnitOfMeasurePrice><AllowDiscount>1</AllowDiscount><ItemStatus>1</ItemStatus><ItemPrice>9.90</ItemPrice></item><item><PriceUpdateDate>2015-10-29 09:22:03</PriceUpdateDate><ItemCode>4000417026002</ItemCode><ItemType>1</ItemType><ItemName>שוקולד ריטר חלב נוגט</ItemName><ManufacturerName>ריטר</ManufacturerName><ManufactureCountry>גרמניה</ManufactureCountry><ManufacturerItemDescription>שוקולד ריטר ספורט נוגט פר</ManufacturerItemDescription><SoldByWeight/><Quantity>100.00</Quantity><UnitOfMeasure>גרם     </UnitOfMeasure><QtyInPackage>לא ידוע</QtyInPackage><UnitOfMeasurePrice>0.0990</UnitOfMeasurePrice><AllowDiscount>1</AllowDiscount><ItemStatus>1</ItemStatus><ItemPrice>9.90</ItemPrice></item><item><PriceUpdateDate>2016-06-28 09:28:31</PriceUpdateDate><ItemCode>4001518000298</ItemCode><ItemType>1</ItemType><ItemName>עוגיות שוקוצ'יפס קלא</ItemName><ManufacturerName>גריסון</ManufacturerName><ManufactureCountry>גרמניה</ManufactureCountry><ManufacturerItemDescription>מסכת גליס        גלוס150</ManufacturerItemDescription><SoldByWeight/><Quantity>150.00</Quantity><UnitOfMeasure>גרם     </UnitOfMeasure><QtyInPackage>לא ידוע</QtyInPackage><UnitOfMeasurePrice>0.0727</UnitOfMeasurePrice><AllowDiscount>1</AllowDiscount><ItemStatus>1</ItemStatus><ItemPrice>10.90</ItemPrice></item><item><PriceUpdateDate>2016-06-28 09:28:31</PriceUpdateDate><ItemCode>4001518107638</ItemCode><ItemType>1</ItemType><ItemName>עוגיות שוקוצ'יפס דאב</ItemName><ManufacturerName>גריסון</ManufacturerName><ManufactureCountry>ישראל</ManufactureCountry><ManufacturerItemDescription>עוגיות שוקוצ'יפס דאב</ManufacturerItemDescription><SoldByWeight/><Quantity>150.00</Quantity><UnitOfMeasure>גרם     </UnitOfMeasure><QtyInPackage>לא ידוע</QtyInPackage><UnitOfMeasurePrice>0.0727</UnitOfMeasurePrice><AllowDiscount>1</AllowDiscount><ItemStatus>1</ItemStatus><ItemPrice>10.90</ItemPrice></item><item><PriceUpdateDate>2016-06-28 09:28:31</PriceUpdateDate><ItemCode>4001518108642</ItemCode><ItemType>1</ItemType><ItemName>עוגיות בלק 5 סנדוויץ</ItemName><ManufacturerName>לא ממותג</ManufacturerName><ManufactureCountry>ישראל</ManufactureCountry><ManufacturerItemDescription>עוגיות בלק 5 סנדוויץ</ManufacturerItemDescription><SoldByWeight/><Quantity>180.00</Quantity><UnitOfMeasure>גרם     </UnitOfMeasure><QtyInPackage>לא ידוע</QtyInPackage><UnitOfMeasurePrice>0.0494</UnitOfMeasurePrice><AllowDiscount>1</AllowDiscount><ItemStatus>1</ItemStatus><ItemPrice>8.90</ItemPrice></item><item><PriceUpdateDate>2015-10-16 08:53:56</PriceUpdateDate><ItemCode>4001518752302</ItemCode><ItemType>1</ItemType><ItemName>עוגיות ביסקוויט שוקו</ItemName><ManufacturerName>גריסון</ManufacturerName><ManufactureCountry>ישראל</ManufactureCountry><ManufacturerItemDescription>עוגיות ביסקוויט שוקו</ManufacturerItemDescription><SoldByWeight/><Quantity>125.00</Quantity><UnitOfMeasure>גרם     </UnitOfMeasure><QtyInPackage>לא ידוע</QtyInPackage><UnitOfMeasurePrice>0.0712</UnitOfMeasurePrice><AllowDiscount>1</AllowDiscount><ItemStatus>1</ItemStatus><ItemPrice>8.90</ItemPrice></item><item><PriceUpdateDate>2016-06-28 09:28:31</PriceUpdateDate><ItemCode>4008400221021</ItemCode><ItemType>1</ItemType><ItemName>שוקולד קינדר מקסי 21</ItemName><ManufacturerName>קינדר</ManufacturerName><ManufactureCountry>ישראל</ManufactureCountry><ManufacturerItemDescription>שוקולד קינדר מקסי 21</ManufacturerItemDescription><SoldByWeight/><Quantity>210.00</Quantity><UnitOfMeasure>גרם     </UnitOfMeasure><QtyInPackage>לא ידוע</QtyInPackage><UnitOfMeasurePrice>0.0881</UnitOfMeasurePrice><AllowDiscount>1</AllowDiscount><ItemStatus>1</ItemStatus><ItemPrice>18.50</ItemPrice></item><item><PriceUpdateDate>2015-10-11 20:33:58</PriceUpdateDate><ItemCode>4009900013581</ItemCode><ItemType>1</ItemType><ItemName>מארז אורביט בטעם ספי</ItemName><ManufacturerName>אורביט</ManufacturerName><ManufactureCountry>ישראל</ManufactureCountry><ManufacturerItemDescription>מארז אורביט בטעם ספי</ManufacturerItemDescription><SoldByWeight/><Quantity>65.00</Quantity><UnitOfMeasure>גרם     </UnitOfMeasure><QtyInPackage>לא ידוע</QtyInPackage><UnitOfMeasurePrice>0.1554</UnitOfMeasurePrice><AllowDiscount>1</AllowDiscount><ItemStatus>1</ItemStatus><ItemPrice>10.10</ItemPrice></item><item><PriceUpdateDate>2015-10-11 20:33:58</PriceUpdateDate><ItemCode>4009900385824</ItemCode><ItemType>1</ItemType><ItemName>מארז אורביט בטעם פפר</ItemName><ManufacturerName>אורביט</ManufacturerName><ManufactureCountry>ישראל</ManufactureCountry><ManufacturerItemDescription>מארז אורביט בטעם פפר</ManufacturerItemDescription><SoldByWeight/><Quantity>65.00</Quantity><UnitOfMeasure>גרם     </UnitOfMeasure><QtyInPackage>לא ידוע</QtyInPackage><UnitOfMeasurePrice>0.1554</UnitOfMeasurePrice><AllowDiscount>1</AllowDiscount><ItemStatus>1</ItemStatus><ItemPrice>10.10</ItemPrice></item><item><PriceUpdateDate>2016-01-08 11:48:05</PriceUpdateDate><ItemCode>4009900402965</ItemCode><ItemType>1</ItemType><ItemName>מסטיק אורביט פירות ב</ItemName><ManufacturerName>אורביט</ManufacturerName><ManufactureCountry>פולין</ManufactureCountry><ManufacturerItemDescription>סכיני גילוח שיק לאישה5+2</ManufacturerItemDescription><SoldByWeight/><Quantity>64.00</Quantity><UnitOfMeasure>גרם     </UnitOfMeasure><QtyInPackage>לא ידוע</QtyInPackage><UnitOfMeasurePrice>0.1547</UnitOfMeasurePrice><AllowDiscount>1</AllowDiscount><ItemStatus>1</ItemStatus><ItemPrice>9.90</ItemPrice></item><item><PriceUpdateDate>2016-01-08 11:48:05</PriceUpdateDate><ItemCode>4009900403023</ItemCode><ItemType>1</ItemType><ItemName>מסטיק אורביט מנטה בק</ItemName><ManufacturerName>אורביט</ManufacturerName><ManufactureCountry>פולין</ManufactureCountry><ManufacturerItemDescription>סכיני גילוח נשיםום נשים</ManufacturerItemDescription><SoldByWeight/><Quantity>64.00</Quantity><UnitOfMeasure>גרם     </UnitOfMeasure><QtyInPackage>לא ידוע</QtyInPackage><UnitOfMeasurePrice>0.1547</UnitOfMeasurePrice><AllowDiscount>1</AllowDiscount><ItemStatus>1</ItemStatus><ItemPrice>9.90</ItemPrice></item><item><PriceUpdateDate>2016-08-10 08:22:59</PriceUpdateDate><ItemCode>4009900406918</ItemCode><ItemType>1</ItemType><ItemName>מסטיק הובה בובה טייפ</ItemName><ManufacturerName>הובה בובה</ManufacturerName><ManufactureCountry>ישראל</ManufactureCountry><ManufacturerItemDescription>מסטיק הובה בובה טייפ</ManufacturerItemDescription><SoldByWeight/><Quantity>56.00</Quantity><UnitOfMeasure>גרם     </UnitOfMeasure><QtyInPackage>לא ידוע</QtyInPackage><UnitOfMeasurePrice>0.1321</UnitOfMeasurePrice><AllowDiscount>1</AllowDiscount><ItemStatus>1</ItemStatus><ItemPrice>7.40</ItemPrice></item><item><PriceUpdateDate>2016-01-13 13:51:46</PriceUpdateDate><ItemCode>4009900455299</ItemCode><ItemType>1</ItemType><ItemName>סוכריות סקיטלס פירות</ItemName><ManufacturerName>לא ממותג</ManufacturerName><ManufactureCountry>ישראל</ManufactureCountry><ManufacturerItemDescription>סוכריות סקיטלס  ירות174ג</ManufacturerItemDescription><SoldByWeight/><Quantity>174.00</Quantity><UnitOfMeasure>גרם     </UnitOfMeasure><QtyInPackage>לא ידוע</QtyInPackage><UnitOfMeasurePrice>0.0546</UnitOfMeasurePrice><AllowDiscount>1</AllowDiscount><ItemStatus>1</ItemStatus><ItemPrice>9.50</ItemPrice></item><item><PriceUpdateDate>2016-01-13 13:51:46</PriceUpdateDate><ItemCode>4009900460187</ItemCode><ItemType>1</ItemType><ItemName>סוכריות סקיטלס פירות</ItemName><ManufacturerName>לא ממותג</ManufacturerName><ManufactureCountry>ישראל</ManufactureCountry><ManufacturerItemDescription>סוכריות סקיטלס  ירות38ג</ManufacturerItemDescription><SoldByWeight/><Quantity>38.00</Quantity><UnitOfMeasure>גרם     </UnitOfMeasure><QtyInPackage>לא ידוע</QtyInPackage><UnitOfMeasurePrice>0.0868</UnitOfMeasurePrice><AllowDiscount>1</AllowDiscount><ItemStatus>1</ItemStatus><ItemPrice>3.30</ItemPrice></item><item><PriceUpdateDate>2016-01-13 13:51:46</PriceUpdateDate><ItemCode>4009900463201</ItemCode><ItemType>1</ItemType><ItemName>סוכריות סקיטלס פירות</ItemName><ManufacturerName>לא ממותג</ManufacturerName><ManufactureCountry>ישראל</ManufactureCountry><ManufacturerItemDescription>סוכריות סקיטלס  ירות174ג</ManufacturerItemDescription><SoldByWeight/><Quantity>174.00</Quantity><UnitOfMeasure>גרם     </UnitOfMeasure><QtyInPackage>לא ידוע</QtyInPackage><UnitOfMeasurePrice>0.0546</UnitOfMeasurePrice><AllowDiscount>1</AllowDiscount><ItemStatus>1</ItemStatus><ItemPrice>9.50</ItemPrice></item><item><PriceUpdateDate>2016-01-13 13:51:46</PriceUpdateDate><ItemCode>4009900465304</ItemCode><ItemType>1</ItemType><ItemName>סוכריות סקיטלס פירות</ItemName><ManufacturerName>לא ממותג</ManufacturerName><ManufactureCountry>ישראל</ManufactureCountry><ManufacturerItemDescription>סוכריות סקיטלס  מוץ174גר</ManufacturerItemDescription><SoldByWeight/><Quantity>174.00</Quantity><UnitOfMeasure>גרם     </UnitOfMeasure><QtyInPackage>לא ידוע</QtyInPackage><UnitOfMeasurePrice>0.0546</UnitOfMeasurePrice><AllowDiscount>1</AllowDiscount><ItemStatus>1</ItemStatus><ItemPrice>9.50</ItemPrice></item><item><PriceUpdateDate>2016-01-08 11:48:05</PriceUpdateDate><ItemCode>4009900479998</ItemCode><ItemType>1</ItemType><ItemName>מסטיק אורביט אוכמניו</ItemName><ManufacturerName>אורביט</ManufacturerName><ManufactureCountry>פולין</ManufactureCountry><ManufacturerItemDescription>מארז חטיפי מרס  45* גר</ManufacturerItemDescription><SoldByWeight/><Quantity>64.00</Quantity><UnitOfMeasure>גרם     </UnitOfMeasure><QtyInPackage>לא ידוע</QtyInPackage><UnitOfMeasurePrice>0.1547</UnitOfMeasurePrice><AllowDiscount>1</AllowDiscount><ItemStatus>1</ItemStatus><ItemPrice>9.90</ItemPrice></item><item><PriceUpdateDate>2016-01-08 11:48:05</PriceUpdateDate><ItemCode>4009900482417</ItemCode><ItemType>1</ItemType><ItemName>מסטיק אורביט פירות מ</ItemName><ManufacturerName>אורביט</ManufacturerName><ManufactureCountry>פולין</ManufactureCountry><ManufacturerItemDescription>חטיפי סניקרס    ז 50*4גר</ManufacturerItemDescription><SoldByWeight/><Quantity>64.00</Quantity><UnitOfMeasure>גרם     </UnitOfMeasure><QtyInPackage>לא ידוע</QtyInPackage><UnitOfMeasurePrice>0.1547</UnitOfMeasurePrice><AllowDiscount>1</AllowDiscount><ItemStatus>1</ItemStatus><ItemPrice>9.90</ItemPrice></item><item><PriceUpdateDate>2016-06-06 12:23:24</PriceUpdateDate><ItemCode>4009900484091</ItemCode><ItemType>1</ItemType><ItemName>בקבוקון גדול אורביט</ItemName><ManufacturerName>אורביט</ManufacturerName><ManufactureCountry>ישראל</ManufactureCountry><ManufacturerItemDescription>בקבוקון גדול אורביט</ManufacturerItemDescription><SoldByWeight/><Quantity>84.00</Quantity><UnitOfMeasure>גרם     </UnitOfMeasure><QtyInPackage>לא ידוע</QtyInPackage><UnitOfMeasurePrice>0.1655</UnitOfMeasurePrice><AllowDiscount>1</AllowDiscount><ItemStatus>1</ItemStatus><ItemPrice>13.90</ItemPrice></item><item><PriceUpdateDate>2016-06-06 12:23:24</PriceUpdateDate><ItemCode>4009900484305</ItemCode><ItemType>1</ItemType><ItemName>בקבוקון גדול אורביט</ItemName><ManufacturerName>אורביט</ManufacturerName><ManufactureCountry>פולין</ManufactureCountry><ManufacturerItemDescription>חטיפי טוויקס    5 גרם</ManufacturerItemDescription><SoldByWeight/><Quantity>84.00</Quantity><UnitOfMeasure>גרם     </UnitOfMeasure><QtyInPackage>לא ידוע</QtyInPackage><UnitOfMeasurePrice>0.1655</UnitOfMeasurePrice><AllowDiscount>1</AllowDiscount><ItemStatus>1</ItemStatus><ItemPrice>13.90</ItemPrice></item><item><PriceUpdateDate>2015-10-11 20:33:58</PriceUpdateDate><ItemCode>4009900487283</ItemCode><ItemType>1</ItemType><ItemName>מארז אורביט בטעם פיר</ItemName><ManufacturerName>אורביט</ManufacturerName><ManufactureCountry>ישראל</ManufactureCountry><ManufacturerItemDescription>מארז אורביט בטעם פיר</ManufacturerItemDescription><SoldByWeight/><Quantity>65.00</Quantity><UnitOfMeasure>גרם     </UnitOfMeasure><QtyInPackage>לא ידוע</QtyInPackage><UnitOfMeasurePrice>0.1554</UnitOfMeasurePrice><AllowDiscount>1</AllowDiscount><ItemStatus>1</ItemStatus><ItemPrice>10.10</ItemPrice></item><item><PriceUpdateDate>2015-11-18 13:58:07</PriceUpdateDate><ItemCode>4009900488709</ItemCode><ItemType>1</ItemType><ItemName>מסטיק אורביט מיני וו</ItemName><ManufacturerName>אורביט</ManufacturerName><ManufactureCountry>פולין</ManufactureCountry><ManufacturerItemDescription>מיני סניקרס     ת 403 גר</ManufacturerItemDescription><SoldByWeight/><Quantity>42.00</Quantity><UnitOfMeasure>גרם     </UnitOfMeasure><QtyInPackage>לא ידוע</QtyInPackage><UnitOfMeasurePrice>0.1595</UnitOfMeasurePrice><AllowDiscount>1</AllowDiscount><ItemStatus>1</ItemStatus><ItemPrice>6.70</ItemPrice></item><item><PriceUpdateDate>2015-11-18 13:58:07</PriceUpdateDate><ItemCode>4009900488891</ItemCode><ItemType>1</ItemType><ItemName>מסטיק אורביט מיני וו</ItemName><ManufacturerName>אורביט</ManufacturerName><ManufactureCountry>פולין</ManufactureCountry><ManufacturerItemDescription>מיני טוויקס     ת 403גרם</ManufacturerItemDescription><SoldByWeight/><Quantity>42.00</Quantity><UnitOfMeasure>גרם     </UnitOfMeasure><QtyInPackage>לא ידוע</QtyInPackage><UnitOfMeasurePrice>0.1595</UnitOfMeasurePrice><AllowDiscount>1</AllowDiscount><ItemStatus>1</ItemStatus><ItemPrice>6.70</ItemPrice></item><item><PriceUpdateDate>2016-01-08 11:48:05</PriceUpdateDate><ItemCode>4009900504218</ItemCode><ItemType>1</ItemType><ItemName>מסטיק אורביט תפוז בק</ItemName><ManufacturerName>אורביט</ManufacturerName><ManufactureCountry>פולין</ManufactureCountry><ManufacturerItemDescription>סכיני גילוח נשיםום נשים</ManufacturerItemDescription><SoldByWeight/><Quantity>64.00</Quantity><UnitOfMeasure>גרם     </UnitOfMeasure><QtyInPackage>לא ידוע</QtyInPackage><UnitOfMeasurePrice>0.1547</UnitOfMeasurePrice><AllowDiscount>1</AllowDiscount><ItemStatus>1</ItemStatus><ItemPrice>9.90</ItemPrice></item><item><PriceUpdateDate>2016-08-02 07:34:36</PriceUpdateDate><ItemCode>4011100001220</ItemCode><ItemType>1</ItemType><ItemName>חטיף מרס מיני 403 גר</ItemName><ManufacturerName>מרס</ManufacturerName><ManufactureCountry>ישראל</ManufactureCountry><ManufacturerItemDescription>מיני מרס        40 גרם</ManufacturerItemDescription><SoldByWeight/><Quantity>403.00</Quantity><UnitOfMeasure>גרם     </UnitOfMeasure><QtyInPackage>לא ידוע</QtyInPackage><UnitOfMeasurePrice>0.0643</UnitOfMeasurePrice><AllowDiscount>1</AllowDiscount><ItemStatus>1</ItemStatus><ItemPrice>25.90</ItemPrice></item><item><PriceUpdateDate>2016-06-30 06:40:53</PriceUpdateDate><ItemCode>4011800251253</ItemCode><ItemType>1</ItemType><ItemName>קונפיטורה הרו פטל 34</ItemName><ManufacturerName>הרו</ManufacturerName><ManufactureCountry>גרמניה</ManufactureCountry><ManufacturerItemDescription>קיווי ספוג הברקה שחור</ManufacturerItemDescription><SoldByWeight/><Quantity>340.00</Quantity><UnitOfMeasure>גרם     </UnitOfMeasure><QtyInPackage>לא ידוע</QtyInPackage><UnitOfMeasurePrice>0.0621</UnitOfMeasurePrice><AllowDiscount>1</AllowDiscount><ItemStatus>1</ItemStatus><ItemPrice>21.10</ItemPrice></item><item><PriceUpdateDate>2016-05-10 10:33:05</PriceUpdateDate><ItemCode>4011800628512</ItemCode><ItemType>1</ItemType><ItemName>מב קורני חטיף גרנולה</ItemName><ManufacturerName>קורני</ManufacturerName><ManufactureCountry>גרמניה</ManufactureCountry><ManufacturerItemDescription>פלדג' לרהיטים5ב2501מ</ManufacturerItemDescription><SoldByWeight/><Quantity>150.00</Quantity><UnitOfMeasure>גרם     </UnitOfMeasure><QtyInPackage>לא ידוע</QtyInPackage><UnitOfMeasurePrice>0.0793</UnitOfMeasurePrice><AllowDiscount>0</AllowDiscount><ItemStatus>1</ItemStatus><ItemPrice>11.90</ItemPrice></item><item><PriceUpdateDate>2016-05-10 10:33:05</PriceUpdateDate><ItemCode>4011800629519</ItemCode><ItemType>1</ItemType><ItemName>מב חטיף קורני עם אגו</ItemName><ManufacturerName>קורני</ManufacturerName><ManufactureCountry>ישראל</ManufactureCountry><ManufacturerItemDescription>מב חטיף קורני עם אגו</ManufacturerItemDescription><SoldByWeight/><Quantity>150.00</Quantity><UnitOfMeasure>גרם     </UnitOfMeasure><QtyInPackage>לא ידוע</QtyInPackage><UnitOfMeasurePrice>0.0793</UnitOfMeasurePrice><AllowDiscount>0</AllowDiscount><ItemStatus>1</ItemStatus><ItemPrice>11.90</ItemPrice></item><item><PriceUpdateDate>2016-05-10 10:33:05</PriceUpdateDate><ItemCode>4011800630515</ItemCode><ItemType>1</ItemType><ItemName>מב חטיף קורני עם שוק</ItemName><ManufacturerName>קורני</ManufacturerName><ManufactureCountry>גרמניה</ManufactureCountry><ManufacturerItemDescription>סוללות דורסל     12 יח'</ManufacturerItemDescription><SoldByWeight/><Quantity>150.00</Quantity><UnitOfMeasure>גרם     </UnitOfMeasure><QtyInPackage>לא ידוע</QtyInPackage><UnitOfMeasurePrice>0.0793</UnitOfMeasurePrice><AllowDiscount>0</AllowDiscount><ItemStatus>1</ItemStatus><ItemPrice>11.90</ItemPrice></item><item><PriceUpdateDate>2016-05-10 10:33:05</PriceUpdateDate><ItemCode>4011800633516</ItemCode><ItemType>1</ItemType><ItemName>מב חטיף קורני שוקולד</ItemName><ManufacturerName>קורני</ManufacturerName><ManufactureCountry>גרמניה</ManufactureCountry><ManufacturerItemDescription>דאק ג'ל נוזלי   רוק55מל</ManufacturerItemDescription><SoldByWeight/><Quantity>138.00</Quantity><UnitOfMeasure>גרם     </UnitOfMeasure><QtyInPackage>לא ידוע</QtyInPackage><UnitOfMeasurePrice>0.0862</UnitOfMeasurePrice><AllowDiscount>1</AllowDiscount><ItemStatus>1</ItemStatus><ItemPrice>11.90</ItemPrice></item><item><PriceUpdateDate>2016-05-01 08:13:04</PriceUpdateDate><ItemCode>4014400400007</ItemCode><ItemType>1</ItemType><ItemName>טופיפי 125 גרם</ItemName><ManufacturerName>טופיפי</ManufacturerName><ManufactureCountry>גרמניה</ManufactureCountry><ManufacturerItemDescription>זוג הרפיק מוצק   גרם</ManufacturerItemDescription><SoldByWeight/><Quantity>125.00</Quantity><UnitOfMeasure>גרם     </UnitOfMeasure><QtyInPackage>לא ידוע</QtyInPackage><UnitOfMeasurePrice>0.1192</UnitOfMeasurePrice><AllowDiscount>0</AllowDiscount><ItemStatus>1</ItemStatus><ItemPrice>14.90</ItemPrice></item><item><PriceUpdateDate>2016-07-05 13:21:53</PriceUpdateDate><ItemCode>4014400900217</ItemCode><ItemType>1</ItemType><ItemName>בונבוניירה מרסי 400</ItemName><ManufacturerName>מרסי</ManufacturerName><ManufactureCountry>גרמניה</ManufactureCountry><ManufacturerItemDescription>מבשם בדים לבנדר 345מ"ל</ManufacturerItemDescription><SoldByWeight/><Quantity>400.00</Quantity><UnitOfMeasure>גרם     </UnitOfMeasure><QtyInPackage>לא ידוע</QtyInPackage><UnitOfMeasurePrice>0.1497</UnitOfMeasurePrice><AllowDiscount>1</AllowDiscount><ItemStatus>1</ItemStatus><ItemPrice>59.90</ItemPrice></item><item><PriceUpdateDate>2016-05-01 08:13:04</PriceUpdateDate><ItemCode>4014400901191</ItemCode><ItemType>1</ItemType><ItemName>בונבונירה מרסי אוריג</ItemName><ManufacturerName>מרסי</ManufacturerName><ManufactureCountry>גרמניה</ManufactureCountry><ManufacturerItemDescription>טמפוני קוטקס    מיני</ManufacturerItemDescription><SoldByWeight/><Quantity>250.00</Quantity><UnitOfMeasure>גרם     </UnitOfMeasure><QtyInPackage>לא ידוע</QtyInPackage><UnitOfMeasurePrice>0.1196</UnitOfMeasurePrice><AllowDiscount>1</AllowDiscount><ItemStatus>1</ItemStatus><ItemPrice>29.90</ItemPrice></item><item><PriceUpdateDate>2015-11-17 14:08:22</PriceUpdateDate><ItemCode>4014400907902</ItemCode><ItemType>1</ItemType><ItemName>סוכריות וורטר לל"ס ב</ItemName><ManufacturerName>וורטרס אורגינל-שטורק</ManufacturerName><ManufactureCountry>ישראל</ManufactureCountry><ManufacturerItemDescription>סוכריות וורטר לל"ס ב</ManufacturerItemDescription><SoldByWeight/><Quantity>42.00</Quantity><UnitOfMeasure>גרם     </UnitOfMeasure><QtyInPackage>לא ידוע</QtyInPackage><UnitOfMeasurePrice>0.1810</UnitOfMeasurePrice><AllowDiscount>1</AllowDiscount><ItemStatus>1</ItemStatus><ItemPrice>7.60</ItemPrice></item><item><PriceUpdateDate>2016-08-10 08:22:59</PriceUpdateDate><ItemCode>4014400914696</ItemCode><ItemType>1</ItemType><ItemName>סוכריות וורטר'ס אורי</ItemName><ManufacturerName>וורטרס אורגינל-שטורק</ManufacturerName><ManufactureCountry>גרמניה</ManufactureCountry><ManufacturerItemDescription>גליליות וופל    ז/קקא150</ManufacturerItemDescription><SoldByWeight/><Quantity>80.00</Quantity><UnitOfMeasure>גרם     </UnitOfMeasure><QtyInPackage>לא ידוע</QtyInPackage><UnitOfMeasurePrice>0.1488</UnitOfMeasurePrice><AllowDiscount>1</AllowDiscount><ItemStatus>1</ItemStatus><ItemPrice>11.90</ItemPrice></item><item><PriceUpdateDate>2016-02-08 10:37:29</PriceUpdateDate><ItemCode>4015000031394</ItemCode><ItemType>1</ItemType><ItemName>משחה להסרת כתמים ספט</ItemName><ManufacturerName>לא ידוע</ManufacturerName><ManufactureCountry>הונגריה</ManufactureCountry><ManufacturerItemDescription>וולהפלקס ספריי  ק 250מ"ל</ManufacturerItemDescription><SoldByWeight/><Quantity>200.00</Quantity><UnitOfMeasure>מ"ל</UnitOfMeasure><QtyInPackage>לא ידוע</QtyInPackage><UnitOfMeasurePrice>0.0845</UnitOfMeasurePrice><AllowDiscount>1</AllowDiscount><ItemStatus>1</ItemStatus><ItemPrice>16.90</ItemPrice></item><item><PriceUpdateDate>2014-11-10 06:30:11</PriceUpdateDate><ItemCode>4015000941570</ItemCode><ItemType>1</ItemType><ItemName>דאו' רול און רייט גא</ItemName><ManufacturerName>רייט גארד</ManufacturerName><ManufactureCountry>ישראל</ManufactureCountry><ManufacturerItemDescription>דאו' רול און רייט גא</ManufacturerItemDescription><SoldByWeight/><Quantity>50.00</Quantity><UnitOfMeasure>מ"ל</UnitOfMeasure><QtyInPackage>לא ידוע</QtyInPackage><UnitOfMeasurePrice>0.3840</UnitOfMeasurePrice><AllowDiscount>1</AllowDiscount><ItemStatus>1</ItemStatus><ItemPrice>19.20</ItemPrice></item><item><PriceUpdateDate>2016-02-15 12:45:13</PriceUpdateDate><ItemCode>4015400057369</ItemCode><ItemType>1</ItemType><ItemName>אולוויז עבה לילה 12</ItemName><ManufacturerName>פרוקטר אנד גמבל</ManufacturerName><ManufactureCountry>גרמניה</ManufactureCountry><ManufacturerItemDescription>חטיפי פיטנס 6 יחק.תפוז6י</ManufacturerItemDescription><SoldByWeight/><Quantity>12.00</Quantity><UnitOfMeasure>בודד</UnitOfMeasure><QtyInPackage>לא ידוע</QtyInPackage><UnitOfMeasurePrice>1.6583</UnitOfMeasurePrice><AllowDiscount>1</AllowDiscount><ItemStatus>1</ItemStatus><ItemPrice>19.90</ItemPrice></item><item><PriceUpdateDate>2016-02-15 12:45:14</PriceUpdateDate><ItemCode>4015400428688</ItemCode><ItemType>1</ItemType><ItemName>תחבושות אולוויז עבה</ItemName><ManufacturerName>פרוקטר אנד גמבל</ManufacturerName><ManufactureCountry>ישראל</ManufactureCountry><ManufacturerItemDescription>תחבושות אולוויז עבה</ManufacturerItemDescription><SoldByWeight/><Quantity>16.00</Quantity><UnitOfMeasure>בודד</UnitOfMeasure><QtyInPackage>לא ידוע</QtyInPackage><UnitOfMeasurePrice>1.2437</UnitOfMeasurePrice><AllowDiscount>1</AllowDiscount><ItemStatus>1</ItemStatus><ItemPrice>19.90</ItemPrice></item><item><PriceUpdateDate>2016-05-31 06:54:40</PriceUpdateDate><ItemCode>4015400556916</ItemCode><ItemType>1</ItemType><ItemName>מגן תחתון אולוויז מג</ItemName><ManufacturerName>אולוויז</ManufacturerName><ManufactureCountry>גרמניה</ManufactureCountry><ManufacturerItemDescription>פריסקיז פאוץ'    85גר</ManufacturerItemDescription><SoldByWeight/><Quantity>80.00</Quantity><UnitOfMeasure>בודד</UnitOfMeasure><QtyInPackage>לא ידוע</QtyInPackage><UnitOfMeasurePrice>0.2737</UnitOfMeasurePrice><AllowDiscount>1</AllowDiscount><ItemStatus>1</ItemStatus><ItemPrice>21.90</ItemPrice></item><item><PriceUpdateDate>2016-03-17 09:36:44</PriceUpdateDate><ItemCode>4015400562849</ItemCode><ItemType>1</ItemType><ItemName>מגן תחתון אולוויז פל</ItemName><ManufacturerName>פרוקטר אנד גמבל</ManufacturerName><ManufactureCountry>ישראל</ManufactureCountry><ManufacturerItemDescription>מגן תחתון אולוויז פל</ManufacturerItemDescription><SoldByWeight/><Quantity>60.00</Quantity><UnitOfMeasure>בודד</UnitOfMeasure><QtyInPackage>לא ידוע</QtyInPackage><UnitOfMeasurePrice>0.3317</UnitOfMeasurePrice><AllowDiscount>1</AllowDiscount><ItemStatus>1</ItemStatus><ItemPrice>19.90</ItemPrice></item><item><PriceUpdateDate>2016-05-31 06:54:40</PriceUpdateDate><ItemCode>4015400564034</ItemCode><ItemType>1</ItemType><ItemName>מגן תחתון אולוויז מג</ItemName><ManufacturerName>אולוויז</ManufacturerName><ManufactureCountry>ישראל</ManufactureCountry><ManufacturerItemDescription>מגן תחתון אולוויז מג</ManufacturerItemDescription><SoldByWeight/><Quantity>58.00</Quantity><UnitOfMeasure>בודד</UnitOfMeasure><QtyInPackage>לא ידוע</QtyInPackage><UnitOfMeasurePrice>0.3776</UnitOfMeasurePrice><AllowDiscount>1</AllowDiscount><ItemStatus>1</ItemStatus><ItemPrice>21.90</ItemPrice></item><item><PriceUpdateDate>2016-05-31 06:54:40</PriceUpdateDate><ItemCode>4015400564454</ItemCode><ItemType>1</ItemType><ItemName>מגן תחתון אולוויז מג</ItemName><ManufacturerName>אולוויז</ManufacturerName><ManufactureCountry>ישראל</ManufactureCountry><ManufacturerItemDescription>מגן תחתון אולוויז מג</ManufacturerItemDescription><SoldByWeight/><Quantity>68.00</Quantity><UnitOfMeasure>בודד</UnitOfMeasure><QtyInPackage>לא ידוע</QtyInPackage><UnitOfMeasurePrice>0.3221</UnitOfMeasurePrice><AllowDiscount>1</AllowDiscount><ItemStatus>1</ItemStatus><ItemPrice>21.90</ItemPrice></item><item><PriceUpdateDate>2016-05-31 06:54:40</PriceUpdateDate><ItemCode>4015400565383</ItemCode><ItemType>1</ItemType><ItemName>מגן תחתון אולוויז מג</ItemName><ManufacturerName>אולוויז</ManufacturerName><ManufactureCountry>ישראל</ManufactureCountry><ManufacturerItemDescription>מגן תחתון אולוויז מג</ManufacturerItemDescription><SoldByWeight/><Quantity>78.00</Quantity><UnitOfMeasure>בודד</UnitOfMeasure><QtyInPackage>לא ידוע</QtyInPackage><UnitOfMeasurePrice>0.2808</UnitOfMeasurePrice><AllowDiscount>1</AllowDiscount><ItemStatus>1</ItemStatus><ItemPrice>21.90</ItemPrice></item><item><PriceUpdateDate>2016-02-01 20:47:39</PriceUpdateDate><ItemCode>4015400681670</ItemCode><ItemType>1</ItemType><ItemName>תחבושות אולוויז לילה</ItemName><ManufacturerName>פרוקטר&amp;גמבל</ManufacturerName><ManufactureCountry>ישראל</ManufactureCountry><ManufacturerItemDescription>תחבושות אולוויז לילה</ManufacturerItemDescription><SoldByWeight/><Quantity>18.00</Quantity><UnitOfMeasure>יח'</UnitOfMeasure><QtyInPackage>לא ידוע</QtyInPackage><UnitOfMeasurePrice>1.2167</UnitOfMeasurePrice><AllowDiscount>1</AllowDiscount><ItemStatus>1</ItemStatus><ItemPrice>21.90</ItemPrice></item><item><PriceUpdateDate>2016-02-01 20:47:40</PriceUpdateDate><ItemCode>4015400700111</ItemCode><ItemType>1</ItemType><ItemName>תחבושות אולוויז דואו</ItemName><ManufacturerName>פרוקטר&amp;גמבל</ManufacturerName><ManufactureCountry>גרמניה</ManufactureCountry><ManufacturerItemDescription>אולוויז דואו לונג 24 +יח</ManufacturerItemDescription><SoldByWeight/><Quantity>24.00</Quantity><UnitOfMeasure>בודד</UnitOfMeasure><QtyInPackage>לא ידוע</QtyInPackage><UnitOfMeasurePrice>0.9125</UnitOfMeasurePrice><AllowDiscount>1</AllowDiscount><ItemStatus>1</ItemStatus><ItemPrice>21.90</ItemPrice></item><item><PriceUpdateDate>2016-02-01 20:47:40</PriceUpdateDate><ItemCode>4015400700272</ItemCode><ItemType>1</ItemType><ItemName>תחבושות אולוויז דואו</ItemName><ManufacturerName>פרוקטר&amp;גמבל</ManufacturerName><ManufactureCountry>גרמניה</ManufactureCountry><ManufacturerItemDescription>אולוויז דואו לילה 20 יח</ManufacturerItemDescription><SoldByWeight/><Quantity>20.00</Quantity><UnitOfMeasure>בודד</UnitOfMeasure><QtyInPackage>לא ידוע</QtyInPackage><UnitOfMeasurePrice>1.0950</UnitOfMeasurePrice><AllowDiscount>1</AllowDiscount><ItemStatus>1</ItemStatus><ItemPrice>21.90</ItemPrice></item><item><PriceUpdateDate>2016-01-10 12:59:48</PriceUpdateDate><ItemCode>4015400745181</ItemCode><ItemType>1</ItemType><ItemName>פמפרס מכנסונים שלב 6</ItemName><ManufacturerName>פרוקטר אנד גמבל</ManufacturerName><ManufactureCountry>ישראל</ManufactureCountry><ManufacturerItemDescription>תחתוני גמילה פול אפס לילה</ManufacturerItemDescription><SoldByWeight/><Quantity>32.00</Quantity><UnitOfMeasure>יח'</UnitOfMeasure><QtyInPackage>לא ידוע</QtyInPackage><UnitOfMeasurePrice>1.8719</UnitOfMeasurePrice><AllowDiscount>1</AllowDiscount><ItemStatus>1</ItemStatus><ItemPrice>59.90</ItemPrice></item><item><PriceUpdateDate>2016-05-31 07:01:40</PriceUpdateDate><ItemCode>4015600515492</ItemCode><ItemType>1</ItemType><ItemName>נוזל כלים פיירי לימו</ItemName><ManufacturerName>פיירי</ManufacturerName><ManufactureCountry>צכיה</ManufactureCountry><ManufacturerItemDescription>נוזל כלים פיירי לימו</ManufacturerItemDescription><SoldByWeight/><Quantity>720.00</Quantity><UnitOfMeasure>מ"ל</UnitOfMeasure><QtyInPackage>לא ידוע</QtyInPackage><UnitOfMeasurePrice>0.0124</UnitOfMeasurePrice><AllowDiscount>1</AllowDiscount><ItemStatus>1</ItemStatus><ItemPrice>8.90</ItemPrice></item><item><PriceUpdateDate>2015-07-01 12:34:55</PriceUpdateDate><ItemCode>4015600515614</ItemCode><ItemType>1</ItemType><ItemName>נוזל כלים פיירי לימו</ItemName><ManufacturerName>פיירי</ManufacturerName><ManufactureCountry>צכיה</ManufactureCountry><ManufacturerItemDescription>נוזל כלים פיירי לימו</ManufacturerItemDescription><SoldByWeight/><Quantity>720.00</Quantity><UnitOfMeasure>מ"ל</UnitOfMeasure><QtyInPackage>לא ידוע</QtyInPackage><UnitOfMeasurePrice>0.0138</UnitOfMeasurePrice><AllowDiscount>1</AllowDiscount><ItemStatus>1</ItemStatus><ItemPrice>9.90</ItemPrice></item><item><PriceUpdateDate>2014-11-10 06:29:48</PriceUpdateDate><ItemCode>4015600717346</ItemCode><ItemType>1</ItemType><ItemName>אבקת כביסה ביומט 5 ק</ItemName><ManufacturerName>ביומט</ManufacturerName><ManufactureCountry>ישראל</ManufactureCountry><ManufacturerItemDescription>אבקת כביסה ביומט 5 ק</ManufacturerItemDescription><SoldByWeight/><Quantity>5000.00</Quantity><UnitOfMeasure>גרם     </UnitOfMeasure><QtyInPackage>לא ידוע</QtyInPackage><UnitOfMeasurePrice>0.0080</UnitOfMeasurePrice><AllowDiscount>1</AllowDiscount><ItemStatus>1</ItemStatus><ItemPrice>39.90</ItemPrice></item><item><PriceUpdateDate>2016-05-31 07:01:40</PriceUpdateDate><ItemCode>4015600762742</ItemCode><ItemType>1</ItemType><ItemName>שמפו הד שולדרס קלאסי</ItemName><ManufacturerName>H$S</ManufacturerName><ManufactureCountry>ישראל</ManufactureCountry><ManufacturerItemDescription>שמפו הד שולדרס קלאסי</ManufacturerItemDescription><SoldByWeight/><Quantity>500.00</Quantity><UnitOfMeasure>מ"ל</UnitOfMeasure><QtyInPackage>לא ידוע</QtyInPackage><UnitOfMeasurePrice>0.0458</UnitOfMeasurePrice><AllowDiscount>1</AllowDiscount><ItemStatus>1</ItemStatus><ItemPrice>22.90</ItemPrice></item><item><PriceUpdateDate>2016-05-31 07:01:40</PriceUpdateDate><ItemCode>4015600762780</ItemCode><ItemType>1</ItemType><ItemName>שמפו+מרכך הד שולדרס</ItemName><ManufacturerName>H$S</ManufacturerName><ManufactureCountry>ישראל</ManufactureCountry><ManufacturerItemDescription>שמפו+מרכך הד שולדרס</ManufacturerItemDescription><SoldByWeight/><Quantity>500.00</Quantity><UnitOfMeasure>מ"ל</UnitOfMeasure><QtyInPackage>לא ידוע</QtyInPackage><UnitOfMeasurePrice>0.0458</UnitOfMeasurePrice><AllowDiscount>1</AllowDiscount><ItemStatus>1</ItemStatus><ItemPrice>22.90</ItemPrice></item><item><PriceUpdateDate>2016-05-31 07:01:40</PriceUpdateDate><ItemCode>4015600762902</ItemCode><ItemType>1</ItemType><ItemName>שמפו הד שולדרס מנטול</ItemName><ManufacturerName>H$S</ManufacturerName><ManufactureCountry>ישראל</ManufactureCountry><ManufacturerItemDescription>שמפו הד שולדרס מנטול</ManufacturerItemDescription><SoldByWeight/><Quantity>500.00</Quantity><UnitOfMeasure>מ"ל</UnitOfMeasure><QtyInPackage>לא ידוע</QtyInPackage><UnitOfMeasurePrice>0.0458</UnitOfMeasurePrice><AllowDiscount>1</AllowDiscount><ItemStatus>1</ItemStatus><ItemPrice>22.90</ItemPrice></item><item><PriceUpdateDate>2016-05-31 07:01:40</PriceUpdateDate><ItemCode>4015600763022</ItemCode><ItemType>1</ItemType><ItemName>שמפו הד שולדרס מגע מ</ItemName><ManufacturerName>הד&amp;שולדרס</ManufacturerName><ManufactureCountry>ישראל</ManufactureCountry><ManufacturerItemDescription>שמפו הד שולדרס מגע מ</ManufacturerItemDescription><SoldByWeight/><Quantity>500.00</Quantity><UnitOfMeasure>מ"ל</UnitOfMeasure><QtyInPackage>לא ידוע</QtyInPackage><UnitOfMeasurePrice>0.0458</UnitOfMeasurePrice><AllowDiscount>1</AllowDiscount><ItemStatus>1</ItemStatus><ItemPrice>22.90</ItemPrice></item><item><PriceUpdateDate>2016-05-31 07:01:41</PriceUpdateDate><ItemCode>4015600770228</ItemCode><ItemType>1</ItemType><ItemName>שמפו פנטן שמן משקם 6</ItemName><ManufacturerName>פנטן</ManufacturerName><ManufactureCountry>ישראל</ManufactureCountry><ManufacturerItemDescription>שמפו פנטן שמן משקם 6</ManufacturerItemDescription><SoldByWeight/><Quantity>600.00</Quantity><UnitOfMeasure>מ"ל</UnitOfMeasure><QtyInPackage>לא ידוע</QtyInPackage><UnitOfMeasurePrice>0.0332</UnitOfMeasurePrice><AllowDiscount>1</AllowDiscount><ItemStatus>1</ItemStatus><ItemPrice>19.90</ItemPrice></item><item><PriceUpdateDate>2016-05-31 07:01:41</PriceUpdateDate><ItemCode>4015600770488</ItemCode><ItemType>1</ItemType><ItemName>מרכך פנטן שמן משקם 6</ItemName><ManufacturerName>פנטן</ManufacturerName><ManufactureCountry>ישראל</ManufactureCountry><ManufacturerItemDescription>מרכך פנטן שמן משקם 6</ManufacturerItemDescription><SoldByWeight/><Quantity>600.00</Quantity><UnitOfMeasure>מ"ל</UnitOfMeasure><QtyInPackage>לא ידוע</QtyInPackage><UnitOfMeasurePrice>0.0332</UnitOfMeasurePrice><AllowDiscount>1</AllowDiscount><ItemStatus>1</ItemStatus><ItemPrice>19.90</ItemPrice></item><item><PriceUpdateDate>2016-05-31 07:01:41</PriceUpdateDate><ItemCode>4015600815318</ItemCode><ItemType>1</ItemType><ItemName>שמפו פנטן למגע רך כמ</ItemName><ManufacturerName>פנטן</ManufacturerName><ManufactureCountry>רומניה</ManufactureCountry><ManufacturerItemDescription>פנטן שמפו למגע רך כמשי 60</ManufacturerItemDescription><SoldByWeight/><Quantity>600.00</Quantity><UnitOfMeasure>מ"ל</UnitOfMeasure><QtyInPackage>לא ידוע</QtyInPackage><UnitOfMeasurePrice>0.0332</UnitOfMeasurePrice><AllowDiscount>1</AllowDiscount><ItemStatus>1</ItemStatus><ItemPrice>19.90</ItemPrice></item><item><PriceUpdateDate>2016-05-31 07:01:42</PriceUpdateDate><ItemCode>4015600815554</ItemCode><ItemType>1</ItemType><ItemName>מרכך פנטן נוסחה קלאס</ItemName><ManufacturerName>פנטן</ManufacturerName><ManufactureCountry>רומניה</ManufactureCountry><ManufacturerItemDescription>פנטן מרכך נוסחה קלאסית 60</ManufacturerItemDescription><SoldByWeight/><Quantity>600.00</Quantity><UnitOfMeasure>מ"ל</UnitOfMeasure><QtyInPackage>לא ידוע</QtyInPackage><UnitOfMeasurePrice>0.0332</UnitOfMeasurePrice><AllowDiscount>1</AllowDiscount><ItemStatus>1</ItemStatus><ItemPrice>19.90</ItemPrice></item><item><PriceUpdateDate>2016-05-17 10:31:38</PriceUpdateDate><ItemCode>4025700001023</ItemCode><ItemType>1</ItemType><ItemName>שוקולד מילקה אגוז 10</ItemName><ManufacturerName>מילקה</ManufacturerName><ManufactureCountry>גרמניה</ManufactureCountry><ManufacturerItemDescription>מברשת שיניים    לאי 0-2</ManufacturerItemDescription><SoldByWeight/><Quantity>100.00</Quantity><UnitOfMeasure>גרם     </UnitOfMeasure><QtyInPackage>לא ידוע</QtyInPackage><UnitOfMeasurePrice>0.0890</UnitOfMeasurePrice><AllowDiscount>1</AllowDiscount><ItemStatus>1</ItemStatus><ItemPrice>8.90</ItemPrice></item><item><PriceUpdateDate>2016-08-03 11:58:31</PriceUpdateDate><ItemCode>4033100014499</ItemCode><ItemType>1</ItemType><ItemName>ס.אל די כחול בודד</ItemName><ManufacturerName>אל די</ManufacturerName><ManufactureCountry>ישראל</ManufactureCountry><ManufacturerItemDescription>אל די כחול חפיסה</ManufacturerItemDescription><SoldByWeight/><Quantity>0.00</Quantity><UnitOfMeasure>יח'</UnitOfMeasure><QtyInPackage>לא ידוע</QtyInPackage><UnitOfMeasurePrice>0.0000</UnitOfMeasurePrice><AllowDiscount>1</AllowDiscount><ItemStatus>1</ItemStatus><ItemPrice>26.50</ItemPrice></item><item><PriceUpdateDate>2014-11-10 06:29:46</PriceUpdateDate><ItemCode>4037719657290</ItemCode><ItemType>1</ItemType><ItemName>סוכריות בצנצנת 300 ג</ItemName><ManufacturerName>לא ממותג</ManufacturerName><ManufactureCountry>ישראל</ManufactureCountry><ManufacturerItemDescription>סוכריות בצנצנת 300 ג</ManufacturerItemDescription><SoldByWeight/><Quantity>300.00</Quantity><UnitOfMeasure>גרם     </UnitOfMeasure><QtyInPackage>לא ידוע</QtyInPackage><UnitOfMeasurePrice>0.0747</UnitOfMeasurePrice><AllowDiscount>1</AllowDiscount><ItemStatus>1</ItemStatus><ItemPrice>22.40</ItemPrice></item><item><PriceUpdateDate>2016-08-02 07:34:36</PriceUpdateDate><ItemCode>4052197000017</ItemCode><ItemType>1</ItemType><ItemName>בירה בנדיקטינר חיטה</ItemName><ManufacturerName>לא ממותג</ManufacturerName><ManufactureCountry>גרמניה</ManufactureCountry><ManufacturerItemDescription>בירה בנדיקטר 500 מל</ManufacturerItemDescription><SoldByWeight/><Quantity>500.00</Quantity><UnitOfMeasure>מ"ל</UnitOfMeasure><QtyInPackage>לא ידוע</QtyInPackage><UnitOfMeasurePrice>0.0238</UnitOfMeasurePrice><AllowDiscount>1</AllowDiscount><ItemStatus>1</ItemStatus><ItemPrice>11.90</ItemPrice></item><item><PriceUpdateDate>2014-11-10 06:29:42</PriceUpdateDate><ItemCode>4067600706059</ItemCode><ItemType>1</ItemType><ItemName>כבד דג שיבוט בשמן הד</ItemName><ManufacturerName>לרסן</ManufacturerName><ManufactureCountry>ישראל</ManufactureCountry><ManufacturerItemDescription>כבד דג שיבוט בשמן 115 גרם</ManufacturerItemDescription><SoldByWeight/><Quantity>115.00</Quantity><UnitOfMeasure>גרם     </UnitOfMeasure><QtyInPackage>לא ידוע</QtyInPackage><UnitOfMeasurePrice>0.1104</UnitOfMeasurePrice><AllowDiscount>1</AllowDiscount><ItemStatus>1</ItemStatus><ItemPrice>12.70</ItemPrice></item><item><PriceUpdateDate>2015-12-03 07:46:27</PriceUpdateDate><ItemCode>4084500088917</ItemCode><ItemType>1</ItemType><ItemName>נוזל כלים פיירי לימו</ItemName><ManufacturerName>פיירי</ManufacturerName><ManufactureCountry>אנגליה</ManufactureCountry><ManufacturerItemDescription>פיירי נוזל כלים לימון 650</ManufacturerItemDescription><SoldByWeight/><Quantity>650.00</Quantity><UnitOfMeasure>מ"ל</UnitOfMeasure><QtyInPackage>לא ידוע</QtyInPackage><UnitOfMeasurePrice>0.0183</UnitOfMeasurePrice><AllowDiscount>1</AllowDiscount><ItemStatus>1</ItemStatus><ItemPrice>11.90</ItemPrice></item><item><PriceUpdateDate>2016-08-02 07:38:36</PriceUpdateDate><ItemCode>4084500149526</ItemCode><ItemType>1</ItemType><ItemName>מב נוזל כביסה טייד ג</ItemName><ManufacturerName>טייד</ManufacturerName><ManufactureCountry>ישראל</ManufactureCountry><ManufacturerItemDescription>מב נוזל כביסה טייד ג</ManufacturerItemDescription><SoldByWeight/><Quantity>2480.00</Quantity><UnitOfMeasure>מ"ל</UnitOfMeasure><QtyInPackage>לא ידוע</QtyInPackage><UnitOfMeasurePrice>0.0100</UnitOfMeasurePrice><AllowDiscount>1</AllowDiscount><ItemStatus>1</ItemStatus><ItemPrice>24.90</ItemPrice></item><item><PriceUpdateDate>2016-05-31 07:01:43</PriceUpdateDate><ItemCode>4084500264359</ItemCode><ItemType>1</ItemType><ItemName>שמפו הד שולדרס 2 ב 1</ItemName><ManufacturerName>H$S</ManufacturerName><ManufactureCountry>ישראל</ManufactureCountry><ManufacturerItemDescription>שמפו הד שולדרס 2 ב 1</ManufacturerItemDescription><SoldByWeight/><Quantity>500.00</Quantity><UnitOfMeasure>מ"ל</UnitOfMeasure><QtyInPackage>לא ידוע</QtyInPackage><UnitOfMeasurePrice>0.0458</UnitOfMeasurePrice><AllowDiscount>1</AllowDiscount><ItemStatus>1</ItemStatus><ItemPrice>22.90</ItemPrice></item><item><PriceUpdateDate>2016-08-02 07:34:36</PriceUpdateDate><ItemCode>4084500513570</ItemCode><ItemType>1</ItemType><ItemName>ג'ל כביסה אריאל 2.47</ItemName><ManufacturerName>אריאל</ManufacturerName><ManufactureCountry>ישראל</ManufactureCountry><ManufacturerItemDescription>ג'ל כביסה אריאל 2.47</ManufacturerItemDescription><SoldByWeight/><Quantity>2470.00</Quantity><UnitOfMeasure>מ"ל</UnitOfMeasure><QtyInPackage>לא ידוע</QtyInPackage><UnitOfMeasurePrice>0.0133</UnitOfMeasurePrice><AllowDiscount>1</AllowDiscount><ItemStatus>1</ItemStatus><ItemPrice>32.90</ItemPrice></item><item><PriceUpdateDate>2015-12-03 07:46:40</PriceUpdateDate><ItemCode>4084500853690</ItemCode><ItemType>1</ItemType><ItemName>נוזל כלים פיירי תפוז</ItemName><ManufacturerName>פיירי</ManufacturerName><ManufactureCountry>אנגליה</ManufactureCountry><ManufacturerItemDescription>פיירי נוזל כלים לימון 650</ManufacturerItemDescription><SoldByWeight/><Quantity>650.00</Quantity><UnitOfMeasure>מ"ל</UnitOfMeasure><QtyInPackage>לא ידוע</QtyInPackage><UnitOfMeasurePrice>0.0183</UnitOfMeasurePrice><AllowDiscount>1</AllowDiscount><ItemStatus>1</ItemStatus><ItemPrice>11.90</ItemPrice></item><item><PriceUpdateDate>2015-12-03 07:46:40</PriceUpdateDate><ItemCode>4084500853898</ItemCode><ItemType>1</ItemType><ItemName>פיירי אלוורה ומלפפונ</ItemName><ManufacturerName>פיירי</ManufacturerName><ManufactureCountry>לא ידוע</ManufactureCountry><ManufacturerItemDescription>פיירי אלוורה ומלפפונ</ManufacturerItemDescription><SoldByWeight/><Quantity>515.00</Quantity><UnitOfMeasure>מ"ל</UnitOfMeasure><QtyInPackage>לא ידוע</QtyInPackage><UnitOfMeasurePrice>0.0212</UnitOfMeasurePrice><AllowDiscount>1</AllowDiscount><ItemStatus>1</ItemStatus><ItemPrice>10.90</ItemPrice></item><item><PriceUpdateDate>2016-02-11 08:21:13</PriceUpdateDate><ItemCode>410043</ItemCode><ItemType>3</ItemType><ItemName>גבינת גלבוע 22% במשק</ItemName><ManufacturerName>גלבוע</ManufacturerName><ManufactureCountry>ישראל</ManufactureCountry><ManufacturerItemDescription>גבינת גלבוע 22% במשק</ManufacturerItemDescription><SoldByWeight/><Quantity>1.00</Quantity><UnitOfMeasure>ק"ג</UnitOfMeasure><QtyInPackage>לא ידוע</QtyInPackage><UnitOfMeasurePrice>39.2500</UnitOfMeasurePrice><AllowDiscount>1</AllowDiscount><ItemStatus>1</ItemStatus><ItemPrice>39.25</ItemPrice></item><item><PriceUpdateDate>2015-10-11 20:33:29</PriceUpdateDate><ItemCode>410111</ItemCode><ItemType>3</ItemType><ItemName>גבינת טל העמק 32% במ</ItemName><ManufacturerName>עמק</ManufacturerName><ManufactureCountry>ישראל</ManufactureCountry><ManufacturerItemDescription>גבינת טל העמק 32% במ</ManufacturerItemDescription><SoldByWeight/><Quantity>1.00</Quantity><UnitOfMeasure>ק"ג</UnitOfMeasure><QtyInPackage>לא ידוע</QtyInPackage><UnitOfMeasurePrice>59.9000</UnitOfMeasurePrice><AllowDiscount>1</AllowDiscount><ItemStatus>1</ItemStatus><ItemPrice>59.90</ItemPrice></item><item><PriceUpdateDate>2016-08-02 07:34:03</PriceUpdateDate><ItemCode>410135</ItemCode><ItemType>3</ItemType><ItemName>גבינת קולאז' צ'דר חר</ItemName><ManufacturerName>גבינות תנובה</ManufacturerName><ManufactureCountry>ישראל</ManufactureCountry><ManufacturerItemDescription>גבינת קולאז' צ'דר חר</ManufacturerItemDescription><SoldByWeight/><Quantity>1.00</Quantity><UnitOfMeasure>ק"ג</UnitOfMeasure><QtyInPackage>לא ידוע</QtyInPackage><UnitOfMeasurePrice>99.0000</UnitOfMeasurePrice><AllowDiscount>1</AllowDiscount><ItemStatus>1</ItemStatus><ItemPrice>99.00</ItemPrice></item><item><PriceUpdateDate>2016-08-02 07:34:03</PriceUpdateDate><ItemCode>410142</ItemCode><ItemType>3</ItemType><ItemName>גבינת קולאז' פרמזן ח</ItemName><ManufacturerName>תנובה</ManufacturerName><ManufactureCountry>ישראל</ManufactureCountry><ManufacturerItemDescription>גבינת קולאז' פרמזן ח</ManufacturerItemDescription><SoldByWeight/><Quantity>1.00</Quantity><UnitOfMeasure>ק"ג</UnitOfMeasure><QtyInPackage>לא ידוע</QtyInPackage><UnitOfMeasurePrice>113.1000</UnitOfMeasurePrice><AllowDiscount>1</AllowDiscount><ItemStatus>1</ItemStatus><ItemPrice>113.10</ItemPrice></item><item><PriceUpdateDate>2015-10-11 20:33:29</PriceUpdateDate><ItemCode>410166</ItemCode><ItemType>3</ItemType><ItemName>גבינה סקנדינבית במשק</ItemName><ManufacturerName>עמק</ManufacturerName><ManufactureCountry>ישראל</ManufactureCountry><ManufacturerItemDescription>גבינה סקנדינבית במשק</ManufacturerItemDescription><SoldByWeight/><Quantity>1.00</Quantity><UnitOfMeasure>ק"ג</UnitOfMeasure><QtyInPackage>לא ידוע</QtyInPackage><UnitOfMeasurePrice>77.0000</UnitOfMeasurePrice><AllowDiscount>1</AllowDiscount><ItemStatus>1</ItemStatus><ItemPrice>77.00</ItemPrice></item><item><PriceUpdateDate>2016-08-02 07:34:03</PriceUpdateDate><ItemCode>410203</ItemCode><ItemType>3</ItemType><ItemName>גבינת קולאז' קשקבל ג</ItemName><ManufacturerName>גבינות תנובה</ManufacturerName><ManufactureCountry>ישראל</ManufactureCountry><ManufacturerItemDescription>גבינת קולאז' קשקבל ג</ManufacturerItemDescription><SoldByWeight/><Quantity>1.00</Quantity><UnitOfMeasure>ק"ג</UnitOfMeasure><QtyInPackage>לא ידוע</QtyInPackage><UnitOfMeasurePrice>126.3000</UnitOfMeasurePrice><AllowDiscount>1</AllowDiscount><ItemStatus>1</ItemStatus><ItemPrice>126.30</ItemPrice></item><item><PriceUpdateDate>2016-08-02 07:34:03</PriceUpdateDate><ItemCode>410210</ItemCode><ItemType>3</ItemType><ItemName>גבינת קולאז' רוקפור</ItemName><ManufacturerName>תנובה</ManufacturerName><ManufactureCountry>ישראל</ManufactureCountry><ManufacturerItemDescription>גבינת קולאז' רוקפור</ManufacturerItemDescription><SoldByWeight/><Quantity>1.00</Quantity><UnitOfMeasure>ק"ג</UnitOfMeasure><QtyInPackage>לא ידוע</QtyInPackage><UnitOfMeasurePrice>123.3000</UnitOfMeasurePrice><AllowDiscount>1</AllowDiscount><ItemStatus>1</ItemStatus><ItemPrice>123.30</ItemPrice></item><item><PriceUpdateDate>2015-10-11 20:33:30</PriceUpdateDate><ItemCode>410241</ItemCode><ItemType>3</ItemType><ItemName>גבינה בולגרית 24%</ItemName><ManufacturerName>פיראוס</ManufacturerName><ManufactureCountry>ישראל</ManufactureCountry><ManufacturerItemDescription>גבינה בולגרית 24%</ManufacturerItemDescription><SoldByWeight/><Quantity>1.00</Quantity><UnitOfMeasure>ק"ג</UnitOfMeasure><QtyInPackage>לא ידוע</QtyInPackage><UnitOfMeasurePrice>60.1000</UnitOfMeasurePrice><AllowDiscount>1</AllowDiscount><ItemStatus>1</ItemStatus><ItemPrice>60.10</ItemPrice></item><item><PriceUpdateDate>2016-06-15 08:31:47</PriceUpdateDate><ItemCode>410364</ItemCode><ItemType>3</ItemType><ItemName>גבינת חמד פיראוס 16%</ItemName><ManufacturerName>פיראוס</ManufacturerName><ManufactureCountry>ישראל</ManufactureCountry><ManufacturerItemDescription>גבינת חמד פיראוס 16%</ManufacturerItemDescription><SoldByWeight/><Quantity>1.00</Quantity><UnitOfMeasure>ק"ג</UnitOfMeasure><QtyInPackage>לא ידוע</QtyInPackage><UnitOfMeasurePrice>60.1000</UnitOfMeasurePrice><AllowDiscount>1</AllowDiscount><ItemStatus>1</ItemStatus><ItemPrice>60.10</ItemPrice></item><item><PriceUpdateDate>2015-11-18 13:57:09</PriceUpdateDate><ItemCode>410852</ItemCode><ItemType>3</ItemType><ItemName>חריץ טל עמק 9%</ItemName><ManufacturerName>עמק</ManufacturerName><ManufactureCountry>ישראל</ManufactureCountry><ManufacturerItemDescription>חריץ טל עמק 9%</ManufacturerItemDescription><SoldByWeight/><Quantity>1.00</Quantity><UnitOfMeasure>ק"ג</UnitOfMeasure><QtyInPackage>לא ידוע</QtyInPackage><UnitOfMeasurePrice>78.5000</UnitOfMeasurePrice><AllowDiscount>1</AllowDiscount><ItemStatus>1</ItemStatus><ItemPrice>78.50</ItemPrice></item><item><PriceUpdateDate>2016-05-31 07:01:31</PriceUpdateDate><ItemCode>41390000904</ItemCode><ItemType>1</ItemType><ItemName>רוטב סויה קיקומן 444</ItemName><ManufacturerName>קיקומן</ManufacturerName><ManufactureCountry>ארצות הברית</ManufactureCountry><ManufacturerItemDescription>שמפו אלביב       צבוע700</ManufacturerItemDescription><SoldByWeight/><Quantity>444.00</Quantity><UnitOfMeasure>מ"ל</UnitOfMeasure><QtyInPackage>לא ידוע</QtyInPackage><UnitOfMeasurePrice>0.0444</UnitOfMeasurePrice><AllowDiscount>1</AllowDiscount><ItemStatus>1</ItemStatus><ItemPrice>19.70</ItemPrice></item><item><PriceUpdateDate>2016-05-31 07:01:31</PriceUpdateDate><ItemCode>41390001079</ItemCode><ItemType>1</ItemType><ItemName>רוטב סויה מופחת נתרן</ItemName><ManufacturerName>קיקומן</ManufacturerName><ManufactureCountry>ארצות הברית</ManufactureCountry><ManufacturerItemDescription>שמפו אלביב       צבוע700</ManufacturerItemDescription><SoldByWeight/><Quantity>444.00</Quantity><UnitOfMeasure>מ"ל</UnitOfMeasure><QtyInPackage>לא ידוע</QtyInPackage><UnitOfMeasurePrice>0.0444</UnitOfMeasurePrice><AllowDiscount>1</AllowDiscount><ItemStatus>1</ItemStatus><ItemPrice>19.70</ItemPrice></item><item><PriceUpdateDate>2016-05-01 08:12:42</PriceUpdateDate><ItemCode>417103</ItemCode><ItemType>3</ItemType><ItemName>עוף טוב פסטרמה איטלק</ItemName><ManufacturerName>עוף טוב</ManufacturerName><ManufactureCountry>ישראל</ManufactureCountry><ManufacturerItemDescription>עוף טוב פסטרמה איטלק</ManufacturerItemDescription><SoldByWeight/><Quantity>1.00</Quantity><UnitOfMeasure>ק"ג</UnitOfMeasure><QtyInPackage>לא ידוע</QtyInPackage><UnitOfMeasurePrice>74.9000</UnitOfMeasurePrice><AllowDiscount>1</AllowDiscount><ItemStatus>1</ItemStatus><ItemPrice>74.90</ItemPrice></item><item><PriceUpdateDate>2016-05-01 08:12:42</PriceUpdateDate><ItemCode>417325</ItemCode><ItemType>3</ItemType><ItemName>פסטרמה פולנית במשקל</ItemName><ManufacturerName>עוף טוב</ManufacturerName><ManufactureCountry>ישראל</ManufactureCountry><ManufacturerItemDescription>פסטרמה פולנית במשקל</ManufacturerItemDescription><SoldByWeight/><Quantity>1.00</Quantity><UnitOfMeasure>ק"ג</UnitOfMeasure><QtyInPackage>לא ידוע</QtyInPackage><UnitOfMeasurePrice>74.9000</UnitOfMeasurePrice><AllowDiscount>1</AllowDiscount><ItemStatus>1</ItemStatus><ItemPrice>74.90</ItemPrice></item><item><PriceUpdateDate>2016-02-08 10:37:29</PriceUpdateDate><ItemCode>42102021</ItemCode><ItemType>1</ItemType><ItemName>אורביט פרופשינל בליס</ItemName><ManufacturerName>אורביט</ManufacturerName><ManufactureCountry>פולין</ManufactureCountry><ManufacturerItemDescription>מסטיק מנטוס 3D  יגמה33ג</ManufacturerItemDescription><SoldByWeight/><Quantity>14.00</Quantity><UnitOfMeasure>גרם     </UnitOfMeasure><QtyInPackage>לא ידוע</QtyInPackage><UnitOfMeasurePrice>0.2786</UnitOfMeasurePrice><AllowDiscount>1</AllowDiscount><ItemStatus>1</ItemStatus><ItemPrice>3.90</ItemPrice></item><item><PriceUpdateDate>2016-02-08 10:37:29</PriceUpdateDate><ItemCode>42123873</ItemCode><ItemType>1</ItemType><ItemName>אורביט פרופשיונל בלי</ItemName><ManufacturerName>אורביט</ManufacturerName><ManufactureCountry>פולין</ManufactureCountry><ManufacturerItemDescription>מסטיק מנטוס     ת אדומ90</ManufacturerItemDescription><SoldByWeight/><Quantity>14.00</Quantity><UnitOfMeasure>גרם     </UnitOfMeasure><QtyInPackage>לא ידוע</QtyInPackage><UnitOfMeasurePrice>0.2786</UnitOfMeasurePrice><AllowDiscount>1</AllowDiscount><ItemStatus>1</ItemStatus><ItemPrice>3.90</ItemPrice></item><item><PriceUpdateDate>2016-08-02 07:38:25</PriceUpdateDate><ItemCode>42153153</ItemCode><ItemType>1</ItemType><ItemName>מב גיל רחצה אקס שוקו</ItemName><ManufacturerName>אקס</ManufacturerName><ManufactureCountry>גרמניה</ManufactureCountry><ManufacturerItemDescription>מסטיק מנטוס     פרש 90 ג</ManufacturerItemDescription><SoldByWeight/><Quantity>400.00</Quantity><UnitOfMeasure>מ"ל</UnitOfMeasure><QtyInPackage>לא ידוע</QtyInPackage><UnitOfMeasurePrice>0.0250</UnitOfMeasurePrice><AllowDiscount>1</AllowDiscount><ItemStatus>1</ItemStatus><ItemPrice>10.00</ItemPrice></item><item><PriceUpdateDate>2016-08-10 08:22:56</PriceUpdateDate><ItemCode>42154662</ItemCode><ItemType>1</ItemType><ItemName>מסטיק אורביט מעטפה ס</ItemName><ManufacturerName>אורביט</ManufacturerName><ManufactureCountry>צרפת</ManufactureCountry><ManufacturerItemDescription>אורביט באריזת מעטפה ספירמ</ManufacturerItemDescription><SoldByWeight/><Quantity>27.00</Quantity><UnitOfMeasure>גרם     </UnitOfMeasure><QtyInPackage>לא ידוע</QtyInPackage><UnitOfMeasurePrice>0.2481</UnitOfMeasurePrice><AllowDiscount>1</AllowDiscount><ItemStatus>1</ItemStatus><ItemPrice>6.70</ItemPrice></item><item><PriceUpdateDate>2015-11-18 13:57:15</PriceUpdateDate><ItemCode>421568</ItemCode><ItemType>3</ItemType><ItemName>סלמי קוניאק מובחר</ItemName><ManufacturerName>טירת צבי</ManufacturerName><ManufactureCountry>ישראל</ManufactureCountry><ManufacturerItemDescription>סלמי קוניאק מובחר</ManufacturerItemDescription><SoldByWeight/><Quantity>1.00</Quantity><UnitOfMeasure>ק"ג</UnitOfMeasure><QtyInPackage>לא ידוע</QtyInPackage><UnitOfMeasurePrice>82.5000</UnitOfMeasurePrice><AllowDiscount>1</AllowDiscount><ItemStatus>1</ItemStatus><ItemPrice>82.50</ItemPrice></item><item><PriceUpdateDate>2014-11-10 06:29:07</PriceUpdateDate><ItemCode>421575</ItemCode><ItemType>3</ItemType><ItemName>נקניק סרוולד לק"ג</ItemName><ManufacturerName>טירת צבי</ManufacturerName><ManufactureCountry>ישראל</ManufactureCountry><ManufacturerItemDescription>נקניק סרוולד לק"ג</ManufacturerItemDescription><SoldByWeight/><Quantity>1.00</Quantity><UnitOfMeasure>ק"ג</UnitOfMeasure><QtyInPackage>לא ידוע</QtyInPackage><UnitOfMeasurePrice>152.0000</UnitOfMeasurePrice><AllowDiscount>1</AllowDiscount><ItemStatus>1</ItemStatus><ItemPrice>152.00</ItemPrice></item><item><PriceUpdateDate>2015-10-22 10:36:28</PriceUpdateDate><ItemCode>421605</ItemCode><ItemType>3</ItemType><ItemName>סלמי מעושן איטלקי</ItemName><ManufacturerName>טירת צבי</ManufacturerName><ManufactureCountry>ישראל</ManufactureCountry><ManufacturerItemDescription>סלמי מעושן איטלקי</ManufacturerItemDescription><SoldByWeight/><Quantity>1.00</Quantity><UnitOfMeasure>ק"ג</UnitOfMeasure><QtyInPackage>לא ידוע</QtyInPackage><UnitOfMeasurePrice>82.5000</UnitOfMeasurePrice><AllowDiscount>1</AllowDiscount><ItemStatus>1</ItemStatus><ItemPrice>82.50</ItemPrice></item><item><PriceUpdateDate>2015-10-22 10:36:28</PriceUpdateDate><ItemCode>421612</ItemCode><ItemType>3</ItemType><ItemName>נקניק סלמי תה 1 ק"ג</ItemName><ManufacturerName>טירת צבי</ManufacturerName><ManufactureCountry>ישראל</ManufactureCountry><ManufacturerItemDescription>נקניק סלמי תה 1 ק"ג</ManufacturerItemDescription><SoldByWeight/><Quantity>1.00</Quantity><UnitOfMeasure>ק"ג</UnitOfMeasure><QtyInPackage>לא ידוע</QtyInPackage><UnitOfMeasurePrice>57.1000</UnitOfMeasurePrice><AllowDiscount>1</AllowDiscount><ItemStatus>1</ItemStatus><ItemPrice>57.10</ItemPrice></item><item><PriceUpdateDate>2016-05-01 08:12:44</PriceUpdateDate><ItemCode>421704</ItemCode><ItemType>3</ItemType><ItemName>נקניקיות עוף במשקל</ItemName><ManufacturerName>טירת צבי</ManufacturerName><ManufactureCountry>ישראל</ManufactureCountry><ManufacturerItemDescription>נקניקיות עוף במשקל</ManufacturerItemDescription><SoldByWeight/><Quantity>1.00</Quantity><UnitOfMeasure>ק"ג</UnitOfMeasure><QtyInPackage>לא ידוע</QtyInPackage><UnitOfMeasurePrice>29.0000</UnitOfMeasurePrice><AllowDiscount>1</AllowDiscount><ItemStatus>1</ItemStatus><ItemPrice>29.00</ItemPrice></item><item><PriceUpdateDate>2016-08-10 08:22:56</PriceUpdateDate><ItemCode>42174479</ItemCode><ItemType>1</ItemType><ItemName>מסטיק אורביט מעטפה ת</ItemName><ManufacturerName>אורביט</ManufacturerName><ManufactureCountry>צרפת</ManufactureCountry><ManufacturerItemDescription>אורביט באריזת מעטפה פפרמי</ManufacturerItemDescription><SoldByWeight/><Quantity>27.00</Quantity><UnitOfMeasure>גרם     </UnitOfMeasure><QtyInPackage>לא ידוע</QtyInPackage><UnitOfMeasurePrice>0.2481</UnitOfMeasurePrice><AllowDiscount>1</AllowDiscount><ItemStatus>1</ItemStatus><ItemPrice>6.70</ItemPrice></item><item><PriceUpdateDate>2015-11-18 13:57:16</PriceUpdateDate><ItemCode>421834</ItemCode><ItemType>3</ItemType><ItemName>פסטרמה על גחלים דלת</ItemName><ManufacturerName>טירת צבי</ManufacturerName><ManufactureCountry>ישראל</ManufactureCountry><ManufacturerItemDescription>פסטרמה על גחלים דלת</ManufacturerItemDescription><SoldByWeight/><Quantity>1.00</Quantity><UnitOfMeasure>ק"ג</UnitOfMeasure><QtyInPackage>לא ידוע</QtyInPackage><UnitOfMeasurePrice>88.7000</UnitOfMeasurePrice><AllowDiscount>1</AllowDiscount><ItemStatus>1</ItemStatus><ItemPrice>88.70</ItemPrice></item><item><PriceUpdateDate>2015-11-18 13:57:16</PriceUpdateDate><ItemCode>421889</ItemCode><ItemType>3</ItemType><ItemName>פסטרמה הודו מעושנת מ</ItemName><ManufacturerName>טירת צבי</ManufacturerName><ManufactureCountry>ישראל</ManufactureCountry><ManufacturerItemDescription>פסטרמה הודו מעושנת מ</ManufacturerItemDescription><SoldByWeight/><Quantity>1.00</Quantity><UnitOfMeasure>ק"ג</UnitOfMeasure><QtyInPackage>לא ידוע</QtyInPackage><UnitOfMeasurePrice>88.7000</UnitOfMeasurePrice><AllowDiscount>1</AllowDiscount><ItemStatus>1</ItemStatus><ItemPrice>88.70</ItemPrice></item><item><PriceUpdateDate>2015-10-22 10:36:28</PriceUpdateDate><ItemCode>421896</ItemCode><ItemType>3</ItemType><ItemName>פסטרמה על גחלים במשק</ItemName><ManufacturerName>טירת צבי</ManufacturerName><ManufactureCountry>ישראל</ManufactureCountry><ManufacturerItemDescription>פסטרמה על גחלים במשק</ManufacturerItemDescription><SoldByWeight/><Quantity>1.00</Quantity><UnitOfMeasure>ק"ג</UnitOfMeasure><QtyInPackage>לא ידוע</QtyInPackage><UnitOfMeasurePrice>89.0000</UnitOfMeasurePrice><AllowDiscount>1</AllowDiscount><ItemStatus>1</ItemStatus><ItemPrice>89.00</ItemPrice></item><item><PriceUpdateDate>2016-08-10 08:22:57</PriceUpdateDate><ItemCode>42212119</ItemCode><ItemType>1</ItemType><ItemName>אורביט פרופשיונל פפר</ItemName><ManufacturerName>אורביט</ManufacturerName><ManufactureCountry>צרפת</ManufactureCountry><ManufacturerItemDescription>אורביט באריזת מעטפה פפרמי</ManufacturerItemDescription><SoldByWeight/><Quantity>27.00</Quantity><UnitOfMeasure>גרם     </UnitOfMeasure><QtyInPackage>לא ידוע</QtyInPackage><UnitOfMeasurePrice>0.2481</UnitOfMeasurePrice><AllowDiscount>1</AllowDiscount><ItemStatus>1</ItemStatus><ItemPrice>6.70</ItemPrice></item><item><PriceUpdateDate>2016-03-13 09:41:13</PriceUpdateDate><ItemCode>42247722</ItemCode><ItemType>1</ItemType><ItemName>מסטיק FIVE  בטעם אבט</ItemName><ManufacturerName>FIVE</ManufacturerName><ManufactureCountry>צרפת</ManufactureCountry><ManufacturerItemDescription>מסטיק פייב אסנשיאל אבטיח</ManufacturerItemDescription><SoldByWeight/><Quantity>19.00</Quantity><UnitOfMeasure>גרם     </UnitOfMeasure><QtyInPackage>לא ידוע</QtyInPackage><UnitOfMeasurePrice>0.2632</UnitOfMeasurePrice><AllowDiscount>1</AllowDiscount><ItemStatus>1</ItemStatus><ItemPrice>5.00</ItemPrice></item><item><PriceUpdateDate>2016-03-13 09:41:13</PriceUpdateDate><ItemCode>42247821</ItemCode><ItemType>1</ItemType><ItemName>מסטיק FIVE  בטעם מנט</ItemName><ManufacturerName>FIVE</ManufacturerName><ManufactureCountry>צרפת</ManufactureCountry><ManufacturerItemDescription>מסטיק פייב אסנשיאל מנטה</ManufacturerItemDescription><SoldByWeight/><Quantity>19.00</Quantity><UnitOfMeasure>גרם     </UnitOfMeasure><QtyInPackage>לא ידוע</QtyInPackage><UnitOfMeasurePrice>0.2632</UnitOfMeasurePrice><AllowDiscount>1</AllowDiscount><ItemStatus>1</ItemStatus><ItemPrice>5.00</ItemPrice></item><item><PriceUpdateDate>2016-02-08 10:37:29</PriceUpdateDate><ItemCode>42268253</ItemCode><ItemType>1</ItemType><ItemName>אורביט בליסטר אוכמני</ItemName><ManufacturerName>אורביט</ManufacturerName><ManufactureCountry>פולין</ManufactureCountry><ManufacturerItemDescription>מסטיק מנטוס     ת אדומ28</ManufacturerItemDescription><SoldByWeight/><Quantity>14.00</Quantity><UnitOfMeasure>גרם     </UnitOfMeasure><QtyInPackage>לא ידוע</QtyInPackage><UnitOfMeasurePrice>0.2786</UnitOfMeasurePrice><AllowDiscount>1</AllowDiscount><ItemStatus>1</ItemStatus><ItemPrice>3.90</ItemPrice></item><item><PriceUpdateDate>2016-03-30 12:42:58</PriceUpdateDate><ItemCode>42268413</ItemCode><ItemType>1</ItemType><ItemName>מסטיק FIVE  בטעם פיר</ItemName><ManufacturerName>FIVE</ManufacturerName><ManufactureCountry>צרפת</ManufactureCountry><ManufacturerItemDescription>מסטיק פייב אסנשיאל מנטה</ManufacturerItemDescription><SoldByWeight/><Quantity>19.00</Quantity><UnitOfMeasure>גרם     </UnitOfMeasure><QtyInPackage>לא ידוע</QtyInPackage><UnitOfMeasurePrice>0.2632</UnitOfMeasurePrice><AllowDiscount>1</AllowDiscount><ItemStatus>1</ItemStatus><ItemPrice>5.00</ItemPrice></item><item><PriceUpdateDate>2016-02-21 13:04:16</PriceUpdateDate><ItemCode>423722</ItemCode><ItemType>3</ItemType><ItemName>פילה מדומה בשר מס' 6</ItemName><ManufacturerName>.N.Y.C</ManufacturerName><ManufactureCountry>ישראל</ManufactureCountry><ManufacturerItemDescription>פילה מדומה בשר מס' 6</ManufacturerItemDescription><SoldByWeight/><Quantity>1.00</Quantity><UnitOfMeasure>ק"ג</UnitOfMeasure><QtyInPackage>לא ידוע</QtyInPackage><UnitOfMeasurePrice>49.9000</UnitOfMeasurePrice><AllowDiscount>1</AllowDiscount><ItemStatus>1</ItemStatus><ItemPrice>49.90</ItemPrice></item><item><PriceUpdateDate>2016-05-02 14:15:22</PriceUpdateDate><ItemCode>423746</ItemCode><ItemType>3</ItemType><ItemName>בשר מ'ס 8 מוכשר צרכנ</ItemName><ManufacturerName>לא ידוע</ManufacturerName><ManufactureCountry>ישראל</ManufactureCountry><ManufacturerItemDescription>בשר מ'ס 8 מוכשר צרכנ</ManufacturerItemDescription><SoldByWeight/><Quantity>1.00</Quantity><UnitOfMeasure>ק"ג</UnitOfMeasure><QtyInPackage>לא ידוע</QtyInPackage><UnitOfMeasurePrice>37.9000</UnitOfMeasurePrice><AllowDiscount>1</AllowDiscount><ItemStatus>1</ItemStatus><ItemPrice>37.90</ItemPrice></item><item><PriceUpdateDate>2015-05-03 08:14:50</PriceUpdateDate><ItemCode>423777</ItemCode><ItemType>3</ItemType><ItemName>מוח בקר לא מוכשר קפו</ItemName><ManufacturerName>לא ממותג</ManufacturerName><ManufactureCountry>ישראל</ManufactureCountry><ManufacturerItemDescription>מוח בקר לא מוכשר קפו</ManufacturerItemDescription><SoldByWeight/><Quantity>1.00</Quantity><UnitOfMeasure>ק"ג</UnitOfMeasure><QtyInPackage>לא ידוע</QtyInPackage><UnitOfMeasurePrice>99.0000</UnitOfMeasurePrice><AllowDiscount>1</AllowDiscount><ItemStatus>1</ItemStatus><ItemPrice>99.00</ItemPrice></item><item><PriceUpdateDate>2016-06-28 07:38:59</PriceUpdateDate><ItemCode>424163</ItemCode><ItemType>3</ItemType><ItemName>גאודה טבעית חריץ בית</ItemName><ManufacturerName>בית יצחק</ManufacturerName><ManufactureCountry>ישראל</ManufactureCountry><ManufacturerItemDescription>גאודה טבעית חריץ בית</ManufacturerItemDescription><SoldByWeight/><Quantity>1.00</Quantity><UnitOfMeasure>ק"ג</UnitOfMeasure><QtyInPackage>לא ידוע</QtyInPackage><UnitOfMeasurePrice>113.1000</UnitOfMeasurePrice><AllowDiscount>1</AllowDiscount><ItemStatus>1</ItemStatus><ItemPrice>113.10</ItemPrice></item><item><PriceUpdateDate>2016-04-11 09:34:40</PriceUpdateDate><ItemCode>424439</ItemCode><ItemType>3</ItemType><ItemName>כבד עוף קפוא</ItemName><ManufacturerName>עוף טנא</ManufacturerName><ManufactureCountry>ישראל</ManufactureCountry><ManufacturerItemDescription>כבד עוף קפוא</ManufacturerItemDescription><SoldByWeight/><Quantity>1.00</Quantity><UnitOfMeasure>ק"ג</UnitOfMeasure><QtyInPackage>לא ידוע</QtyInPackage><UnitOfMeasurePrice>12.9000</UnitOfMeasurePrice><AllowDiscount>1</AllowDiscount><ItemStatus>1</ItemStatus><ItemPrice>12.90</ItemPrice></item><item><PriceUpdateDate>2016-04-11 09:34:41</PriceUpdateDate><ItemCode>424460</ItemCode><ItemType>3</ItemType><ItemName>כנפיים עוף  קפוא</ItemName><ManufacturerName>לא ידוע</ManufacturerName><ManufactureCountry>ישראל</ManufactureCountry><ManufacturerItemDescription>כנפיים עוף לקג מגש קפוא</ManufacturerItemDescription><SoldByWeight/><Quantity>1.00</Quantity><UnitOfMeasure>ק"ג</UnitOfMeasure><QtyInPackage>לא ידוע</QtyInPackage><UnitOfMeasurePrice>7.9000</UnitOfMeasurePrice><AllowDiscount>1</AllowDiscount><ItemStatus>1</ItemStatus><ItemPrice>7.90</ItemPrice></item><item><PriceUpdateDate>2015-11-18 13:57:18</PriceUpdateDate><ItemCode>426419</ItemCode><ItemType>3</ItemType><ItemName>פסטרמה כפרית במשקל</ItemName><ManufacturerName>טירת צבי</ManufacturerName><ManufactureCountry>ישראל</ManufactureCountry><ManufacturerItemDescription>פסטרמה כפרית במשקל</ManufacturerItemDescription><SoldByWeight/><Quantity>1.00</Quantity><UnitOfMeasure>ק"ג</UnitOfMeasure><QtyInPackage>לא ידוע</QtyInPackage><UnitOfMeasurePrice>57.0000</UnitOfMeasurePrice><AllowDiscount>1</AllowDiscount><ItemStatus>1</ItemStatus><ItemPrice>57.00</ItemPrice></item><item><PriceUpdateDate>2016-05-02 14:15:22</PriceUpdateDate><ItemCode>426990</ItemCode><ItemType>3</ItemType><ItemName>צלעות בקר קפוא מס' 2</ItemName><ManufacturerName>.N.Y.C</ManufacturerName><ManufactureCountry>ישראל</ManufactureCountry><ManufacturerItemDescription>צלעות בקר קפוא מס' 2</ManufacturerItemDescription><SoldByWeight/><Quantity>1.00</Quantity><UnitOfMeasure>ק"ג</UnitOfMeasure><QtyInPackage>לא ידוע</QtyInPackage><UnitOfMeasurePrice>39.9000</UnitOfMeasurePrice><AllowDiscount>1</AllowDiscount><ItemStatus>1</ItemStatus><ItemPrice>39.90</ItemPrice></item><item><PriceUpdateDate>2016-08-02 07:34:10</PriceUpdateDate><ItemCode>432007</ItemCode><ItemType>3</ItemType><ItemName>כתף בקר עגל טרי לקדי</ItemName><ManufacturerName>אדום אדום</ManufacturerName><ManufactureCountry>ישראל</ManufactureCountry><ManufacturerItemDescription>כתף לקדירה עגל טרי לקג</ManufacturerItemDescription><SoldByWeight/><Quantity>1.00</Quantity><UnitOfMeasure>ק"ג</UnitOfMeasure><QtyInPackage>לא ידוע</QtyInPackage><UnitOfMeasurePrice>79.9000</UnitOfMeasurePrice><AllowDiscount>1</AllowDiscount><ItemStatus>1</ItemStatus><ItemPrice>79.90</ItemPrice></item><item><PriceUpdateDate>2016-08-02 14:06:06</PriceUpdateDate><ItemCode>432045</ItemCode><ItemType>3</ItemType><ItemName>אסדו בקר טרי אדום אד</ItemName><ManufacturerName>אדום אדום</ManufacturerName><ManufactureCountry>ישראל</ManufactureCountry><ManufacturerItemDescription>אסדו טרי</ManufacturerItemDescription><SoldByWeight/><Quantity>1.00</Quantity><UnitOfMeasure>ק"ג</UnitOfMeasure><QtyInPackage>לא ידוע</QtyInPackage><UnitOfMeasurePrice>49.9000</UnitOfMeasurePrice><AllowDiscount>1</AllowDiscount><ItemStatus>1</ItemStatus><ItemPrice>49.90</ItemPrice></item><item><PriceUpdateDate>2015-04-14 12:32:27</PriceUpdateDate><ItemCode>432090</ItemCode><ItemType>3</ItemType><ItemName>אווזית בקר עגל טרי</ItemName><ManufacturerName>אדום אדום</ManufacturerName><ManufactureCountry>ישראל</ManufactureCountry><ManufacturerItemDescription>אווזית לקדירה עגל טרי</ManufacturerItemDescription><SoldByWeight/><Quantity>1.00</Quantity><UnitOfMeasure>ק"ג</UnitOfMeasure><QtyInPackage>לא ידוע</QtyInPackage><UnitOfMeasurePrice>104.0000</UnitOfMeasurePrice><AllowDiscount>1</AllowDiscount><ItemStatus>1</ItemStatus><ItemPrice>104.00</ItemPrice></item><item><PriceUpdateDate>2016-08-09 10:17:14</PriceUpdateDate><ItemCode>432199</ItemCode><ItemType>3</ItemType><ItemName>מב סטייק בקר ע.ע. טר</ItemName><ManufacturerName>אדום אדום</ManufacturerName><ManufactureCountry>ישראל</ManufactureCountry><ManufacturerItemDescription>סטייק עם עצם טרי</ManufacturerItemDescription><SoldByWeight/><Quantity>1.00</Quantity><UnitOfMeasure>ק"ג</UnitOfMeasure><QtyInPackage>לא ידוע</QtyInPackage><UnitOfMeasurePrice>79.9000</UnitOfMeasurePrice><AllowDiscount>1</AllowDiscount><ItemStatus>1</ItemStatus><ItemPrice>79.90</ItemPrice></item><item><PriceUpdateDate>2016-02-21 13:04:16</PriceUpdateDate><ItemCode>433905</ItemCode><ItemType>3</ItemType><ItemName>דג בקלה בשקית</ItemName><ManufacturerName>דלידג</ManufacturerName><ManufactureCountry>ישראל</ManufactureCountry><ManufacturerItemDescription>דג בקלה בשקית</ManufacturerItemDescription><SoldByWeight/><Quantity>1.00</Quantity><UnitOfMeasure>ק"ג</UnitOfMeasure><QtyInPackage>לא ידוע</QtyInPackage><UnitOfMeasurePrice>19.9000</UnitOfMeasurePrice><AllowDiscount>1</AllowDiscount><ItemStatus>1</ItemStatus><ItemPrice>19.90</ItemPrice></item><item><PriceUpdateDate>2014-11-10 06:30:26</PriceUpdateDate><ItemCode>434285</ItemCode><ItemType>3</ItemType><ItemName>מאפה פילו אגוזים</ItemName><ManufacturerName>פילסברי</ManufacturerName><ManufactureCountry>ישראל</ManufactureCountry><ManufacturerItemDescription>מאפה פילו אגוזים</ManufacturerItemDescription><SoldByWeight/><Quantity>1.00</Quantity><UnitOfMeasure>ק"ג</UnitOfMeasure><QtyInPackage>לא ידוע</QtyInPackage><UnitOfMeasurePrice>46.0000</UnitOfMeasurePrice><AllowDiscount>1</AllowDiscount><ItemStatus>1</ItemStatus><ItemPrice>46.00</ItemPrice></item><item><PriceUpdateDate>2016-06-06 12:23:08</PriceUpdateDate><ItemCode>438122</ItemCode><ItemType>3</ItemType><ItemName>פילה סלמון  סטרלינג</ItemName><ManufacturerName>דלידג</ManufacturerName><ManufactureCountry>ישראל</ManufactureCountry><ManufacturerItemDescription>פילה סלמון סטרלינג לקג</ManufacturerItemDescription><SoldByWeight/><Quantity>1.00</Quantity><UnitOfMeasure>ק"ג</UnitOfMeasure><QtyInPackage>לא ידוע</QtyInPackage><UnitOfMeasurePrice>74.9000</UnitOfMeasurePrice><AllowDiscount>1</AllowDiscount><ItemStatus>1</ItemStatus><ItemPrice>74.90</ItemPrice></item><item><PriceUpdateDate>2015-11-18 13:57:24</PriceUpdateDate><ItemCode>440743</ItemCode><ItemType>3</ItemType><ItemName>פטה 24%</ItemName><ManufacturerName>פיראוס</ManufacturerName><ManufactureCountry>ישראל</ManufactureCountry><ManufacturerItemDescription>פטה 24%</ManufacturerItemDescription><SoldByWeight/><Quantity>1.00</Quantity><UnitOfMeasure>ק"ג</UnitOfMeasure><QtyInPackage>לא ידוע</QtyInPackage><UnitOfMeasurePrice>118.2000</UnitOfMeasurePrice><AllowDiscount>1</AllowDiscount><ItemStatus>1</ItemStatus><ItemPrice>118.20</ItemPrice></item><item><PriceUpdateDate>2016-03-17 09:36:36</PriceUpdateDate><ItemCode>445304</ItemCode><ItemType>3</ItemType><ItemName>שריר הזרוע בקר קפוא</ItemName><ManufacturerName>.N.Y.C</ManufacturerName><ManufactureCountry>ישראל</ManufactureCountry><ManufacturerItemDescription>שריר הזרוע בקר קפוא</ManufacturerItemDescription><SoldByWeight/><Quantity>1.00</Quantity><UnitOfMeasure>ק"ג</UnitOfMeasure><QtyInPackage>לא ידוע</QtyInPackage><UnitOfMeasurePrice>37.9000</UnitOfMeasurePrice><AllowDiscount>1</AllowDiscount><ItemStatus>1</ItemStatus><ItemPrice>37.90</ItemPrice></item><item><PriceUpdateDate>2016-07-26 12:39:42</PriceUpdateDate><ItemCode>449203</ItemCode><ItemType>3</ItemType><ItemName>עוף טחון טרי במשקל</ItemName><ManufacturerName>לא ממותג</ManufacturerName><ManufactureCountry>ישראל</ManufactureCountry><ManufacturerItemDescription>עוף טחון טרי במשקל</ManufacturerItemDescription><SoldByWeight/><Quantity>1.00</Quantity><UnitOfMeasure>ק"ג</UnitOfMeasure><QtyInPackage>לא ידוע</QtyInPackage><UnitOfMeasurePrice>33.9000</UnitOfMeasurePrice><AllowDiscount>1</AllowDiscount><ItemStatus>1</ItemStatus><ItemPrice>33.90</ItemPrice></item><item><PriceUpdateDate>2016-08-02 07:38:11</PriceUpdateDate><ItemCode>449401</ItemCode><ItemType>3</ItemType><ItemName>מב בורקס גבינה במשקל</ItemName><ManufacturerName>פילסברי</ManufacturerName><ManufactureCountry>ישראל</ManufactureCountry><ManufacturerItemDescription>בורקס גבינה 1 קג לאפיה</ManufacturerItemDescription><SoldByWeight/><Quantity>1.00</Quantity><UnitOfMeasure>ק"ג</UnitOfMeasure><QtyInPackage>לא ידוע</QtyInPackage><UnitOfMeasurePrice>24.9000</UnitOfMeasurePrice><AllowDiscount>1</AllowDiscount><ItemStatus>1</ItemStatus><ItemPrice>24.90</ItemPrice></item><item><PriceUpdateDate>2016-06-28 07:37:56</PriceUpdateDate><ItemCode>449425</ItemCode><ItemType>3</ItemType><ItemName>בורקיטס מאפית</ItemName><ManufacturerName>פילסברי</ManufacturerName><ManufactureCountry>ישראל</ManufactureCountry><ManufacturerItemDescription>בורקיטס מאפית</ManufacturerItemDescription><SoldByWeight/><Quantity>1.00</Quantity><UnitOfMeasure>ק"ג</UnitOfMeasure><QtyInPackage>לא ידוע</QtyInPackage><UnitOfMeasurePrice>35.0000</UnitOfMeasurePrice><AllowDiscount>1</AllowDiscount><ItemStatus>1</ItemStatus><ItemPrice>35.00</ItemPrice></item><item><PriceUpdateDate>2016-08-02 07:38:12</PriceUpdateDate><ItemCode>449432</ItemCode><ItemType>3</ItemType><ItemName>מב קוראסון ביס שוקול</ItemName><ManufacturerName>פילסברי</ManufacturerName><ManufactureCountry>ישראל</ManufactureCountry><ManufacturerItemDescription>מב קוראסון ביס שוקול</ManufacturerItemDescription><SoldByWeight/><Quantity>1.00</Quantity><UnitOfMeasure>ק"ג</UnitOfMeasure><QtyInPackage>לא ידוע</QtyInPackage><UnitOfMeasurePrice>24.9000</UnitOfMeasurePrice><AllowDiscount>1</AllowDiscount><ItemStatus>1</ItemStatus><ItemPrice>24.90</ItemPrice></item><item><PriceUpdateDate>2016-06-28 07:37:56</PriceUpdateDate><ItemCode>449449</ItemCode><ItemType>3</ItemType><ItemName>גביניות</ItemName><ManufacturerName>פילסברי</ManufacturerName><ManufactureCountry>ישראל</ManufactureCountry><ManufacturerItemDescription>גבניות 1 קג לאפיה</ManufacturerItemDescription><SoldByWeight/><Quantity>1.00</Quantity><UnitOfMeasure>ק"ג</UnitOfMeasure><QtyInPackage>לא ידוע</QtyInPackage><UnitOfMeasurePrice>35.7000</UnitOfMeasurePrice><AllowDiscount>1</AllowDiscount><ItemStatus>1</ItemStatus><ItemPrice>35.70</ItemPrice></item><item><PriceUpdateDate>2016-08-02 07:34:14</PriceUpdateDate><ItemCode>449470</ItemCode><ItemType>3</ItemType><ItemName>רוגלך מאפית</ItemName><ManufacturerName>פילסברי</ManufacturerName><ManufactureCountry>ישראל</ManufactureCountry><ManufacturerItemDescription>רוגלך בטעם שוקולד 1 קג</ManufacturerItemDescription><SoldByWeight/><Quantity>1.00</Quantity><UnitOfMeasure>ק"ג</UnitOfMeasure><QtyInPackage>לא ידוע</QtyInPackage><UnitOfMeasurePrice>37.0000</UnitOfMeasurePrice><AllowDiscount>1</AllowDiscount><ItemStatus>1</ItemStatus><ItemPrice>37.00</ItemPrice></item><item><PriceUpdateDate>2014-11-10 06:30:26</PriceUpdateDate><ItemCode>449487</ItemCode><ItemType>3</ItemType><ItemName>מאפה שנק 1 ק''ג קינמ</ItemName><ManufacturerName>פילסברי</ManufacturerName><ManufactureCountry>ישראל</ManufactureCountry><ManufacturerItemDescription>מאפה שנק 1 ק''ג קינמ</ManufacturerItemDescription><SoldByWeight/><Quantity>1.00</Quantity><UnitOfMeasure>ק"ג</UnitOfMeasure><QtyInPackage>לא ידוע</QtyInPackage><UnitOfMeasurePrice>35.0000</UnitOfMeasurePrice><AllowDiscount>1</AllowDiscount><ItemStatus>1</ItemStatus><ItemPrice>35.00</ItemPrice></item><item><PriceUpdateDate>2015-11-18 13:57:27</PriceUpdateDate><ItemCode>449494</ItemCode><ItemType>3</ItemType><ItemName>מאפה פלמה 1 ק''ג קרם</ItemName><ManufacturerName>פילסברי</ManufacturerName><ManufactureCountry>ישראל</ManufactureCountry><ManufacturerItemDescription>מאפה פלמה קרם שניט 1 קג</ManufacturerItemDescription><SoldByWeight/><Quantity>1.00</Quantity><UnitOfMeasure>ק"ג</UnitOfMeasure><QtyInPackage>לא ידוע</QtyInPackage><UnitOfMeasurePrice>40.8000</UnitOfMeasurePrice><AllowDiscount>1</AllowDiscount><ItemStatus>1</ItemStatus><ItemPrice>40.80</ItemPrice></item><item><PriceUpdateDate>2015-10-22 10:36:33</PriceUpdateDate><ItemCode>449579</ItemCode><ItemType>3</ItemType><ItemName>פילס פיצה</ItemName><ManufacturerName>פילסברי</ManufacturerName><ManufactureCountry>ישראל</ManufactureCountry><ManufacturerItemDescription>בורקס פילס פיצה 1 קג לאפי</ManufacturerItemDescription><SoldByWeight/><Quantity>1.00</Quantity><UnitOfMeasure>ק"ג</UnitOfMeasure><QtyInPackage>לא ידוע</QtyInPackage><UnitOfMeasurePrice>40.8000</UnitOfMeasurePrice><AllowDiscount>1</AllowDiscount><ItemStatus>1</ItemStatus><ItemPrice>40.80</ItemPrice></item><item><PriceUpdateDate>2016-05-31 06:53:47</PriceUpdateDate><ItemCode>451930</ItemCode><ItemType>3</ItemType><ItemName>מקרל שלם ואקום דלידג</ItemName><ManufacturerName>דלידג</ManufacturerName><ManufactureCountry>ישראל</ManufactureCountry><ManufacturerItemDescription>מקרל שלם ואקום דלידג</ManufacturerItemDescription><SoldByWeight/><Quantity>1.00</Quantity><UnitOfMeasure>ק"ג</UnitOfMeasure><QtyInPackage>לא ידוע</QtyInPackage><UnitOfMeasurePrice>99.0000</UnitOfMeasurePrice><AllowDiscount>1</AllowDiscount><ItemStatus>1</ItemStatus><ItemPrice>99.00</ItemPrice></item><item><PriceUpdateDate>2016-05-31 06:53:47</PriceUpdateDate><ItemCode>451947</ItemCode><ItemType>3</ItemType><ItemName>מקרל חצאים ואקום דלי</ItemName><ManufacturerName>דלידג</ManufacturerName><ManufactureCountry>ישראל</ManufactureCountry><ManufacturerItemDescription>מקרל חצאים ואקום דלי</ManufacturerItemDescription><SoldByWeight/><Quantity>1.00</Quantity><UnitOfMeasure>ק"ג</UnitOfMeasure><QtyInPackage>לא ידוע</QtyInPackage><UnitOfMeasurePrice>102.0000</UnitOfMeasurePrice><AllowDiscount>1</AllowDiscount><ItemStatus>1</ItemStatus><ItemPrice>102.00</ItemPrice></item><item><PriceUpdateDate>2016-06-28 07:37:56</PriceUpdateDate><ItemCode>454351</ItemCode><ItemType>3</ItemType><ItemName>בורקס פילס 1 ק''ג פט</ItemName><ManufacturerName>פילסברי</ManufacturerName><ManufactureCountry>ישראל</ManufactureCountry><ManufacturerItemDescription>בורקס פילס פטריות 1 קג לא</ManufacturerItemDescription><SoldByWeight/><Quantity>1.00</Quantity><UnitOfMeasure>ק"ג</UnitOfMeasure><QtyInPackage>לא ידוע</QtyInPackage><UnitOfMeasurePrice>39.8000</UnitOfMeasurePrice><AllowDiscount>1</AllowDiscount><ItemStatus>1</ItemStatus><ItemPrice>39.80</ItemPrice></item><item><PriceUpdateDate>2014-11-10 06:30:26</PriceUpdateDate><ItemCode>455877</ItemCode><ItemType>3</ItemType><ItemName>קוקטייל בולגרית בצק</ItemName><ManufacturerName>פילסברי</ManufacturerName><ManufactureCountry>ישראל</ManufactureCountry><ManufacturerItemDescription>בורקס קוקטייל ביס בולגרית</ManufacturerItemDescription><SoldByWeight/><Quantity>1.00</Quantity><UnitOfMeasure>ק"ג</UnitOfMeasure><QtyInPackage>לא ידוע</QtyInPackage><UnitOfMeasurePrice>44.0000</UnitOfMeasurePrice><AllowDiscount>1</AllowDiscount><ItemStatus>1</ItemStatus><ItemPrice>44.00</ItemPrice></item><item><PriceUpdateDate>2014-11-10 06:30:26</PriceUpdateDate><ItemCode>455891</ItemCode><ItemType>3</ItemType><ItemName>כיס פרלין פילסברי</ItemName><ManufacturerName>פילסברי</ManufacturerName><ManufactureCountry>ישראל</ManufactureCountry><ManufacturerItemDescription>מאפה כיס פרלין 1 קג חלבי</ManufacturerItemDescription><SoldByWeight/><Quantity>1.00</Quantity><UnitOfMeasure>ק"ג</UnitOfMeasure><QtyInPackage>לא ידוע</QtyInPackage><UnitOfMeasurePrice>43.0000</UnitOfMeasurePrice><AllowDiscount>1</AllowDiscount><ItemStatus>1</ItemStatus><ItemPrice>43.00</ItemPrice></item><item><PriceUpdateDate>2016-08-03 11:58:28</PriceUpdateDate><ItemCode>46024824</ItemCode><ItemType>1</ItemType><ItemName>ס.נקסט בודד</ItemName><ManufacturerName>נקסט-סיגריות</ManufacturerName><ManufactureCountry>ארצות הברית</ManufactureCountry><ManufacturerItemDescription>סיגריות נקסט בודד</ManufacturerItemDescription><SoldByWeight/><Quantity>0.00</Quantity><UnitOfMeasure>יח'</UnitOfMeasure><QtyInPackage>לא ידוע</QtyInPackage><UnitOfMeasurePrice>0.0000</UnitOfMeasurePrice><AllowDiscount>1</AllowDiscount><ItemStatus>1</ItemStatus><ItemPrice>27.90</ItemPrice></item><item><PriceUpdateDate>2016-05-01 08:19:05</PriceUpdateDate><ItemCode>46214372250</ItemCode><ItemType>1</ItemType><ItemName>עוגיות מרבה שטרודל ת</ItemName><ManufacturerName>מרבה</ManufacturerName><ManufactureCountry>ישראל</ManufactureCountry><ManufacturerItemDescription>עוגיות מרבה שטרודל ת</ManufacturerItemDescription><SoldByWeight/><Quantity>225.00</Quantity><UnitOfMeasure>גרם     </UnitOfMeasure><QtyInPackage>לא ידוע</QtyInPackage><UnitOfMeasurePrice>0.0396</UnitOfMeasurePrice><AllowDiscount>0</AllowDiscount><ItemStatus>1</ItemStatus><ItemPrice>8.90</ItemPrice></item><item><PriceUpdateDate>2016-05-01 08:19:05</PriceUpdateDate><ItemCode>46214731552</ItemCode><ItemType>1</ItemType><ItemName>עוגיות מרבה שוקוצ'יפ</ItemName><ManufacturerName>מרבה</ManufacturerName><ManufactureCountry>הולנד</ManufactureCountry><ManufacturerItemDescription>עוגיות ש.צ'יפס  יפס225גר</ManufacturerItemDescription><SoldByWeight/><Quantity>225.00</Quantity><UnitOfMeasure>גרם     </UnitOfMeasure><QtyInPackage>לא ידוע</QtyInPackage><UnitOfMeasurePrice>0.0396</UnitOfMeasurePrice><AllowDiscount>0</AllowDiscount><ItemStatus>1</ItemStatus><ItemPrice>8.90</ItemPrice></item><item><PriceUpdateDate>2016-06-28 09:30:36</PriceUpdateDate><ItemCode>4750017001847</ItemCode><ItemType>1</ItemType><ItemName>מב פילה דג  סלמון במ</ItemName><ManufacturerName>לא ממותג</ManufacturerName><ManufactureCountry>לא ידוע</ManufactureCountry><ManufacturerItemDescription>מב פילה דג  סלמון במ</ManufacturerItemDescription><SoldByWeight/><Quantity>200.00</Quantity><UnitOfMeasure>גרם     </UnitOfMeasure><QtyInPackage>לא ידוע</QtyInPackage><UnitOfMeasurePrice>0.0495</UnitOfMeasurePrice><AllowDiscount>1</AllowDiscount><ItemStatus>1</ItemStatus><ItemPrice>9.90</ItemPrice></item><item><PriceUpdateDate>2016-06-28 09:30:37</PriceUpdateDate><ItemCode>4750017001854</ItemCode><ItemType>1</ItemType><ItemName>מב פילה דג  סלמון בש</ItemName><ManufacturerName>לא ממותג</ManufacturerName><ManufactureCountry>לא ידוע</ManufactureCountry><ManufacturerItemDescription>מב פילה דג  סלמון בש</ManufacturerItemDescription><SoldByWeight/><Quantity>200.00</Quantity><UnitOfMeasure>גרם     </UnitOfMeasure><QtyInPackage>לא ידוע</QtyInPackage><UnitOfMeasurePrice>0.0495</UnitOfMeasurePrice><AllowDiscount>1</AllowDiscount><ItemStatus>1</ItemStatus><ItemPrice>9.90</ItemPrice></item><item><PriceUpdateDate>2015-11-18 13:58:11</PriceUpdateDate><ItemCode>4750017353021</ItemCode><ItemType>1</ItemType><ItemName>דג ריגה שפרוטים 160</ItemName><ManufacturerName>לא ממותג</ManufacturerName><ManufactureCountry>ישראל</ManufactureCountry><ManufacturerItemDescription>דג ריגה שפרוטים 160</ManufacturerItemDescription><SoldByWeight/><Quantity>160.00</Quantity><UnitOfMeasure>גרם     </UnitOfMeasure><QtyInPackage>לא ידוע</QtyInPackage><UnitOfMeasurePrice>0.0450</UnitOfMeasurePrice><AllowDiscount>1</AllowDiscount><ItemStatus>1</ItemStatus><ItemPrice>7.20</ItemPrice></item><item><PriceUpdateDate>2015-04-14 12:32:35</PriceUpdateDate><ItemCode>476254</ItemCode><ItemType>3</ItemType><ItemName>שייטל בקר עגל טרי אד</ItemName><ManufacturerName>אדום אדום</ManufacturerName><ManufactureCountry>ישראל</ManufactureCountry><ManufacturerItemDescription>שייטל עגל טרי לקג</ManufacturerItemDescription><SoldByWeight/><Quantity>1.00</Quantity><UnitOfMeasure>ק"ג</UnitOfMeasure><QtyInPackage>לא ידוע</QtyInPackage><UnitOfMeasurePrice>109.0000</UnitOfMeasurePrice><AllowDiscount>1</AllowDiscount><ItemStatus>1</ItemStatus><ItemPrice>109.00</ItemPrice></item><item><PriceUpdateDate>2016-01-17 09:57:21</PriceUpdateDate><ItemCode>476308</ItemCode><ItemType>3</ItemType><ItemName>קיט נתחים לקצב טרי ל</ItemName><ManufacturerName>אדום אדום</ManufacturerName><ManufactureCountry>ישראל</ManufactureCountry><ManufacturerItemDescription>בשר טחון טרי נתחים</ManufacturerItemDescription><SoldByWeight/><Quantity>1.00</Quantity><UnitOfMeasure>ק"ג</UnitOfMeasure><QtyInPackage>לא ידוע</QtyInPackage><UnitOfMeasurePrice>64.9000</UnitOfMeasurePrice><AllowDiscount>1</AllowDiscount><ItemStatus>1</ItemStatus><ItemPrice>64.90</ItemPrice></item><item><PriceUpdateDate>2016-03-01 06:12:42</PriceUpdateDate><ItemCode>4800888160171</ItemCode><ItemType>1</ItemType><ItemName>דאו' רול און רקסונה</ItemName><ManufacturerName>רקסונה</ManufacturerName><ManufactureCountry>ישראל</ManufactureCountry><ManufacturerItemDescription>דאו' רול און רקסונה</ManufacturerItemDescription><SoldByWeight/><Quantity>50.00</Quantity><UnitOfMeasure>מ"ל</UnitOfMeasure><QtyInPackage>לא ידוע</QtyInPackage><UnitOfMeasurePrice>0.4880</UnitOfMeasurePrice><AllowDiscount>1</AllowDiscount><ItemStatus>1</ItemStatus><ItemPrice>24.40</ItemPrice></item><item><PriceUpdateDate>2016-05-31 06:54:44</PriceUpdateDate><ItemCode>4860019001414</ItemCode><ItemType>1</ItemType><ItemName>בורגומי 750 מ''</ItemName><ManufacturerName>לא ממותג</ManufacturerName><ManufactureCountry>ישראל</ManufactureCountry><ManufacturerItemDescription>בורגומי מים מינרלים 750 מ</ManufacturerItemDescription><SoldByWeight/><Quantity>750.00</Quantity><UnitOfMeasure>מ"ל</UnitOfMeasure><QtyInPackage>לא ידוע</QtyInPackage><UnitOfMeasurePrice>0.0120</UnitOfMeasurePrice><AllowDiscount>1</AllowDiscount><ItemStatus>1</ItemStatus><ItemPrice>9.00</ItemPrice></item><item><PriceUpdateDate>2016-06-28 07:39:00</PriceUpdateDate><ItemCode>4861025</ItemCode><ItemType>3</ItemType><ItemName>גבינה בולגרית 5%לק"ג</ItemName><ManufacturerName>המושבה</ManufacturerName><ManufactureCountry>ישראל</ManufactureCountry><ManufacturerItemDescription>גבינה בולגרית 5%לק"ג</ManufacturerItemDescription><SoldByWeight/><Quantity>1.00</Quantity><UnitOfMeasure>ק"ג</UnitOfMeasure><QtyInPackage>לא ידוע</QtyInPackage><UnitOfMeasurePrice>59.9000</UnitOfMeasurePrice><AllowDiscount>1</AllowDiscount><ItemStatus>1</ItemStatus><ItemPrice>59.90</ItemPrice></item><item><PriceUpdateDate>2014-11-10 06:31:09</PriceUpdateDate><ItemCode>4861445</ItemCode><ItemType>3</ItemType><ItemName>כדורי לאבנה בשמן זית</ItemName><ManufacturerName>המושבה</ManufacturerName><ManufactureCountry>ישראל</ManufactureCountry><ManufacturerItemDescription>כדורי לאבנה בשמן זית</ManufacturerItemDescription><SoldByWeight/><Quantity>1.00</Quantity><UnitOfMeasure>ק"ג</UnitOfMeasure><QtyInPackage>לא ידוע</QtyInPackage><UnitOfMeasurePrice>116.0000</UnitOfMeasurePrice><AllowDiscount>1</AllowDiscount><ItemStatus>1</ItemStatus><ItemPrice>116.00</ItemPrice></item><item><PriceUpdateDate>2016-05-31 06:54:44</PriceUpdateDate><ItemCode>4891135400140</ItemCode><ItemType>1</ItemType><ItemName>פחמים מיוחדים הפי 4</ItemName><ManufacturerName>יעקבי</ManufacturerName><ManufactureCountry>ישראל</ManufactureCountry><ManufacturerItemDescription>פחמים מיוחדים הפי 4</ManufacturerItemDescription><SoldByWeight/><Quantity>4000.00</Quantity><UnitOfMeasure>גרם     </UnitOfMeasure><QtyInPackage>לא ידוע</QtyInPackage><UnitOfMeasurePrice>0.0092</UnitOfMeasurePrice><AllowDiscount>1</AllowDiscount><ItemStatus>1</ItemStatus><ItemPrice>36.60</ItemPrice></item><item><PriceUpdateDate>2016-05-31 06:54:44</PriceUpdateDate><ItemCode>4891228430061</ItemCode><ItemType>1</ItemType><ItemName>ס.גילוח חד פעמי*10 נ</ItemName><ManufacturerName>לא ידוע</ManufacturerName><ManufactureCountry>סין</ManufactureCountry><ManufacturerItemDescription>מנה חמה נודלס   עוף70גרם</ManufacturerItemDescription><SoldByWeight/><Quantity>10.00</Quantity><UnitOfMeasure>בודד</UnitOfMeasure><QtyInPackage>לא ידוע</QtyInPackage><UnitOfMeasurePrice>3.3600</UnitOfMeasurePrice><AllowDiscount>1</AllowDiscount><ItemStatus>1</ItemStatus><ItemPrice>33.60</ItemPrice></item><item><PriceUpdateDate>2016-06-28 09:28:34</PriceUpdateDate><ItemCode>4891228430092</ItemCode><ItemType>1</ItemType><ItemName>סכיני גילוח שיק אקסט</ItemName><ManufacturerName>שיק</ManufacturerName><ManufactureCountry>סין</ManufactureCountry><ManufacturerItemDescription>טוסטעיםחיטה מלאהה 100גרם</ManufacturerItemDescription><SoldByWeight/><Quantity>4.00</Quantity><UnitOfMeasure>בודד</UnitOfMeasure><QtyInPackage>לא ידוע</QtyInPackage><UnitOfMeasurePrice>6.3000</UnitOfMeasurePrice><AllowDiscount>1</AllowDiscount><ItemStatus>1</ItemStatus><ItemPrice>25.20</ItemPrice></item><item><PriceUpdateDate>2016-05-01 08:13:06</PriceUpdateDate><ItemCode>4891228460235</ItemCode><ItemType>1</ItemType><ItemName>שיק קוואטרו חד פעמי</ItemName><ManufacturerName>שיק</ManufacturerName><ManufactureCountry>ישראל</ManufactureCountry><ManufacturerItemDescription>שיק קוואטרו חד פעמי</ManufacturerItemDescription><SoldByWeight/><Quantity>1.00</Quantity><UnitOfMeasure>יח'</UnitOfMeasure><QtyInPackage>לא ידוע</QtyInPackage><UnitOfMeasurePrice>32.9000</UnitOfMeasurePrice><AllowDiscount>1</AllowDiscount><ItemStatus>1</ItemStatus><ItemPrice>32.90</ItemPrice></item><item><PriceUpdateDate>2016-06-02 11:51:09</PriceUpdateDate><ItemCode>50000225224</ItemCode><ItemType>1</ItemType><ItemName>פריסקיז פריים פילה ה</ItemName><ManufacturerName>פריסקיז</ManufacturerName><ManufactureCountry>ארצות הברית</ManufactureCountry><ManufacturerItemDescription>מרכך אלביב וונדי צבוע700</ManufacturerItemDescription><SoldByWeight/><Quantity>156.00</Quantity><UnitOfMeasure>גרם     </UnitOfMeasure><QtyInPackage>לא ידוע</QtyInPackage><UnitOfMeasurePrice>0.0494</UnitOfMeasurePrice><AllowDiscount>1</AllowDiscount><ItemStatus>1</ItemStatus><ItemPrice>7.70</ItemPrice></item><item><PriceUpdateDate>2015-11-18 13:57:59</PriceUpdateDate><ItemCode>50000445691</ItemCode><ItemType>1</ItemType><ItemName>פריסקיז נתחי עוף וסל</ItemName><ManufacturerName>פריסקיז</ManufacturerName><ManufactureCountry>ארצות הברית</ManufactureCountry><ManufacturerItemDescription>מרכך אלביב וונדי מפוצ700</ManufacturerItemDescription><SoldByWeight/><Quantity>156.00</Quantity><UnitOfMeasure>גרם     </UnitOfMeasure><QtyInPackage>לא ידוע</QtyInPackage><UnitOfMeasurePrice>0.0494</UnitOfMeasurePrice><AllowDiscount>1</AllowDiscount><ItemStatus>1</ItemStatus><ItemPrice>7.70</ItemPrice></item><item><PriceUpdateDate>2015-11-18 13:57:59</PriceUpdateDate><ItemCode>50000571987</ItemCode><ItemType>1</ItemType><ItemName>פריסקיז נתחי עוף ברו</ItemName><ManufacturerName>פריסקיז</ManufacturerName><ManufactureCountry>ישראל</ManufactureCountry><ManufacturerItemDescription>פריסקיז נתחי עוף ברו</ManufacturerItemDescription><SoldByWeight/><Quantity>156.00</Quantity><UnitOfMeasure>גרם     </UnitOfMeasure><QtyInPackage>לא ידוע</QtyInPackage><UnitOfMeasurePrice>0.0494</UnitOfMeasurePrice><AllowDiscount>1</AllowDiscount><ItemStatus>1</ItemStatus><ItemPrice>7.70</ItemPrice></item><item><PriceUpdateDate>2016-08-02 07:38:39</PriceUpdateDate><ItemCode>5000159384209</ItemCode><ItemType>1</ItemType><ItemName>מב סניקרס רביעייה 20</ItemName><ManufacturerName>סניקרס</ManufacturerName><ManufactureCountry>ישראל</ManufactureCountry><ManufacturerItemDescription>חטיפי סניקרס    ז 50*4גר</ManufacturerItemDescription><SoldByWeight/><Quantity>200.00</Quantity><UnitOfMeasure>גרם     </UnitOfMeasure><QtyInPackage>לא ידוע</QtyInPackage><UnitOfMeasurePrice>0.0595</UnitOfMeasurePrice><AllowDiscount>1</AllowDiscount><ItemStatus>1</ItemStatus><ItemPrice>11.90</ItemPrice></item><item><PriceUpdateDate>2015-12-16 09:04:33</PriceUpdateDate><ItemCode>5000159407236</ItemCode><ItemType>1</ItemType><ItemName>חטיף שוקולד מרס 51 ג</ItemName><ManufacturerName>לא ממותג</ManufacturerName><ManufactureCountry>הולנד</ManufactureCountry><ManufacturerItemDescription>חטיף מרס</ManufacturerItemDescription><SoldByWeight/><Quantity>51.00</Quantity><UnitOfMeasure>יח'</UnitOfMeasure><QtyInPackage>לא ידוע</QtyInPackage><UnitOfMeasurePrice>0.1157</UnitOfMeasurePrice><AllowDiscount>0</AllowDiscount><ItemStatus>1</ItemStatus><ItemPrice>5.90</ItemPrice></item><item><PriceUpdateDate>2015-12-16 09:04:33</PriceUpdateDate><ItemCode>5000159459228</ItemCode><ItemType>1</ItemType><ItemName>חטיף טוויקס 50 גרם</ItemName><ManufacturerName>לא ממותג</ManufacturerName><ManufactureCountry>הולנד</ManufactureCountry><ManufacturerItemDescription>חטיף טוויקס     רם</ManufacturerItemDescription><SoldByWeight/><Quantity>50.00</Quantity><UnitOfMeasure>גרם     </UnitOfMeasure><QtyInPackage>לא ידוע</QtyInPackage><UnitOfMeasurePrice>0.1180</UnitOfMeasurePrice><AllowDiscount>0</AllowDiscount><ItemStatus>1</ItemStatus><ItemPrice>5.90</ItemPrice></item><item><PriceUpdateDate>2016-08-02 07:38:40</PriceUpdateDate><ItemCode>5000198285505</ItemCode><ItemType>1</ItemType><ItemName>מב משחת שיניים פרודו</ItemName><ManufacturerName>פרודונטקס</ManufacturerName><ManufactureCountry>ישראל</ManufactureCountry><ManufacturerItemDescription>מב משחת שיניים פרודו</ManufacturerItemDescription><SoldByWeight/><Quantity>75.00</Quantity><UnitOfMeasure>מ"ל</UnitOfMeasure><QtyInPackage>לא ידוע</QtyInPackage><UnitOfMeasurePrice>0.2387</UnitOfMeasurePrice><AllowDiscount>1</AllowDiscount><ItemStatus>1</ItemStatus><ItemPrice>17.90</ItemPrice></item><item><PriceUpdateDate>2016-05-31 07:01:46</PriceUpdateDate><ItemCode>5000204659054</ItemCode><ItemType>1</ItemType><ItemName>מ.נעליים קיווי קופסה</ItemName><ManufacturerName>קיווי</ManufacturerName><ManufactureCountry>ישראל</ManufactureCountry><ManufacturerItemDescription>מ.נעליים קיווי קופסה</ManufacturerItemDescription><SoldByWeight/><Quantity>0.00</Quantity><UnitOfMeasure>יח'</UnitOfMeasure><QtyInPackage>לא ידוע</QtyInPackage><UnitOfMeasurePrice>0.0000</UnitOfMeasurePrice><AllowDiscount>1</AllowDiscount><ItemStatus>1</ItemStatus><ItemPrice>6.20</ItemPrice></item><item><PriceUpdateDate>2016-01-11 07:08:45</PriceUpdateDate><ItemCode>5000204661392</ItemCode><ItemType>1</ItemType><ItemName>מ.נעליים קיווי קופסה</ItemName><ManufacturerName>קיווי</ManufacturerName><ManufactureCountry>ישראל</ManufactureCountry><ManufacturerItemDescription>מ.נעליים קיווי קופסה</ManufacturerItemDescription><SoldByWeight/><Quantity>0.00</Quantity><UnitOfMeasure>יח'</UnitOfMeasure><QtyInPackage>לא ידוע</QtyInPackage><UnitOfMeasurePrice>0.0000</UnitOfMeasurePrice><AllowDiscount>1</AllowDiscount><ItemStatus>1</ItemStatus><ItemPrice>14.50</ItemPrice></item><item><PriceUpdateDate>2016-08-02 07:34:38</PriceUpdateDate><ItemCode>5010182997338</ItemCode><ItemType>1</ItemType><ItemName>מב טואלט דאק ג'ל אסל</ItemName><ManufacturerName>טואלט דאק</ManufacturerName><ManufactureCountry>איטליה</ManufactureCountry><ManufacturerItemDescription>מיונז הלמנס     גרם</ManufacturerItemDescription><SoldByWeight/><Quantity>55.00</Quantity><UnitOfMeasure>מ"ל</UnitOfMeasure><QtyInPackage>לא ידוע</QtyInPackage><UnitOfMeasurePrice>0.1618</UnitOfMeasurePrice><AllowDiscount>1</AllowDiscount><ItemStatus>1</ItemStatus><ItemPrice>8.90</ItemPrice></item><item><PriceUpdateDate>2016-06-30 06:41:27</PriceUpdateDate><ItemCode>5010182997680</ItemCode><ItemType>1</ItemType><ItemName>מב רייד קוטל זוחלים</ItemName><ManufacturerName>רייד</ManufacturerName><ManufactureCountry>הולנד</ManufactureCountry><ManufacturerItemDescription>רייד נמלים       300 מ"ל</ManufacturerItemDescription><SoldByWeight/><Quantity>300.00</Quantity><UnitOfMeasure>מ"ל</UnitOfMeasure><QtyInPackage>לא ידוע</QtyInPackage><UnitOfMeasurePrice>0.0430</UnitOfMeasurePrice><AllowDiscount>1</AllowDiscount><ItemStatus>1</ItemStatus><ItemPrice>12.90</ItemPrice></item><item><PriceUpdateDate>2016-08-02 07:34:38</PriceUpdateDate><ItemCode>5010182997918</ItemCode><ItemType>1</ItemType><ItemName>מב טואלט דאק ג'ל אסל</ItemName><ManufacturerName>טואלט דאק</ManufacturerName><ManufactureCountry>איטליה</ManufactureCountry><ManufacturerItemDescription>מיונז הלמנס      424 גרם</ManufacturerItemDescription><SoldByWeight/><Quantity>55.00</Quantity><UnitOfMeasure>מ"ל</UnitOfMeasure><QtyInPackage>לא ידוע</QtyInPackage><UnitOfMeasurePrice>0.1618</UnitOfMeasurePrice><AllowDiscount>1</AllowDiscount><ItemStatus>1</ItemStatus><ItemPrice>8.90</ItemPrice></item><item><PriceUpdateDate>2016-02-15 12:45:15</PriceUpdateDate><ItemCode>5010622005012</ItemCode><ItemType>1</ItemType><ItemName>חוט דנטלי אורל בי לל</ItemName><ManufacturerName>אורל בי</ManufacturerName><ManufactureCountry>מקסיקו</ManufactureCountry><ManufacturerItemDescription>חוט דנטלי אורל בי לל</ManufacturerItemDescription><SoldByWeight/><Quantity>0.00</Quantity><UnitOfMeasure>יח'</UnitOfMeasure><QtyInPackage>לא ידוע</QtyInPackage><UnitOfMeasurePrice>0.0000</UnitOfMeasurePrice><AllowDiscount>1</AllowDiscount><ItemStatus>1</ItemStatus><ItemPrice>17.90</ItemPrice></item><item><PriceUpdateDate>2016-08-02 07:38:41</PriceUpdateDate><ItemCode>5010677554602</ItemCode><ItemType>1</ItemType><ItemName>מב בקרדי בריזר אפרסק</ItemName><ManufacturerName>בריזר</ManufacturerName><ManufactureCountry>גרמניה</ManufactureCountry><ManufacturerItemDescription>בקרדי בריזר אפרסק 275 מל</ManufacturerItemDescription><SoldByWeight/><Quantity>275.00</Quantity><UnitOfMeasure>גרם     </UnitOfMeasure><QtyInPackage>לא ידוע</QtyInPackage><UnitOfMeasurePrice>0.0433</UnitOfMeasurePrice><AllowDiscount>1</AllowDiscount><ItemStatus>1</ItemStatus><ItemPrice>11.90</ItemPrice></item><item><PriceUpdateDate>2016-06-28 09:30:39</PriceUpdateDate><ItemCode>5011417565421</ItemCode><ItemType>1</ItemType><ItemName>מב אירוויק פיור ספרי</ItemName><ManufacturerName>לא ממותג</ManufacturerName><ManufactureCountry>לא ידוע</ManufactureCountry><ManufacturerItemDescription>מב אירוויק פיור ספרי</ManufacturerItemDescription><SoldByWeight/><Quantity>255.00</Quantity><UnitOfMeasure>גרם     </UnitOfMeasure><QtyInPackage>לא ידוע</QtyInPackage><UnitOfMeasurePrice>0.0584</UnitOfMeasurePrice><AllowDiscount>1</AllowDiscount><ItemStatus>1</ItemStatus><ItemPrice>14.90</ItemPrice></item><item><PriceUpdateDate>2016-05-31 07:01:46</PriceUpdateDate><ItemCode>5014271300429</ItemCode><ItemType>1</ItemType><ItemName>ריבת מעדן משמש ללא ס</ItemName><ManufacturerName>סאן דלפור</ManufacturerName><ManufactureCountry>ישראל</ManufactureCountry><ManufacturerItemDescription>ריבת מעדן משמש ללא ס</ManufacturerItemDescription><SoldByWeight/><Quantity>284.00</Quantity><UnitOfMeasure>גרם     </UnitOfMeasure><QtyInPackage>לא ידוע</QtyInPackage><UnitOfMeasurePrice>0.0630</UnitOfMeasurePrice><AllowDiscount>1</AllowDiscount><ItemStatus>1</ItemStatus><ItemPrice>17.90</ItemPrice></item><item><PriceUpdateDate>2016-05-31 07:01:46</PriceUpdateDate><ItemCode>5014271330426</ItemCode><ItemType>1</ItemType><ItemName>ריבת מעדן אוכמניות ל</ItemName><ManufacturerName>סאן דלפור</ManufacturerName><ManufactureCountry>ישראל</ManufactureCountry><ManufacturerItemDescription>מעדן אוכמניות כחולות 284</ManufacturerItemDescription><SoldByWeight/><Quantity>284.00</Quantity><UnitOfMeasure>גרם     </UnitOfMeasure><QtyInPackage>לא ידוע</QtyInPackage><UnitOfMeasurePrice>0.0630</UnitOfMeasurePrice><AllowDiscount>1</AllowDiscount><ItemStatus>1</ItemStatus><ItemPrice>17.90</ItemPrice></item><item><PriceUpdateDate>2016-05-31 07:01:47</PriceUpdateDate><ItemCode>5014271400426</ItemCode><ItemType>1</ItemType><ItemName>ריבת מעדן תות שדה לל</ItemName><ManufacturerName>סאן דלפור</ManufacturerName><ManufactureCountry>ישראל</ManufactureCountry><ManufacturerItemDescription>מעדן תות שדה 284 גר</ManufacturerItemDescription><SoldByWeight/><Quantity>284.00</Quantity><UnitOfMeasure>גרם     </UnitOfMeasure><QtyInPackage>לא ידוע</QtyInPackage><UnitOfMeasurePrice>0.0630</UnitOfMeasurePrice><AllowDiscount>1</AllowDiscount><ItemStatus>1</ItemStatus><ItemPrice>17.90</ItemPrice></item><item><PriceUpdateDate>2016-06-28 09:28:35</PriceUpdateDate><ItemCode>5029053510811</ItemCode><ItemType>1</ItemType><ItemName>מב תחבושות קוטקס נור</ItemName><ManufacturerName>קוטקס</ManufacturerName><ManufactureCountry>ישראל</ManufactureCountry><ManufacturerItemDescription>קוטקס תחבושות נורמל+כנפ.2</ManufacturerItemDescription><SoldByWeight/><Quantity>28.00</Quantity><UnitOfMeasure>בודד</UnitOfMeasure><QtyInPackage>לא ידוע</QtyInPackage><UnitOfMeasurePrice>0.6393</UnitOfMeasurePrice><AllowDiscount>1</AllowDiscount><ItemStatus>1</ItemStatus><ItemPrice>17.90</ItemPrice></item><item><PriceUpdateDate>2016-06-28 09:28:35</PriceUpdateDate><ItemCode>5029053510828</ItemCode><ItemType>1</ItemType><ItemName>מב תחבושות קוטקס סופ</ItemName><ManufacturerName>קוטקס</ManufacturerName><ManufactureCountry>ישראל</ManufactureCountry><ManufacturerItemDescription>קוטקס תחבושות סופר+כנפ.24</ManufacturerItemDescription><SoldByWeight/><Quantity>24.00</Quantity><UnitOfMeasure>בודד</UnitOfMeasure><QtyInPackage>לא ידוע</QtyInPackage><UnitOfMeasurePrice>0.7458</UnitOfMeasurePrice><AllowDiscount>1</AllowDiscount><ItemStatus>1</ItemStatus><ItemPrice>17.90</ItemPrice></item><item><PriceUpdateDate>2016-06-28 09:28:35</PriceUpdateDate><ItemCode>5029053523446</ItemCode><ItemType>1</ItemType><ItemName>מב תחבושות קוטקס ניי</ItemName><ManufacturerName>קוטקס</ManufacturerName><ManufactureCountry>ישראל</ManufactureCountry><ManufacturerItemDescription>מב תחבושות קוטקס ניי</ManufacturerItemDescription><SoldByWeight/><Quantity>16.00</Quantity><UnitOfMeasure>בודד</UnitOfMeasure><QtyInPackage>לא ידוע</QtyInPackage><UnitOfMeasurePrice>1.1187</UnitOfMeasurePrice><AllowDiscount>1</AllowDiscount><ItemStatus>1</ItemStatus><ItemPrice>17.90</ItemPrice></item><item><PriceUpdateDate>2016-08-10 08:23:45</PriceUpdateDate><ItemCode>5029053534596</ItemCode><ItemType>1</ItemType><ItemName>טמפוני קוטקס נורמל 3</ItemName><ManufacturerName>קוטקס</ManufacturerName><ManufactureCountry>ישראל</ManufactureCountry><ManufacturerItemDescription>טמפוני קוטקס    נורמל</ManufacturerItemDescription><SoldByWeight/><Quantity>32.00</Quantity><UnitOfMeasure>בודד</UnitOfMeasure><QtyInPackage>לא ידוע</QtyInPackage><UnitOfMeasurePrice>1.0906</UnitOfMeasurePrice><AllowDiscount>1</AllowDiscount><ItemStatus>1</ItemStatus><ItemPrice>34.90</ItemPrice></item><item><PriceUpdateDate>2014-11-17 09:07:06</PriceUpdateDate><ItemCode>5035766044673</ItemCode><ItemType>1</ItemType><ItemName>סיידר תפוח אלכוהולי</ItemName><ManufacturerName>לא ממותג</ManufacturerName><ManufactureCountry>בלגיה</ManufactureCountry><ManufacturerItemDescription>סיידר תפוחים עם 5% אלכוהו</ManufacturerItemDescription><SoldByWeight/><Quantity>330.00</Quantity><UnitOfMeasure>מ"ל</UnitOfMeasure><QtyInPackage>לא ידוע</QtyInPackage><UnitOfMeasurePrice>0.0252</UnitOfMeasurePrice><AllowDiscount>1</AllowDiscount><ItemStatus>1</ItemStatus><ItemPrice>8.30</ItemPrice></item><item><PriceUpdateDate>2016-03-16 18:08:41</PriceUpdateDate><ItemCode>5099864006711</ItemCode><ItemType>1</ItemType><ItemName>אבקת סימילאק אדוונס</ItemName><ManufacturerName>סימילאק</ManufacturerName><ManufactureCountry>אירלנד</ManufactureCountry><ManufacturerItemDescription>מגן תחתון קוטקס ילק לייט</ManufacturerItemDescription><SoldByWeight/><Quantity>900.00</Quantity><UnitOfMeasure>גרם     </UnitOfMeasure><QtyInPackage>לא ידוע</QtyInPackage><UnitOfMeasurePrice>0.0888</UnitOfMeasurePrice><AllowDiscount>1</AllowDiscount><ItemStatus>1</ItemStatus><ItemPrice>79.90</ItemPrice></item><item><PriceUpdateDate>2016-03-16 18:08:41</PriceUpdateDate><ItemCode>5099864006728</ItemCode><ItemType>1</ItemType><ItemName>אבקת סימילאק אדוונס</ItemName><ManufacturerName>סימילאק</ManufacturerName><ManufactureCountry>אירלנד</ManufactureCountry><ManufacturerItemDescription>מגן תחתון קוטקס קס סילקL</ManufacturerItemDescription><SoldByWeight/><Quantity>900.00</Quantity><UnitOfMeasure>גרם     </UnitOfMeasure><QtyInPackage>לא ידוע</QtyInPackage><UnitOfMeasurePrice>0.0888</UnitOfMeasurePrice><AllowDiscount>1</AllowDiscount><ItemStatus>1</ItemStatus><ItemPrice>79.90</ItemPrice></item><item><PriceUpdateDate>2016-08-02 07:34:39</PriceUpdateDate><ItemCode>5200351240017</ItemCode><ItemType>1</ItemType><ItemName>גליליות וופל אגוזים</ItemName><ManufacturerName>גולדן בריק</ManufacturerName><ManufactureCountry>יוון</ManufactureCountry><ManufacturerItemDescription>גליליות קרם אגוז+קקאו400</ManufacturerItemDescription><SoldByWeight/><Quantity>400.00</Quantity><UnitOfMeasure>גרם     </UnitOfMeasure><QtyInPackage>לא ידוע</QtyInPackage><UnitOfMeasurePrice>0.0508</UnitOfMeasurePrice><AllowDiscount>1</AllowDiscount><ItemStatus>1</ItemStatus><ItemPrice>20.30</ItemPrice></item><item><PriceUpdateDate>2016-02-11 08:19:02</PriceUpdateDate><ItemCode>5201360582785</ItemCode><ItemType>1</ItemType><ItemName>מארז קוראסון אישי 7</ItemName><ManufacturerName>אס.סי צ'יפיטה , רומנ</ManufacturerName><ManufactureCountry>ישראל</ManufactureCountry><ManufacturerItemDescription>מארז קוראסון אישי 7</ManufacturerItemDescription><SoldByWeight/><Quantity>240.00</Quantity><UnitOfMeasure>גרם     </UnitOfMeasure><QtyInPackage>לא ידוע</QtyInPackage><UnitOfMeasurePrice>0.0413</UnitOfMeasurePrice><AllowDiscount>1</AllowDiscount><ItemStatus>1</ItemStatus><ItemPrice>9.90</ItemPrice></item><item><PriceUpdateDate>2016-01-20 08:02:04</PriceUpdateDate><ItemCode>5201360724741</ItemCode><ItemType>1</ItemType><ItemName>מארז רולדות אישיות 7</ItemName><ManufacturerName>אס.סי צ'יפיטה , רומנ</ManufacturerName><ManufactureCountry>ישראל</ManufactureCountry><ManufacturerItemDescription>מארז רולדות אישיות 7</ManufacturerItemDescription><SoldByWeight/><Quantity>256.00</Quantity><UnitOfMeasure>גרם     </UnitOfMeasure><QtyInPackage>לא ידוע</QtyInPackage><UnitOfMeasurePrice>0.0387</UnitOfMeasurePrice><AllowDiscount>1</AllowDiscount><ItemStatus>1</ItemStatus><ItemPrice>9.90</ItemPrice></item><item><PriceUpdateDate>2016-01-20 08:02:04</PriceUpdateDate><ItemCode>5201360797097</ItemCode><ItemType>1</ItemType><ItemName>מארז עוגות ספוג אישי</ItemName><ManufacturerName>אס.סי צ'יפיטה , רומנ</ManufacturerName><ManufactureCountry>ישראל</ManufactureCountry><ManufacturerItemDescription>מארז עוגות ספוג אישי</ManufacturerItemDescription><SoldByWeight/><Quantity>256.00</Quantity><UnitOfMeasure>גרם     </UnitOfMeasure><QtyInPackage>לא ידוע</QtyInPackage><UnitOfMeasurePrice>0.0387</UnitOfMeasurePrice><AllowDiscount>1</AllowDiscount><ItemStatus>1</ItemStatus><ItemPrice>9.90</ItemPrice></item><item><PriceUpdateDate>2016-01-20 08:02:04</PriceUpdateDate><ItemCode>5201360797196</ItemCode><ItemType>1</ItemType><ItemName>מארז עוגות ספוג אישי</ItemName><ManufacturerName>אס.סי צ'יפיטה , רומנ</ManufacturerName><ManufactureCountry>ישראל</ManufactureCountry><ManufacturerItemDescription>מארז עוגות ספוג אישי</ManufacturerItemDescription><SoldByWeight/><Quantity>256.00</Quantity><UnitOfMeasure>גרם     </UnitOfMeasure><QtyInPackage>לא ידוע</QtyInPackage><UnitOfMeasurePrice>0.0387</UnitOfMeasurePrice><AllowDiscount>1</AllowDiscount><ItemStatus>1</ItemStatus><ItemPrice>9.90</ItemPrice></item><item><PriceUpdateDate>2016-06-28 09:30:40</PriceUpdateDate><ItemCode>5410076379378</ItemCode><ItemType>1</ItemType><ItemName>מב אבקת כביסה טייד ק</ItemName><ManufacturerName>טייד</ManufacturerName><ManufactureCountry>ישראל</ManufactureCountry><ManufacturerItemDescription>מב אבקת כביסה טייד ק</ManufacturerItemDescription><SoldByWeight/><Quantity>5000.00</Quantity><UnitOfMeasure>גרם     </UnitOfMeasure><QtyInPackage>לא ידוע</QtyInPackage><UnitOfMeasurePrice>0.0086</UnitOfMeasurePrice><AllowDiscount>1</AllowDiscount><ItemStatus>1</ItemStatus><ItemPrice>42.90</ItemPrice></item><item><PriceUpdateDate>2016-02-15 12:45:17</PriceUpdateDate><ItemCode>5410076518814</ItemCode><ItemType>1</ItemType><ItemName>משחת שיניים אורל בי</ItemName><ManufacturerName>אורל בי</ManufacturerName><ManufactureCountry>גרמניה</ManufactureCountry><ManufacturerItemDescription>משחת שיניים אורל בי</ManufacturerItemDescription><SoldByWeight/><Quantity>100.00</Quantity><UnitOfMeasure>מ"ל</UnitOfMeasure><QtyInPackage>לא ידוע</QtyInPackage><UnitOfMeasurePrice>0.1990</UnitOfMeasurePrice><AllowDiscount>1</AllowDiscount><ItemStatus>1</ItemStatus><ItemPrice>19.90</ItemPrice></item><item><PriceUpdateDate>2016-02-15 12:45:18</PriceUpdateDate><ItemCode>5410076933129</ItemCode><ItemType>1</ItemType><ItemName>אבקת כביסה אריאל שוש</ItemName><ManufacturerName>אריאל</ManufacturerName><ManufactureCountry>ישראל</ManufactureCountry><ManufacturerItemDescription>אבקת כביסה אריאל שוש</ManufacturerItemDescription><SoldByWeight/><Quantity>3000.00</Quantity><UnitOfMeasure>גרם     </UnitOfMeasure><QtyInPackage>לא ידוע</QtyInPackage><UnitOfMeasurePrice>0.0133</UnitOfMeasurePrice><AllowDiscount>1</AllowDiscount><ItemStatus>1</ItemStatus><ItemPrice>39.90</ItemPrice></item><item><PriceUpdateDate>2016-02-15 12:45:18</PriceUpdateDate><ItemCode>5410076933242</ItemCode><ItemType>1</ItemType><ItemName>אבקת כביסה טייד אלפי</ItemName><ManufacturerName>טייד</ManufacturerName><ManufactureCountry>ישראל</ManufactureCountry><ManufacturerItemDescription>אבקת כביסה טייד אלפי</ManufacturerItemDescription><SoldByWeight/><Quantity>3000.00</Quantity><UnitOfMeasure>גרם     </UnitOfMeasure><QtyInPackage>לא ידוע</QtyInPackage><UnitOfMeasurePrice>0.0116</UnitOfMeasurePrice><AllowDiscount>1</AllowDiscount><ItemStatus>1</ItemStatus><ItemPrice>34.90</ItemPrice></item><item><PriceUpdateDate>2016-06-28 09:28:36</PriceUpdateDate><ItemCode>5410126116953</ItemCode><ItemType>1</ItemType><ItemName>ממרח עוגיות לוטוס קר</ItemName><ManufacturerName>לוטוס</ManufacturerName><ManufactureCountry>בלגיה</ManufactureCountry><ManufacturerItemDescription>ממרח ביסקוויט   טוס 400ג</ManufacturerItemDescription><SoldByWeight/><Quantity>400.00</Quantity><UnitOfMeasure>גרם     </UnitOfMeasure><QtyInPackage>לא ידוע</QtyInPackage><UnitOfMeasurePrice>0.0597</UnitOfMeasurePrice><AllowDiscount>1</AllowDiscount><ItemStatus>1</ItemStatus><ItemPrice>23.90</ItemPrice></item><item><PriceUpdateDate>2016-06-28 09:28:36</PriceUpdateDate><ItemCode>5410126716016</ItemCode><ItemType>1</ItemType><ItemName>ביסקוויט לוטוס קרמל</ItemName><ManufacturerName>לוטוס</ManufacturerName><ManufactureCountry>בלגיה</ManufactureCountry><ManufacturerItemDescription>ביסקויט לוטוס   .קרמל250</ManufacturerItemDescription><SoldByWeight/><Quantity>250.00</Quantity><UnitOfMeasure>גרם     </UnitOfMeasure><QtyInPackage>לא ידוע</QtyInPackage><UnitOfMeasurePrice>0.0516</UnitOfMeasurePrice><AllowDiscount>1</AllowDiscount><ItemStatus>1</ItemStatus><ItemPrice>12.90</ItemPrice></item><item><PriceUpdateDate>2016-06-28 09:28:36</PriceUpdateDate><ItemCode>5410316983693</ItemCode><ItemType>1</ItemType><ItemName>מב וודקה סמירנוף איי</ItemName><ManufacturerName>סמירנוף אייס</ManufacturerName><ManufactureCountry>איטליה</ManufactureCountry><ManufacturerItemDescription>ממתיק הרמזית    ת</ManufacturerItemDescription><SoldByWeight/><Quantity>275.00</Quantity><UnitOfMeasure>מ"ל</UnitOfMeasure><QtyInPackage>לא ידוע</QtyInPackage><UnitOfMeasurePrice>0.0364</UnitOfMeasurePrice><AllowDiscount>1</AllowDiscount><ItemStatus>1</ItemStatus><ItemPrice>10.00</ItemPrice></item><item><PriceUpdateDate>2016-08-02 07:38:43</PriceUpdateDate><ItemCode>5411188094159</ItemCode><ItemType>1</ItemType><ItemName>מב אלפרו מעדן סויה ש</ItemName><ManufacturerName>אלפרו</ManufacturerName><ManufactureCountry>בלגיה</ManufactureCountry><ManufacturerItemDescription>מעדן סויה 4יח'  ולד125X4</ManufacturerItemDescription><SoldByWeight/><Quantity>500.00</Quantity><UnitOfMeasure>מ"ל</UnitOfMeasure><QtyInPackage>לא ידוע</QtyInPackage><UnitOfMeasurePrice>0.0318</UnitOfMeasurePrice><AllowDiscount>1</AllowDiscount><ItemStatus>1</ItemStatus><ItemPrice>15.90</ItemPrice></item><item><PriceUpdateDate>2016-06-28 09:28:37</PriceUpdateDate><ItemCode>5411188110842</ItemCode><ItemType>1</ItemType><ItemName>מב אלפרו משקה אגוזים</ItemName><ManufacturerName>אלפרו</ManufacturerName><ManufactureCountry>בלגיה</ManufactureCountry><ManufacturerItemDescription>אלפלרו משקה אגוזם 1 ליטר</ManufacturerItemDescription><SoldByWeight/><Quantity>1000.00</Quantity><UnitOfMeasure>מ"ל</UnitOfMeasure><QtyInPackage>לא ידוע</QtyInPackage><UnitOfMeasurePrice>0.0129</UnitOfMeasurePrice><AllowDiscount>1</AllowDiscount><ItemStatus>1</ItemStatus><ItemPrice>12.90</ItemPrice></item><item><PriceUpdateDate>2016-06-28 09:28:37</PriceUpdateDate><ItemCode>5411188112709</ItemCode><ItemType>1</ItemType><ItemName>מב אלפרו  משקה שקדים</ItemName><ManufacturerName>אלפרו</ManufacturerName><ManufactureCountry>ישראל</ManufactureCountry><ManufacturerItemDescription>אלפרו משקה שקדים לל"ס 1ל</ManufacturerItemDescription><SoldByWeight/><Quantity>1000.00</Quantity><UnitOfMeasure>מ"ל</UnitOfMeasure><QtyInPackage>לא ידוע</QtyInPackage><UnitOfMeasurePrice>0.0129</UnitOfMeasurePrice><AllowDiscount>1</AllowDiscount><ItemStatus>1</ItemStatus><ItemPrice>12.90</ItemPrice></item><item><PriceUpdateDate>2016-08-10 08:23:45</PriceUpdateDate><ItemCode>5411616002190</ItemCode><ItemType>1</ItemType><ItemName>מב בירה מרטנס 8.5%</ItemName><ManufacturerName>לא ממותג</ManufacturerName><ManufactureCountry>לא ידוע</ManufactureCountry><ManufacturerItemDescription>מב בירה מרטנס 8.5%</ManufacturerItemDescription><SoldByWeight/><Quantity>500.00</Quantity><UnitOfMeasure>מ"ל</UnitOfMeasure><QtyInPackage>לא ידוע</QtyInPackage><UnitOfMeasurePrice>0.0110</UnitOfMeasurePrice><AllowDiscount>1</AllowDiscount><ItemStatus>1</ItemStatus><ItemPrice>5.50</ItemPrice></item><item><PriceUpdateDate>2015-11-02 20:38:59</PriceUpdateDate><ItemCode>5411616148546</ItemCode><ItemType>1</ItemType><ItemName>בירה מרטנס גולד 500</ItemName><ManufacturerName>לא ממותג</ManufacturerName><ManufactureCountry>ישראל</ManufactureCountry><ManufacturerItemDescription>בירה מרטנס גולד 500</ManufacturerItemDescription><SoldByWeight/><Quantity>500.00</Quantity><UnitOfMeasure>מ"ל</UnitOfMeasure><QtyInPackage>לא ידוע</QtyInPackage><UnitOfMeasurePrice>0.0136</UnitOfMeasurePrice><AllowDiscount>1</AllowDiscount><ItemStatus>1</ItemStatus><ItemPrice>6.80</ItemPrice></item><item><PriceUpdateDate>2016-06-02 11:51:09</PriceUpdateDate><ItemCode>5413121361694</ItemCode><ItemType>1</ItemType><ItemName>בונבוניירה סוסוני ים</ItemName><ManufacturerName>בלג'יאן</ManufacturerName><ManufactureCountry>בלגיה</ManufactureCountry><ManufacturerItemDescription>בונבוניה לבבות שוקולד בלג</ManufacturerItemDescription><SoldByWeight/><Quantity>135.00</Quantity><UnitOfMeasure>גרם     </UnitOfMeasure><QtyInPackage>לא ידוע</QtyInPackage><UnitOfMeasurePrice>0.1326</UnitOfMeasurePrice><AllowDiscount>1</AllowDiscount><ItemStatus>1</ItemStatus><ItemPrice>17.90</ItemPrice></item><item><PriceUpdateDate>2016-05-19 10:05:44</PriceUpdateDate><ItemCode>5413149655522</ItemCode><ItemType>1</ItemType><ItemName>אריאל  שושן צחור 1.2</ItemName><ManufacturerName>אריאל</ManufacturerName><ManufactureCountry>ישראל</ManufactureCountry><ManufacturerItemDescription>א.כביסה אריאל שושן צחור1.</ManufacturerItemDescription><SoldByWeight/><Quantity>1250.00</Quantity><UnitOfMeasure>גרם     </UnitOfMeasure><QtyInPackage>לא ידוע</QtyInPackage><UnitOfMeasurePrice>0.0159</UnitOfMeasurePrice><AllowDiscount>1</AllowDiscount><ItemStatus>1</ItemStatus><ItemPrice>19.90</ItemPrice></item><item><PriceUpdateDate>2016-05-31 06:54:50</PriceUpdateDate><ItemCode>5413149922907</ItemCode><ItemType>1</ItemType><ItemName>אבקת כביסה אריאל קול</ItemName><ManufacturerName>אריאל</ManufacturerName><ManufactureCountry>ישראל</ManufactureCountry><ManufacturerItemDescription>אבקת כביסה אריאל קול</ManufacturerItemDescription><SoldByWeight/><Quantity>5000.00</Quantity><UnitOfMeasure>גרם     </UnitOfMeasure><QtyInPackage>לא ידוע</QtyInPackage><UnitOfMeasurePrice>0.0104</UnitOfMeasurePrice><AllowDiscount>1</AllowDiscount><ItemStatus>1</ItemStatus><ItemPrice>51.90</ItemPrice></item><item><PriceUpdateDate>2016-05-31 06:54:50</PriceUpdateDate><ItemCode>5413149922938</ItemCode><ItemType>1</ItemType><ItemName>אבקת כביסה אריאל שוש</ItemName><ManufacturerName>אריאל</ManufacturerName><ManufactureCountry>ישראל</ManufactureCountry><ManufacturerItemDescription>אבקת כביסה אריאל שוש</ManufacturerItemDescription><SoldByWeight/><Quantity>5000.00</Quantity><UnitOfMeasure>גרם     </UnitOfMeasure><QtyInPackage>לא ידוע</QtyInPackage><UnitOfMeasurePrice>0.0104</UnitOfMeasurePrice><AllowDiscount>1</AllowDiscount><ItemStatus>1</ItemStatus><ItemPrice>51.90</ItemPrice></item><item><PriceUpdateDate>2016-06-28 09:30:40</PriceUpdateDate><ItemCode>5413149930025</ItemCode><ItemType>1</ItemType><ItemName>מב אבקת כביסה טייד א</ItemName><ManufacturerName>טייד</ManufacturerName><ManufactureCountry>ישראל</ManufactureCountry><ManufacturerItemDescription>מב אבקת כביסה טייד א</ManufacturerItemDescription><SoldByWeight/><Quantity>5000.00</Quantity><UnitOfMeasure>גרם     </UnitOfMeasure><QtyInPackage>לא ידוע</QtyInPackage><UnitOfMeasurePrice>0.0086</UnitOfMeasurePrice><AllowDiscount>1</AllowDiscount><ItemStatus>1</ItemStatus><ItemPrice>42.90</ItemPrice></item><item><PriceUpdateDate>2016-03-22 11:45:13</PriceUpdateDate><ItemCode>5413216990242</ItemCode><ItemType>1</ItemType><ItemName>בונבוניירה צדפי שוקו</ItemName><ManufacturerName>יוגטה</ManufacturerName><ManufactureCountry>לא ידוע</ManufactureCountry><ManufacturerItemDescription>בונבוניירה צדפי שוקו</ManufacturerItemDescription><SoldByWeight/><Quantity>250.00</Quantity><UnitOfMeasure>גרם     </UnitOfMeasure><QtyInPackage>לא ידוע</QtyInPackage><UnitOfMeasurePrice>0.0716</UnitOfMeasurePrice><AllowDiscount>1</AllowDiscount><ItemStatus>1</ItemStatus><ItemPrice>17.90</ItemPrice></item><item><PriceUpdateDate>2016-08-02 07:34:26</PriceUpdateDate><ItemCode>55500012046</ItemCode><ItemType>1</ItemType><ItemName>קלין אפ מרסס 946 מ''</ItemName><ManufacturerName>כלורקס</ManufacturerName><ManufactureCountry>ישראל</ManufactureCountry><ManufacturerItemDescription>קלין אפ מרסס 946 מ''</ManufacturerItemDescription><SoldByWeight/><Quantity>946.00</Quantity><UnitOfMeasure>מ"ל</UnitOfMeasure><QtyInPackage>לא ידוע</QtyInPackage><UnitOfMeasurePrice>0.0232</UnitOfMeasurePrice><AllowDiscount>1</AllowDiscount><ItemStatus>1</ItemStatus><ItemPrice>21.90</ItemPrice></item><item><PriceUpdateDate>2016-06-28 09:28:38</PriceUpdateDate><ItemCode>5701092108708</ItemCode><ItemType>1</ItemType><ItemName>מב פיניש קואנטום לימ</ItemName><ManufacturerName>פיניש</ManufacturerName><ManufactureCountry>פולין</ManufactureCountry><ManufacturerItemDescription>מב פיניש קואנטום לימ</ManufacturerItemDescription><SoldByWeight/><Quantity>20.00</Quantity><UnitOfMeasure>יח'</UnitOfMeasure><QtyInPackage>לא ידוע</QtyInPackage><UnitOfMeasurePrice>1.4950</UnitOfMeasurePrice><AllowDiscount>1</AllowDiscount><ItemStatus>1</ItemStatus><ItemPrice>29.90</ItemPrice></item><item><PriceUpdateDate>2016-05-01 08:13:07</PriceUpdateDate><ItemCode>5701932026964</ItemCode><ItemType>1</ItemType><ItemName>פופקורן הוט פופ מלח</ItemName><ManufacturerName>ליימן חטיבת המותגים</ManufacturerName><ManufactureCountry>ארצות הברית</ManufactureCountry><ManufacturerItemDescription>וילדה מטלית</ManufacturerItemDescription><SoldByWeight/><Quantity>600.00</Quantity><UnitOfMeasure>גרם     </UnitOfMeasure><QtyInPackage>לא ידוע</QtyInPackage><UnitOfMeasurePrice>0.0248</UnitOfMeasurePrice><AllowDiscount>1</AllowDiscount><ItemStatus>1</ItemStatus><ItemPrice>14.90</ItemPrice></item><item><PriceUpdateDate>2016-05-01 08:13:07</PriceUpdateDate><ItemCode>5701932026995</ItemCode><ItemType>1</ItemType><ItemName>פופקורן הוט פופ לייט</ItemName><ManufacturerName>ליימן חטיבת המותגים</ManufacturerName><ManufactureCountry>ארצות הברית</ManufactureCountry><ManufacturerItemDescription>אג'קס ניקוי כללילימון 2ל</ManufacturerItemDescription><SoldByWeight/><Quantity>510.00</Quantity><UnitOfMeasure>גרם     </UnitOfMeasure><QtyInPackage>לא ידוע</QtyInPackage><UnitOfMeasurePrice>0.0292</UnitOfMeasurePrice><AllowDiscount>1</AllowDiscount><ItemStatus>1</ItemStatus><ItemPrice>14.90</ItemPrice></item><item><PriceUpdateDate>2015-12-18 09:32:02</PriceUpdateDate><ItemCode>5900020012739</ItemCode><ItemType>1</ItemType><ItemName>דגני בוקר סיני מיניס</ItemName><ManufacturerName>נסטלה</ManufacturerName><ManufactureCountry>ישראל</ManufactureCountry><ManufacturerItemDescription>דגני בוקר סיני מיניס</ManufacturerItemDescription><SoldByWeight/><Quantity>225.00</Quantity><UnitOfMeasure>גרם     </UnitOfMeasure><QtyInPackage>לא ידוע</QtyInPackage><UnitOfMeasurePrice>0.0440</UnitOfMeasurePrice><AllowDiscount>1</AllowDiscount><ItemStatus>1</ItemStatus><ItemPrice>9.90</ItemPrice></item><item><PriceUpdateDate>2016-08-02 07:34:42</PriceUpdateDate><ItemCode>5900020012814</ItemCode><ItemType>1</ItemType><ItemName>מב דגני בוקר נסקוויק</ItemName><ManufacturerName>נסקוויק</ManufacturerName><ManufactureCountry>פולין</ManufactureCountry><ManufacturerItemDescription>זוג משחות שינייםדום100*2</ManufacturerItemDescription><SoldByWeight/><Quantity>500.00</Quantity><UnitOfMeasure>גרם     </UnitOfMeasure><QtyInPackage>לא ידוע</QtyInPackage><UnitOfMeasurePrice>0.0378</UnitOfMeasurePrice><AllowDiscount>1</AllowDiscount><ItemStatus>1</ItemStatus><ItemPrice>18.90</ItemPrice></item><item><PriceUpdateDate>2016-05-31 07:01:53</PriceUpdateDate><ItemCode>5900020015174</ItemCode><ItemType>1</ItemType><ItemName>פיטנס חטיף דגנים שוק</ItemName><ManufacturerName>פיטנס</ManufacturerName><ManufactureCountry>פולין</ManufactureCountry><ManufacturerItemDescription>משחת שיניים      75 מ"ל</ManufacturerItemDescription><SoldByWeight/><Quantity>141.00</Quantity><UnitOfMeasure>גרם     </UnitOfMeasure><QtyInPackage>לא ידוע</QtyInPackage><UnitOfMeasurePrice>0.1255</UnitOfMeasurePrice><AllowDiscount>1</AllowDiscount><ItemStatus>1</ItemStatus><ItemPrice>17.70</ItemPrice></item><item><PriceUpdateDate>2016-05-31 07:01:54</PriceUpdateDate><ItemCode>5900020018908</ItemCode><ItemType>1</ItemType><ItemName>פיטנס חטיף דגנים קרם</ItemName><ManufacturerName>פיטנס</ManufacturerName><ManufactureCountry>פולין</ManufactureCountry><ManufacturerItemDescription>קרם יד.פנג'ל 3יח 80*3מ"ל</ManufacturerItemDescription><SoldByWeight/><Quantity>141.00</Quantity><UnitOfMeasure>גרם     </UnitOfMeasure><QtyInPackage>לא ידוע</QtyInPackage><UnitOfMeasurePrice>0.1255</UnitOfMeasurePrice><AllowDiscount>1</AllowDiscount><ItemStatus>1</ItemStatus><ItemPrice>17.70</ItemPrice></item><item><PriceUpdateDate>2016-08-12 09:35:44</PriceUpdateDate><ItemCode>5900020026552</ItemCode><ItemType>1</ItemType><ItemName>מב האני נאט צ'יריוס</ItemName><ManufacturerName>לא ממותג</ManufacturerName><ManufactureCountry>לא ידוע</ManufactureCountry><ManufacturerItemDescription>מב האני נאט צ'יריוס</ManufacturerItemDescription><SoldByWeight/><Quantity>625.00</Quantity><UnitOfMeasure>גרם     </UnitOfMeasure><QtyInPackage>לא ידוע</QtyInPackage><UnitOfMeasurePrice>0.0238</UnitOfMeasurePrice><AllowDiscount>1</AllowDiscount><ItemStatus>1</ItemStatus><ItemPrice>14.90</ItemPrice></item><item><PriceUpdateDate>2016-05-01 08:19:12</PriceUpdateDate><ItemCode>5906485301012</ItemCode><ItemType>1</ItemType><ItemName>משקה אנרגיה אקסל 250</ItemName><ManufacturerName>XL</ManufacturerName><ManufactureCountry>ישראל</ManufactureCountry><ManufacturerItemDescription>משקה אנרגיה XL מל</ManufacturerItemDescription><SoldByWeight/><Quantity>250.00</Quantity><UnitOfMeasure>מ"ל</UnitOfMeasure><QtyInPackage>לא ידוע</QtyInPackage><UnitOfMeasurePrice>0.0120</UnitOfMeasurePrice><AllowDiscount>1</AllowDiscount><ItemStatus>1</ItemStatus><ItemPrice>3.00</ItemPrice></item><item><PriceUpdateDate>2016-08-02 07:34:42</PriceUpdateDate><ItemCode>5906485301326</ItemCode><ItemType>1</ItemType><ItemName>משקה אנרגיה XL  פלוס</ItemName><ManufacturerName>XL</ManufacturerName><ManufactureCountry>ישראל</ManufactureCountry><ManufacturerItemDescription>משקה אנרגיה ספורט מאניה 2</ManufacturerItemDescription><SoldByWeight/><Quantity>250.00</Quantity><UnitOfMeasure>מ"ל</UnitOfMeasure><QtyInPackage>לא ידוע</QtyInPackage><UnitOfMeasurePrice>0.0168</UnitOfMeasurePrice><AllowDiscount>1</AllowDiscount><ItemStatus>1</ItemStatus><ItemPrice>4.20</ItemPrice></item><item><PriceUpdateDate>2016-08-02 07:34:42</PriceUpdateDate><ItemCode>5906485301456</ItemCode><ItemType>1</ItemType><ItemName>משקה אנרגיה XL  פלוס</ItemName><ManufacturerName>XL</ManufacturerName><ManufactureCountry>ישראל</ManufactureCountry><ManufacturerItemDescription>משקה אנרגיה אפטר פארטי 25</ManufacturerItemDescription><SoldByWeight/><Quantity>250.00</Quantity><UnitOfMeasure>מ"ל</UnitOfMeasure><QtyInPackage>לא ידוע</QtyInPackage><UnitOfMeasurePrice>0.0168</UnitOfMeasurePrice><AllowDiscount>1</AllowDiscount><ItemStatus>1</ItemStatus><ItemPrice>4.20</ItemPrice></item><item><PriceUpdateDate>2016-08-02 07:34:42</PriceUpdateDate><ItemCode>5906485301470</ItemCode><ItemType>1</ItemType><ItemName>משקה אנרגיה XL  פלוס</ItemName><ManufacturerName>XL</ManufacturerName><ManufactureCountry>ישראל</ManufactureCountry><ManufacturerItemDescription>משקה אנרגיה דאבל קיק 250</ManufacturerItemDescription><SoldByWeight/><Quantity>250.00</Quantity><UnitOfMeasure>מ"ל</UnitOfMeasure><QtyInPackage>לא ידוע</QtyInPackage><UnitOfMeasurePrice>0.0168</UnitOfMeasurePrice><AllowDiscount>1</AllowDiscount><ItemStatus>1</ItemStatus><ItemPrice>4.20</ItemPrice></item><item><PriceUpdateDate>2016-02-24 11:28:00</PriceUpdateDate><ItemCode>5906812009116</ItemCode><ItemType>1</ItemType><ItemName>לה קרמה- עוגיות במיל</ItemName><ManufacturerName>ק.א.שוקולד</ManufacturerName><ManufactureCountry>פולין</ManufactureCountry><ManufacturerItemDescription>עוגיות במילוי קרם אגוזים1</ManufacturerItemDescription><SoldByWeight/><Quantity>150.00</Quantity><UnitOfMeasure>גרם     </UnitOfMeasure><QtyInPackage>לא ידוע</QtyInPackage><UnitOfMeasurePrice>0.0593</UnitOfMeasurePrice><AllowDiscount>1</AllowDiscount><ItemStatus>1</ItemStatus><ItemPrice>8.90</ItemPrice></item><item><PriceUpdateDate>2015-11-18 13:58:17</PriceUpdateDate><ItemCode>5908234804676</ItemCode><ItemType>1</ItemType><ItemName>הפי וופל קוביות במיל</ItemName><ManufacturerName>הפי וופל</ManufacturerName><ManufactureCountry>ישראל</ManufactureCountry><ManufacturerItemDescription>הפי וופל קוביות במיל</ManufacturerItemDescription><SoldByWeight/><Quantity>200.00</Quantity><UnitOfMeasure>גרם     </UnitOfMeasure><QtyInPackage>לא ידוע</QtyInPackage><UnitOfMeasurePrice>0.0405</UnitOfMeasurePrice><AllowDiscount>1</AllowDiscount><ItemStatus>1</ItemStatus><ItemPrice>8.10</ItemPrice></item><item><PriceUpdateDate>2015-11-18 13:58:17</PriceUpdateDate><ItemCode>5908234805642</ItemCode><ItemType>1</ItemType><ItemName>הפי רול וופל רול במי</ItemName><ManufacturerName>הפי רול</ManufacturerName><ManufactureCountry>פולין</ManufactureCountry><ManufacturerItemDescription>וופל רול במילוי קרם וניל</ManufacturerItemDescription><SoldByWeight/><Quantity>150.00</Quantity><UnitOfMeasure>גרם     </UnitOfMeasure><QtyInPackage>לא ידוע</QtyInPackage><UnitOfMeasurePrice>0.0540</UnitOfMeasurePrice><AllowDiscount>1</AllowDiscount><ItemStatus>1</ItemStatus><ItemPrice>8.10</ItemPrice></item><item><PriceUpdateDate>2015-11-18 13:58:17</PriceUpdateDate><ItemCode>5908234805659</ItemCode><ItemType>1</ItemType><ItemName>הפי רול וופל רול במי</ItemName><ManufacturerName>הפי רול</ManufacturerName><ManufactureCountry>פולין</ManufactureCountry><ManufacturerItemDescription>וופל רול במילוי קרם קוקוס</ManufacturerItemDescription><SoldByWeight/><Quantity>150.00</Quantity><UnitOfMeasure>גרם     </UnitOfMeasure><QtyInPackage>לא ידוע</QtyInPackage><UnitOfMeasurePrice>0.0540</UnitOfMeasurePrice><AllowDiscount>1</AllowDiscount><ItemStatus>1</ItemStatus><ItemPrice>8.10</ItemPrice></item><item><PriceUpdateDate>2016-01-05 09:19:25</PriceUpdateDate><ItemCode>5908234806670</ItemCode><ItemType>1</ItemType><ItemName>הפי ביאנקו כדורי וופ</ItemName><ManufacturerName>הפי וופל</ManufacturerName><ManufactureCountry>ישראל</ManufactureCountry><ManufacturerItemDescription>הפי ביאנקו כדורי וופ</ManufacturerItemDescription><SoldByWeight/><Quantity>140.00</Quantity><UnitOfMeasure>גרם     </UnitOfMeasure><QtyInPackage>לא ידוע</QtyInPackage><UnitOfMeasurePrice>0.0707</UnitOfMeasurePrice><AllowDiscount>1</AllowDiscount><ItemStatus>1</ItemStatus><ItemPrice>9.90</ItemPrice></item><item><PriceUpdateDate>2015-10-22 10:36:56</PriceUpdateDate><ItemCode>6111094000228</ItemCode><ItemType>1</ItemType><ItemName>קוסקוס דק תומר 1 ק"ג</ItemName><ManufacturerName>תומר</ManufacturerName><ManufactureCountry>ישראל</ManufactureCountry><ManufacturerItemDescription>קוסקוס דק תומר 1 ק"ג</ManufacturerItemDescription><SoldByWeight/><Quantity>1000.00</Quantity><UnitOfMeasure>גרם     </UnitOfMeasure><QtyInPackage>לא ידוע</QtyInPackage><UnitOfMeasurePrice>0.0193</UnitOfMeasurePrice><AllowDiscount>1</AllowDiscount><ItemStatus>1</ItemStatus><ItemPrice>19.30</ItemPrice></item><item><PriceUpdateDate>2015-10-22 10:36:56</PriceUpdateDate><ItemCode>6111094000808</ItemCode><ItemType>1</ItemType><ItemName>קוסקוס דארי 1 ק''ג +</ItemName><ManufacturerName>תומר</ManufacturerName><ManufactureCountry>ישראל</ManufactureCountry><ManufacturerItemDescription>קוסקוס דארי 1 ק''ג +</ManufacturerItemDescription><SoldByWeight/><Quantity>1000.00</Quantity><UnitOfMeasure>גרם     </UnitOfMeasure><QtyInPackage>לא ידוע</QtyInPackage><UnitOfMeasurePrice>0.0193</UnitOfMeasurePrice><AllowDiscount>1</AllowDiscount><ItemStatus>1</ItemStatus><ItemPrice>19.30</ItemPrice></item><item><PriceUpdateDate>2016-08-02 14:05:56</PriceUpdateDate><ItemCode>661625044727</ItemCode><ItemType>1</ItemType><ItemName>מארז מינואט ביסקוויט</ItemName><ManufacturerName>מינואט</ManufacturerName><ManufactureCountry>ישראל</ManufactureCountry><ManufacturerItemDescription>עוגיות סנדוויץ  ולד 95גר</ManufacturerItemDescription><SoldByWeight/><Quantity>288.00</Quantity><UnitOfMeasure>גרם     </UnitOfMeasure><QtyInPackage>לא ידוע</QtyInPackage><UnitOfMeasurePrice>0.0240</UnitOfMeasurePrice><AllowDiscount>1</AllowDiscount><ItemStatus>1</ItemStatus><ItemPrice>6.90</ItemPrice></item><item><PriceUpdateDate>2014-11-10 06:30:26</PriceUpdateDate><ItemCode>672496</ItemCode><ItemType>3</ItemType><ItemName>קוקטייל בולגרית בצק</ItemName><ManufacturerName>פילסברי</ManufacturerName><ManufactureCountry>ישראל</ManufactureCountry><ManufacturerItemDescription>בורקס קוקטייל ביס בולגרית</ManufacturerItemDescription><SoldByWeight/><Quantity>1.00</Quantity><UnitOfMeasure>ק"ג</UnitOfMeasure><QtyInPackage>לא ידוע</QtyInPackage><UnitOfMeasurePrice>44.0000</UnitOfMeasurePrice><AllowDiscount>1</AllowDiscount><ItemStatus>1</ItemStatus><ItemPrice>44.00</ItemPrice></item><item><PriceUpdateDate>2014-11-10 06:30:26</PriceUpdateDate><ItemCode>672498</ItemCode><ItemType>3</ItemType><ItemName>קוקטייל בולגרית בצק</ItemName><ManufacturerName>פילסברי</ManufacturerName><ManufactureCountry>ישראל</ManufactureCountry><ManufacturerItemDescription>בורקס קוקטייל ביס בולגרית</ManufacturerItemDescription><SoldByWeight/><Quantity>1.00</Quantity><UnitOfMeasure>ק"ג</UnitOfMeasure><QtyInPackage>לא ידוע</QtyInPackage><UnitOfMeasurePrice>44.0000</UnitOfMeasurePrice><AllowDiscount>1</AllowDiscount><ItemStatus>1</ItemStatus><ItemPrice>44.00</ItemPrice></item><item><PriceUpdateDate>2014-11-10 06:30:26</PriceUpdateDate><ItemCode>672542</ItemCode><ItemType>3</ItemType><ItemName>כיס פרלין פילסברי</ItemName><ManufacturerName>פילסברי</ManufacturerName><ManufactureCountry>ישראל</ManufactureCountry><ManufacturerItemDescription>מאפה כיס פרלין 1 קג חלבי</ManufacturerItemDescription><SoldByWeight/><Quantity>1.00</Quantity><UnitOfMeasure>ק"ג</UnitOfMeasure><QtyInPackage>לא ידוע</QtyInPackage><UnitOfMeasurePrice>43.0000</UnitOfMeasurePrice><AllowDiscount>1</AllowDiscount><ItemStatus>1</ItemStatus><ItemPrice>43.00</ItemPrice></item><item><PriceUpdateDate>2014-11-10 06:31:11</PriceUpdateDate><ItemCode>6938417208853</ItemCode><ItemType>1</ItemType><ItemName>דבק מהיר 2 בכרטיס</ItemName><ManufacturerName>ליאור שרף</ManufacturerName><ManufactureCountry>ישראל</ManufactureCountry><ManufacturerItemDescription>דבק מהיר 2 בכרטיס</ManufacturerItemDescription><SoldByWeight/><Quantity>0.00</Quantity><UnitOfMeasure>0</UnitOfMeasure><QtyInPackage>לא ידוע</QtyInPackage><UnitOfMeasurePrice>0.0000</UnitOfMeasurePrice><AllowDiscount>1</AllowDiscount><ItemStatus>1</ItemStatus><ItemPrice>7.90</ItemPrice></item><item><PriceUpdateDate>2014-11-10 06:30:23</PriceUpdateDate><ItemCode>71062</ItemCode><ItemType>3</ItemType><ItemName>שאריות נקניק</ItemName><ManufacturerName>לא ממותג</ManufacturerName><ManufactureCountry>ישראל</ManufactureCountry><ManufacturerItemDescription>שאריות נקניק</ManufacturerItemDescription><SoldByWeight/><Quantity>1.00</Quantity><UnitOfMeasure>ק"ג</UnitOfMeasure><QtyInPackage>לא ידוע</QtyInPackage><UnitOfMeasurePrice>19.9000</UnitOfMeasurePrice><AllowDiscount>1</AllowDiscount><ItemStatus>1</ItemStatus><ItemPrice>19.90</ItemPrice></item><item><PriceUpdateDate>2015-03-19 08:26:43</PriceUpdateDate><ItemCode>724353783822</ItemCode><ItemType>1</ItemType><ItemName>תמר מג'הול 1 ק"ג</ItemName><ManufacturerName>.N.Y.C</ManufacturerName><ManufactureCountry>ישראל</ManufactureCountry><ManufacturerItemDescription>תמר מג'הול 1 ק"ג</ManufacturerItemDescription><SoldByWeight/><Quantity>1000.00</Quantity><UnitOfMeasure>גרם     </UnitOfMeasure><QtyInPackage>לא ידוע</QtyInPackage><UnitOfMeasurePrice>0.0299</UnitOfMeasurePrice><AllowDiscount>1</AllowDiscount><ItemStatus>1</ItemStatus><ItemPrice>29.90</ItemPrice></item><item><PriceUpdateDate>2015-12-24 09:43:28</PriceUpdateDate><ItemCode>728229123590</ItemCode><ItemType>1</ItemType><ItemName>חטיף טרה צ'יפס אורגי</ItemName><ManufacturerName>TERRA</ManufacturerName><ManufactureCountry>ישראל</ManufactureCountry><ManufacturerItemDescription>ציפס אורגינל</ManufacturerItemDescription><SoldByWeight/><Quantity>110.00</Quantity><UnitOfMeasure>גרם     </UnitOfMeasure><QtyInPackage>לא ידוע</QtyInPackage><UnitOfMeasurePrice>0.1445</UnitOfMeasurePrice><AllowDiscount>1</AllowDiscount><ItemStatus>1</ItemStatus><ItemPrice>15.90</ItemPrice></item><item><PriceUpdateDate>2016-05-20 07:13:56</PriceUpdateDate><ItemCode>7290000000017</ItemCode><ItemType>1</ItemType><ItemName>חלה</ItemName><ManufacturerName>אנג'ל</ManufacturerName><ManufactureCountry>ישראל</ManufactureCountry><ManufacturerItemDescription>עגבניה</ManufacturerItemDescription><SoldByWeight/><Quantity>500.00</Quantity><UnitOfMeasure>גרם     </UnitOfMeasure><QtyInPackage>לא ידוע</QtyInPackage><UnitOfMeasurePrice>0.0099</UnitOfMeasurePrice><AllowDiscount>1</AllowDiscount><ItemStatus>1</ItemStatus><ItemPrice>4.94</ItemPrice></item><item><PriceUpdateDate>2015-10-01 06:15:34</PriceUpdateDate><ItemCode>7290000000086</ItemCode><ItemType>1</ItemType><ItemName>לחם אחיד 750 גרם</ItemName><ManufacturerName>אנג'ל</ManufacturerName><ManufactureCountry>ישראל</ManufactureCountry><ManufacturerItemDescription>לחם אחיד 750 גרם</ManufacturerItemDescription><SoldByWeight/><Quantity>750.00</Quantity><UnitOfMeasure>גרם     </UnitOfMeasure><QtyInPackage>לא ידוע</QtyInPackage><UnitOfMeasurePrice>0.0068</UnitOfMeasurePrice><AllowDiscount>1</AllowDiscount><ItemStatus>1</ItemStatus><ItemPrice>5.07</ItemPrice></item><item><PriceUpdateDate>2014-11-10 06:30:38</PriceUpdateDate><ItemCode>7290000000277</ItemCode><ItemType>1</ItemType><ItemName>תפוח אדמה  למיקרו</ItemName><ManufacturerName>.N.Y.C</ManufacturerName><ManufactureCountry>ישראל</ManufactureCountry><ManufacturerItemDescription>תפוח אדמה  למיקרו</ManufacturerItemDescription><SoldByWeight/><Quantity>1.00</Quantity><UnitOfMeasure>יח'</UnitOfMeasure><QtyInPackage>לא ידוע</QtyInPackage><UnitOfMeasurePrice>8.0000</UnitOfMeasurePrice><AllowDiscount>1</AllowDiscount><ItemStatus>1</ItemStatus><ItemPrice>8.00</ItemPrice></item><item><PriceUpdateDate>2014-11-10 06:30:39</PriceUpdateDate><ItemCode>7290000000529</ItemCode><ItemType>1</ItemType><ItemName>רביעיית שום</ItemName><ManufacturerName>B.B.B</ManufacturerName><ManufactureCountry>ישראל</ManufactureCountry><ManufacturerItemDescription>רביעיית שום</ManufacturerItemDescription><SoldByWeight/><Quantity>1.00</Quantity><UnitOfMeasure>יח'</UnitOfMeasure><QtyInPackage>לא ידוע</QtyInPackage><UnitOfMeasurePrice>7.9000</UnitOfMeasurePrice><AllowDiscount>1</AllowDiscount><ItemStatus>1</ItemStatus><ItemPrice>7.90</ItemPrice></item><item><PriceUpdateDate>2016-08-10 08:23:42</PriceUpdateDate><ItemCode>7290000000949</ItemCode><ItemType>1</ItemType><ItemName>פסיפלורה</ItemName><ManufacturerName>לא ממותג</ManufacturerName><ManufactureCountry>ישראל</ManufactureCountry><ManufacturerItemDescription>פסיפלורה</ManufacturerItemDescription><SoldByWeight/><Quantity>1.00</Quantity><UnitOfMeasure>קג</UnitOfMeasure><QtyInPackage>לא ידוע</QtyInPackage><UnitOfMeasurePrice>9.9000</UnitOfMeasurePrice><AllowDiscount>1</AllowDiscount><ItemStatus>1</ItemStatus><ItemPrice>9.90</ItemPrice></item><item><PriceUpdateDate>2014-11-10 06:30:39</PriceUpdateDate><ItemCode>7290000001960</ItemCode><ItemType>1</ItemType><ItemName>בצל ירוק</ItemName><ManufacturerName>B.B.B</ManufacturerName><ManufactureCountry>ישראל</ManufactureCountry><ManufacturerItemDescription>בצל ירוק</ManufacturerItemDescription><SoldByWeight/><Quantity>1.00</Quantity><UnitOfMeasure>יח'</UnitOfMeasure><QtyInPackage>לא ידוע</QtyInPackage><UnitOfMeasurePrice>5.0000</UnitOfMeasurePrice><AllowDiscount>1</AllowDiscount><ItemStatus>1</ItemStatus><ItemPrice>5.00</ItemPrice></item><item><PriceUpdateDate>2015-11-18 14:01:11</PriceUpdateDate><ItemCode>7290000001977</ItemCode><ItemType>1</ItemType><ItemName>חסה ערבית יח'</ItemName><ManufacturerName>B.B.B</ManufacturerName><ManufactureCountry>ישראל</ManufactureCountry><ManufacturerItemDescription>חסה ערבית יח'</ManufacturerItemDescription><SoldByWeight/><Quantity>1.00</Quantity><UnitOfMeasure>יח'</UnitOfMeasure><QtyInPackage>לא ידוע</QtyInPackage><UnitOfMeasurePrice>5.9000</UnitOfMeasurePrice><AllowDiscount>1</AllowDiscount><ItemStatus>1</ItemStatus><ItemPrice>5.90</ItemPrice></item><item><PriceUpdateDate>2014-11-10 06:30:39</PriceUpdateDate><ItemCode>7290000001984</ItemCode><ItemType>1</ItemType><ItemName>חסה עגולה יחידות</ItemName><ManufacturerName>B.B.B</ManufacturerName><ManufactureCountry>ישראל</ManufactureCountry><ManufacturerItemDescription>חסה עגולה יחידות</ManufacturerItemDescription><SoldByWeight/><Quantity>1.00</Quantity><UnitOfMeasure>יח'</UnitOfMeasure><QtyInPackage>לא ידוע</QtyInPackage><UnitOfMeasurePrice>5.9000</UnitOfMeasurePrice><AllowDiscount>1</AllowDiscount><ItemStatus>1</ItemStatus><ItemPrice>5.90</ItemPrice></item><item><PriceUpdateDate>2016-06-28 09:30:14</PriceUpdateDate><ItemCode>7290000006224</ItemCode><ItemType>1</ItemType><ItemName>ליצ'י</ItemName><ManufacturerName>B.B.B</ManufacturerName><ManufactureCountry>ישראל</ManufactureCountry><ManufacturerItemDescription>ליצ'י</ManufacturerItemDescription><SoldByWeight/><Quantity>1.00</Quantity><UnitOfMeasure>יח'</UnitOfMeasure><QtyInPackage>לא ידוע</QtyInPackage><UnitOfMeasurePrice>12.9000</UnitOfMeasurePrice><AllowDiscount>1</AllowDiscount><ItemStatus>1</ItemStatus><ItemPrice>12.90</ItemPrice></item><item><PriceUpdateDate>2016-02-18 11:10:32</PriceUpdateDate><ItemCode>7290000008143</ItemCode><ItemType>1</ItemType><ItemName>סלק וואקום</ItemName><ManufacturerName>B.B.B</ManufacturerName><ManufactureCountry>ישראל</ManufactureCountry><ManufacturerItemDescription>סלק וואקום</ManufacturerItemDescription><SoldByWeight/><Quantity>1.00</Quantity><UnitOfMeasure>יח'</UnitOfMeasure><QtyInPackage>לא ידוע</QtyInPackage><UnitOfMeasurePrice>8.9000</UnitOfMeasurePrice><AllowDiscount>1</AllowDiscount><ItemStatus>1</ItemStatus><ItemPrice>8.90</ItemPrice></item><item><PriceUpdateDate>2016-05-20 07:13:56</PriceUpdateDate><ItemCode>7290000012345</ItemCode><ItemType>1</ItemType><ItemName>חלה</ItemName><ManufacturerName>אנג'ל</ManufacturerName><ManufactureCountry>ישראל</ManufactureCountry><ManufacturerItemDescription>עגבניה</ManufacturerItemDescription><SoldByWeight/><Quantity>500.00</Quantity><UnitOfMeasure>גרם     </UnitOfMeasure><QtyInPackage>לא ידוע</QtyInPackage><UnitOfMeasurePrice>0.0099</UnitOfMeasurePrice><AllowDiscount>1</AllowDiscount><ItemStatus>1</ItemStatus><ItemPrice>4.94</ItemPrice></item><item><PriceUpdateDate>2016-02-21 13:04:18</PriceUpdateDate><ItemCode>7290000013992</ItemCode><ItemType>3</ItemType><ItemName>אנטריקוט  ארגנטיני מ</ItemName><ManufacturerName>לא ממותג</ManufacturerName><ManufactureCountry>ישראל</ManufactureCountry><ManufacturerItemDescription>אנטריקוט  ארגנטיני מ</ManufacturerItemDescription><SoldByWeight/><Quantity>1.00</Quantity><UnitOfMeasure>ק"ג</UnitOfMeasure><QtyInPackage>לא ידוע</QtyInPackage><UnitOfMeasurePrice>89.9000</UnitOfMeasurePrice><AllowDiscount>1</AllowDiscount><ItemStatus>1</ItemStatus><ItemPrice>89.90</ItemPrice></item><item><PriceUpdateDate>2016-05-20 07:13:56</PriceUpdateDate><ItemCode>7290000022222</ItemCode><ItemType>1</ItemType><ItemName>חלה</ItemName><ManufacturerName>אנג'ל</ManufacturerName><ManufactureCountry>ישראל</ManufactureCountry><ManufacturerItemDescription>עגבניה</ManufacturerItemDescription><SoldByWeight/><Quantity>500.00</Quantity><UnitOfMeasure>גרם     </UnitOfMeasure><QtyInPackage>לא ידוע</QtyInPackage><UnitOfMeasurePrice>0.0099</UnitOfMeasurePrice><AllowDiscount>1</AllowDiscount><ItemStatus>1</ItemStatus><ItemPrice>4.94</ItemPrice></item><item><PriceUpdateDate>2016-08-02 07:38:45</PriceUpdateDate><ItemCode>7290000024523</ItemCode><ItemType>1</ItemType><ItemName>מב מיץ ענבים טבעי תי</ItemName><ManufacturerName>לא ממותג</ManufacturerName><ManufactureCountry>לא ידוע</ManufactureCountry><ManufacturerItemDescription>מב מיץ ענבים טבעי תי</ManufacturerItemDescription><SoldByWeight/><Quantity>1000.00</Quantity><UnitOfMeasure>מ"ל</UnitOfMeasure><QtyInPackage>לא ידוע</QtyInPackage><UnitOfMeasurePrice>0.0129</UnitOfMeasurePrice><AllowDiscount>1</AllowDiscount><ItemStatus>1</ItemStatus><ItemPrice>12.90</ItemPrice></item><item><PriceUpdateDate>2015-11-18 13:58:18</PriceUpdateDate><ItemCode>7290000036113</ItemCode><ItemType>1</ItemType><ItemName>גלעם פודינג תות 100</ItemName><ManufacturerName>גלעם</ManufacturerName><ManufactureCountry>ישראל</ManufactureCountry><ManufacturerItemDescription>גלעם פודינג תות 100</ManufacturerItemDescription><SoldByWeight/><Quantity>100.00</Quantity><UnitOfMeasure>גרם     </UnitOfMeasure><QtyInPackage>לא ידוע</QtyInPackage><UnitOfMeasurePrice>0.0330</UnitOfMeasurePrice><AllowDiscount>1</AllowDiscount><ItemStatus>1</ItemStatus><ItemPrice>3.30</ItemPrice></item><item><PriceUpdateDate>2015-11-18 13:58:19</PriceUpdateDate><ItemCode>7290000036137</ItemCode><ItemType>1</ItemType><ItemName>גלעם אבקת סוכר 100 ג</ItemName><ManufacturerName>גלעם</ManufacturerName><ManufactureCountry>ישראל</ManufactureCountry><ManufacturerItemDescription>גלעם אבקת סוכר 100 ג</ManufacturerItemDescription><SoldByWeight/><Quantity>100.00</Quantity><UnitOfMeasure>גרם     </UnitOfMeasure><QtyInPackage>לא ידוע</QtyInPackage><UnitOfMeasurePrice>0.0250</UnitOfMeasurePrice><AllowDiscount>1</AllowDiscount><ItemStatus>1</ItemStatus><ItemPrice>2.50</ItemPrice></item><item><PriceUpdateDate>2015-11-18 13:58:19</PriceUpdateDate><ItemCode>7290000036144</ItemCode><ItemType>1</ItemType><ItemName>גלעם קורנפלור 200 גר</ItemName><ManufacturerName>גלעם</ManufacturerName><ManufactureCountry>ישראל</ManufactureCountry><ManufacturerItemDescription>קורנפלור בשקית200 גרם</ManufacturerItemDescription><SoldByWeight/><Quantity>200.00</Quantity><UnitOfMeasure>גרם     </UnitOfMeasure><QtyInPackage>לא ידוע</QtyInPackage><UnitOfMeasurePrice>0.0220</UnitOfMeasurePrice><AllowDiscount>1</AllowDiscount><ItemStatus>1</ItemStatus><ItemPrice>4.40</ItemPrice></item><item><PriceUpdateDate>2015-11-18 13:58:19</PriceUpdateDate><ItemCode>7290000036502</ItemCode><ItemType>1</ItemType><ItemName>גלעם אבקת אפיה עשירי</ItemName><ManufacturerName>גלעם</ManufacturerName><ManufactureCountry>ישראל</ManufactureCountry><ManufacturerItemDescription>גלעם אבקת אפיה עשירי</ManufacturerItemDescription><SoldByWeight/><Quantity>100.00</Quantity><UnitOfMeasure>גרם     </UnitOfMeasure><QtyInPackage>לא ידוע</QtyInPackage><UnitOfMeasurePrice>0.0350</UnitOfMeasurePrice><AllowDiscount>1</AllowDiscount><ItemStatus>1</ItemStatus><ItemPrice>3.50</ItemPrice></item><item><PriceUpdateDate>2016-06-13 09:58:43</PriceUpdateDate><ItemCode>7290000040042</ItemCode><ItemType>1</ItemType><ItemName>יופלה תות 3% 150 גרם</ItemName><ManufacturerName>יופלה</ManufacturerName><ManufactureCountry>ישראל</ManufactureCountry><ManufacturerItemDescription>יופלה תות 150 3% מל</ManufacturerItemDescription><SoldByWeight/><Quantity>150.00</Quantity><UnitOfMeasure>גרם     </UnitOfMeasure><QtyInPackage>לא ידוע</QtyInPackage><UnitOfMeasurePrice>0.0327</UnitOfMeasurePrice><AllowDiscount>1</AllowDiscount><ItemStatus>1</ItemStatus><ItemPrice>4.90</ItemPrice></item><item><PriceUpdateDate>2016-06-13 09:58:43</PriceUpdateDate><ItemCode>7290000040066</ItemCode><ItemType>1</ItemType><ItemName>יופלה דובדבן 3% 150</ItemName><ManufacturerName>יופלה</ManufacturerName><ManufactureCountry>ישראל</ManufactureCountry><ManufacturerItemDescription>יופלה דובדבן 150 3% מל</ManufacturerItemDescription><SoldByWeight/><Quantity>150.00</Quantity><UnitOfMeasure>גרם     </UnitOfMeasure><QtyInPackage>לא ידוע</QtyInPackage><UnitOfMeasurePrice>0.0327</UnitOfMeasurePrice><AllowDiscount>1</AllowDiscount><ItemStatus>1</ItemStatus><ItemPrice>4.90</ItemPrice></item><item><PriceUpdateDate>2016-06-13 09:58:43</PriceUpdateDate><ItemCode>7290000040080</ItemCode><ItemType>1</ItemType><ItemName>יופלה אפרסק 3% 150 ג</ItemName><ManufacturerName>יופלה</ManufacturerName><ManufactureCountry>ישראל</ManufactureCountry><ManufacturerItemDescription>יופלה אפרסק 150 3% מל</ManufacturerItemDescription><SoldByWeight/><Quantity>150.00</Quantity><UnitOfMeasure>גרם     </UnitOfMeasure><QtyInPackage>לא ידוע</QtyInPackage><UnitOfMeasurePrice>0.0327</UnitOfMeasurePrice><AllowDiscount>1</AllowDiscount><ItemStatus>1</ItemStatus><ItemPrice>4.90</ItemPrice></item><item><PriceUpdateDate>2015-11-18 13:58:19</PriceUpdateDate><ItemCode>7290000040462</ItemCode><ItemType>1</ItemType><ItemName>גבינה טוסטי אדם ישרא</ItemName><ManufacturerName>טוסטי</ManufacturerName><ManufactureCountry>ישראל</ManufactureCountry><ManufacturerItemDescription>גבינה מותכת טוסטי-אדם22%פ</ManufacturerItemDescription><SoldByWeight/><Quantity>200.00</Quantity><UnitOfMeasure>גרם     </UnitOfMeasure><QtyInPackage>לא ידוע</QtyInPackage><UnitOfMeasurePrice>0.0945</UnitOfMeasurePrice><AllowDiscount>1</AllowDiscount><ItemStatus>1</ItemStatus><ItemPrice>18.90</ItemPrice></item><item><PriceUpdateDate>2016-02-16 20:38:17</PriceUpdateDate><ItemCode>7290000040974</ItemCode><ItemType>1</ItemType><ItemName>חלב טרי דל לקטוז 2%</ItemName><ManufacturerName>חלב תנובה</ManufacturerName><ManufactureCountry>ישראל</ManufactureCountry><ManufacturerItemDescription>חלב דל לקטוז 1 ל</ManufacturerItemDescription><SoldByWeight/><Quantity>1000.00</Quantity><UnitOfMeasure>מ"ל</UnitOfMeasure><QtyInPackage>לא ידוע</QtyInPackage><UnitOfMeasurePrice>0.0074</UnitOfMeasurePrice><AllowDiscount>1</AllowDiscount><ItemStatus>1</ItemStatus><ItemPrice>7.40</ItemPrice></item><item><PriceUpdateDate>2016-02-11 08:21:15</PriceUpdateDate><ItemCode>7290000041407</ItemCode><ItemType>1</ItemType><ItemName>גילה 3% בד"צ 125 גרם</ItemName><ManufacturerName>גיל</ManufacturerName><ManufactureCountry>ישראל</ManufactureCountry><ManufacturerItemDescription>גילה 3% בד"צ 125 גרם</ManufacturerItemDescription><SoldByWeight/><Quantity>125.00</Quantity><UnitOfMeasure>מ"ל</UnitOfMeasure><QtyInPackage>לא ידוע</QtyInPackage><UnitOfMeasurePrice>0.0070</UnitOfMeasurePrice><AllowDiscount>1</AllowDiscount><ItemStatus>1</ItemStatus><ItemPrice>0.87</ItemPrice></item><item><PriceUpdateDate>2015-10-02 09:21:10</PriceUpdateDate><ItemCode>7290000041445</ItemCode><ItemType>1</ItemType><ItemName>קוטג' 5% בדצ 250 גרם</ItemName><ManufacturerName>קוטג תנובה</ManufacturerName><ManufactureCountry>ישראל</ManufactureCountry><ManufacturerItemDescription>קוטג250 5% גר.מהדרין</ManufacturerItemDescription><SoldByWeight/><Quantity>250.00</Quantity><UnitOfMeasure>גרם     </UnitOfMeasure><QtyInPackage>לא ידוע</QtyInPackage><UnitOfMeasurePrice>0.0228</UnitOfMeasurePrice><AllowDiscount>1</AllowDiscount><ItemStatus>1</ItemStatus><ItemPrice>5.70</ItemPrice></item><item><PriceUpdateDate>2015-12-09 09:14:27</PriceUpdateDate><ItemCode>7290000041452</ItemCode><ItemType>1</ItemType><ItemName>קוטג' 9% בדצ 250 גרם</ItemName><ManufacturerName>קוטג תנובה</ManufacturerName><ManufactureCountry>ישראל</ManufactureCountry><ManufacturerItemDescription>קוטג' 9% בדצ 250 גרם</ManufacturerItemDescription><SoldByWeight/><Quantity>250.00</Quantity><UnitOfMeasure>גרם     </UnitOfMeasure><QtyInPackage>לא ידוע</QtyInPackage><UnitOfMeasurePrice>0.0228</UnitOfMeasurePrice><AllowDiscount>1</AllowDiscount><ItemStatus>1</ItemStatus><ItemPrice>5.70</ItemPrice></item><item><PriceUpdateDate>2016-08-10 08:23:00</PriceUpdateDate><ItemCode>7290000041858</ItemCode><ItemType>1</ItemType><ItemName>שמנת מועשרת 15% יטבת</ItemName><ManufacturerName>יטבתה</ManufacturerName><ManufactureCountry>ישראל</ManufactureCountry><ManufacturerItemDescription>שמנת יטבתה 200 מעושרת  פי</ManufacturerItemDescription><SoldByWeight/><Quantity>200.00</Quantity><UnitOfMeasure>מ"ל</UnitOfMeasure><QtyInPackage>לא ידוע</QtyInPackage><UnitOfMeasurePrice>0.0135</UnitOfMeasurePrice><AllowDiscount>1</AllowDiscount><ItemStatus>1</ItemStatus><ItemPrice>2.70</ItemPrice></item><item><PriceUpdateDate>2016-08-10 08:23:00</PriceUpdateDate><ItemCode>7290000041872</ItemCode><ItemType>1</ItemType><ItemName>לבן מועשר 3% יטבתה 2</ItemName><ManufacturerName>יטבתה</ManufacturerName><ManufactureCountry>ישראל</ManufactureCountry><ManufacturerItemDescription>לבן יוטבתה רווית200 3%מל</ManufacturerItemDescription><SoldByWeight/><Quantity>200.00</Quantity><UnitOfMeasure>מ"ל</UnitOfMeasure><QtyInPackage>לא ידוע</QtyInPackage><UnitOfMeasurePrice>0.0115</UnitOfMeasurePrice><AllowDiscount>1</AllowDiscount><ItemStatus>1</ItemStatus><ItemPrice>2.30</ItemPrice></item><item><PriceUpdateDate>2016-02-11 08:21:15</PriceUpdateDate><ItemCode>7290000042008</ItemCode><ItemType>1</ItemType><ItemName>חלב 3% בשקית 1 ליטר</ItemName><ManufacturerName>חלב תנובה</ManufacturerName><ManufactureCountry>ישראל</ManufactureCountry><ManufacturerItemDescription>חלב1 3% ל.שקית פיקוח</ManufacturerItemDescription><SoldByWeight/><Quantity>1000.00</Quantity><UnitOfMeasure>מ"ל</UnitOfMeasure><QtyInPackage>לא ידוע</QtyInPackage><UnitOfMeasurePrice>0.0050</UnitOfMeasurePrice><AllowDiscount>1</AllowDiscount><ItemStatus>1</ItemStatus><ItemPrice>5.00</ItemPrice></item><item><PriceUpdateDate>2016-02-11 08:21:15</PriceUpdateDate><ItemCode>7290000042015</ItemCode><ItemType>1</ItemType><ItemName>חלב 3% בדץ בשקית 1 ל</ItemName><ManufacturerName>חלב תנובה</ManufacturerName><ManufactureCountry>ישראל</ManufactureCountry><ManufacturerItemDescription>חלב1 3% ל.שקית בדץ פיקוח</ManufacturerItemDescription><SoldByWeight/><Quantity>1000.00</Quantity><UnitOfMeasure>מ"ל</UnitOfMeasure><QtyInPackage>לא ידוע</QtyInPackage><UnitOfMeasurePrice>0.0050</UnitOfMeasurePrice><AllowDiscount>1</AllowDiscount><ItemStatus>1</ItemStatus><ItemPrice>5.00</ItemPrice></item><item><PriceUpdateDate>2016-02-14 09:10:05</PriceUpdateDate><ItemCode>7290000042022</ItemCode><ItemType>1</ItemType><ItemName>חלב על הבוקר 1% מועש</ItemName><ManufacturerName>חלב תנובה</ManufacturerName><ManufactureCountry>ישראל</ManufactureCountry><ManufacturerItemDescription>חלב 1% על הבוקר קרטון+פקק</ManufacturerItemDescription><SoldByWeight/><Quantity>1000.00</Quantity><UnitOfMeasure>מ"ל</UnitOfMeasure><QtyInPackage>לא ידוע</QtyInPackage><UnitOfMeasurePrice>0.0089</UnitOfMeasurePrice><AllowDiscount>1</AllowDiscount><ItemStatus>1</ItemStatus><ItemPrice>8.90</ItemPrice></item><item><PriceUpdateDate>2016-02-11 08:21:15</PriceUpdateDate><ItemCode>7290000042121</ItemCode><ItemType>1</ItemType><ItemName>חלב 1% בשקית 1 ליטר</ItemName><ManufacturerName>חלב תנובה</ManufacturerName><ManufactureCountry>ישראל</ManufactureCountry><ManufacturerItemDescription>חלב1 1% ל.שקית פיקוח</ManufacturerItemDescription><SoldByWeight/><Quantity>1000.00</Quantity><UnitOfMeasure>מ"ל</UnitOfMeasure><QtyInPackage>לא ידוע</QtyInPackage><UnitOfMeasurePrice>0.0047</UnitOfMeasurePrice><AllowDiscount>1</AllowDiscount><ItemStatus>1</ItemStatus><ItemPrice>4.65</ItemPrice></item><item><PriceUpdateDate>2016-04-22 09:51:57</PriceUpdateDate><ItemCode>7290000042176</ItemCode><ItemType>1</ItemType><ItemName>חלב כד 1% שומן 2 ליט</ItemName><ManufacturerName>חלב תנובה</ManufacturerName><ManufactureCountry>ישראל</ManufactureCountry><ManufacturerItemDescription>חלב2 1% ל.בכד</ManufacturerItemDescription><SoldByWeight/><Quantity>2000.00</Quantity><UnitOfMeasure>מ"ל</UnitOfMeasure><QtyInPackage>לא ידוע</QtyInPackage><UnitOfMeasurePrice>0.0054</UnitOfMeasurePrice><AllowDiscount>1</AllowDiscount><ItemStatus>1</ItemStatus><ItemPrice>10.80</ItemPrice></item><item><PriceUpdateDate>2016-08-10 08:23:01</PriceUpdateDate><ItemCode>7290000042404</ItemCode><ItemType>1</ItemType><ItemName>חלב מועשר יטבתה 3% ב</ItemName><ManufacturerName>יטבתה</ManufacturerName><ManufactureCountry>ישראל</ManufactureCountry><ManufacturerItemDescription>חלב1 3% ל.שקית מועשר יוטב</ManufacturerItemDescription><SoldByWeight/><Quantity>1000.00</Quantity><UnitOfMeasure>מ"ל</UnitOfMeasure><QtyInPackage>לא ידוע</QtyInPackage><UnitOfMeasurePrice>0.0065</UnitOfMeasurePrice><AllowDiscount>1</AllowDiscount><ItemStatus>1</ItemStatus><ItemPrice>6.50</ItemPrice></item><item><PriceUpdateDate>2016-05-15 10:48:00</PriceUpdateDate><ItemCode>7290000042435</ItemCode><ItemType>1</ItemType><ItemName>חלב 1% בקרטון 1 ליטר</ItemName><ManufacturerName>חלב תנובה</ManufacturerName><ManufactureCountry>ישראל</ManufactureCountry><ManufacturerItemDescription>חלב1 1% ל.קרטון פיקוח</ManufacturerItemDescription><SoldByWeight/><Quantity>1000.00</Quantity><UnitOfMeasure>מ"ל</UnitOfMeasure><QtyInPackage>לא ידוע</QtyInPackage><UnitOfMeasurePrice>0.0054</UnitOfMeasurePrice><AllowDiscount>1</AllowDiscount><ItemStatus>1</ItemStatus><ItemPrice>5.40</ItemPrice></item><item><PriceUpdateDate>2016-05-15 10:48:00</PriceUpdateDate><ItemCode>7290000042442</ItemCode><ItemType>1</ItemType><ItemName>חלב 3% בקרטון 1 ליטר</ItemName><ManufacturerName>חלב תנובה</ManufacturerName><ManufactureCountry>ישראל</ManufactureCountry><ManufacturerItemDescription>חלב1 3% ל.קרטון+פקק פיקוח</ManufacturerItemDescription><SoldByWeight/><Quantity>1000.00</Quantity><UnitOfMeasure>מ"ל</UnitOfMeasure><QtyInPackage>לא ידוע</QtyInPackage><UnitOfMeasurePrice>0.0058</UnitOfMeasurePrice><AllowDiscount>1</AllowDiscount><ItemStatus>1</ItemStatus><ItemPrice>5.75</ItemPrice></item><item><PriceUpdateDate>2016-02-12 08:30:56</PriceUpdateDate><ItemCode>7290000042466</ItemCode><ItemType>1</ItemType><ItemName>חלב 1% מועשר בחלבוני</ItemName><ManufacturerName>חלב תנובה</ManufacturerName><ManufactureCountry>ישראל</ManufactureCountry><ManufacturerItemDescription>חלב 1% מועשר קרטון+פקק1 ל</ManufacturerItemDescription><SoldByWeight/><Quantity>1000.00</Quantity><UnitOfMeasure>מ"ל</UnitOfMeasure><QtyInPackage>לא ידוע</QtyInPackage><UnitOfMeasurePrice>0.0089</UnitOfMeasurePrice><AllowDiscount>1</AllowDiscount><ItemStatus>1</ItemStatus><ItemPrice>8.90</ItemPrice></item><item><PriceUpdateDate>2015-10-22 10:36:56</PriceUpdateDate><ItemCode>7290000042640</ItemCode><ItemType>1</ItemType><ItemName>חלב עמיד3% 250 מ''ל</ItemName><ManufacturerName>חלב תנובה</ManufacturerName><ManufactureCountry>ישראל</ManufactureCountry><ManufacturerItemDescription>חלב עמיד 250 מל</ManufacturerItemDescription><SoldByWeight/><Quantity>250.00</Quantity><UnitOfMeasure>מ"ל</UnitOfMeasure><QtyInPackage>לא ידוע</QtyInPackage><UnitOfMeasurePrice>0.0112</UnitOfMeasurePrice><AllowDiscount>1</AllowDiscount><ItemStatus>1</ItemStatus><ItemPrice>2.80</ItemPrice></item><item><PriceUpdateDate>2015-10-22 10:36:56</PriceUpdateDate><ItemCode>7290000042732</ItemCode><ItemType>1</ItemType><ItemName>שוקו בכד 2 ליטר</ItemName><ManufacturerName>שוק</ManufacturerName><ManufactureCountry>ישראל</ManufactureCountry><ManufacturerItemDescription>שוקו בכד 2 ליטר</ManufacturerItemDescription><SoldByWeight/><Quantity>2000.00</Quantity><UnitOfMeasure>מ"ל</UnitOfMeasure><QtyInPackage>לא ידוע</QtyInPackage><UnitOfMeasurePrice>0.0112</UnitOfMeasurePrice><AllowDiscount>1</AllowDiscount><ItemStatus>1</ItemStatus><ItemPrice>22.30</ItemPrice></item><item><PriceUpdateDate>2015-10-11 20:34:01</PriceUpdateDate><ItemCode>7290000042855</ItemCode><ItemType>1</ItemType><ItemName>שוקו יטבתה שקית 225</ItemName><ManufacturerName>יטבתה</ManufacturerName><ManufactureCountry>ישראל</ManufactureCountry><ManufacturerItemDescription>שוקו בשקית 225 מל.יוטבתה</ManufacturerItemDescription><SoldByWeight/><Quantity>225.00</Quantity><UnitOfMeasure>מ"ל</UnitOfMeasure><QtyInPackage>לא ידוע</QtyInPackage><UnitOfMeasurePrice>0.0120</UnitOfMeasurePrice><AllowDiscount>1</AllowDiscount><ItemStatus>1</ItemStatus><ItemPrice>2.70</ItemPrice></item><item><PriceUpdateDate>2015-10-11 20:34:01</PriceUpdateDate><ItemCode>7290000043159</ItemCode><ItemType>1</ItemType><ItemName>חמאה מלוחה 200 גרם</ItemName><ManufacturerName>חמאת תנובה</ManufacturerName><ManufactureCountry>ישראל</ManufactureCountry><ManufacturerItemDescription>חמאה מלוחה200 ג</ManufacturerItemDescription><SoldByWeight/><Quantity>200.00</Quantity><UnitOfMeasure>גרם     </UnitOfMeasure><QtyInPackage>לא ידוע</QtyInPackage><UnitOfMeasurePrice>0.0485</UnitOfMeasurePrice><AllowDiscount>1</AllowDiscount><ItemStatus>1</ItemStatus><ItemPrice>9.70</ItemPrice></item><item><PriceUpdateDate>2016-02-11 08:21:15</PriceUpdateDate><ItemCode>7290000043814</ItemCode><ItemType>1</ItemType><ItemName>שמנת עמידה לקצפת 38%</ItemName><ManufacturerName>שף לבן</ManufacturerName><ManufactureCountry>ישראל</ManufactureCountry><ManufacturerItemDescription>שמנת מתוקה עמידה</ManufacturerItemDescription><SoldByWeight/><Quantity>250.00</Quantity><UnitOfMeasure>מ"ל</UnitOfMeasure><QtyInPackage>לא ידוע</QtyInPackage><UnitOfMeasurePrice>0.0238</UnitOfMeasurePrice><AllowDiscount>1</AllowDiscount><ItemStatus>1</ItemStatus><ItemPrice>5.95</ItemPrice></item><item><PriceUpdateDate>2016-02-15 12:44:38</PriceUpdateDate><ItemCode>7290000043890</ItemCode><ItemType>1</ItemType><ItemName>ריוויון 1.5% שומן 1</ItemName><ManufacturerName>ריויון</ManufacturerName><ManufactureCountry>ישראל</ManufactureCountry><ManufacturerItemDescription>רויון 1 ליטר בקרטון</ManufacturerItemDescription><SoldByWeight/><Quantity>1000.00</Quantity><UnitOfMeasure>מ"ל</UnitOfMeasure><QtyInPackage>לא ידוע</QtyInPackage><UnitOfMeasurePrice>0.0117</UnitOfMeasurePrice><AllowDiscount>1</AllowDiscount><ItemStatus>1</ItemStatus><ItemPrice>11.70</ItemPrice></item><item><PriceUpdateDate>2015-10-11 20:34:01</PriceUpdateDate><ItemCode>7290000043944</ItemCode><ItemType>1</ItemType><ItemName>יוגורט כד תנובה 1.5</ItemName><ManufacturerName>יופלה</ManufacturerName><ManufactureCountry>ישראל</ManufactureCountry><ManufacturerItemDescription>יוגורט 1.5 ל .בכד</ManufacturerItemDescription><SoldByWeight/><Quantity>1500.00</Quantity><UnitOfMeasure>מ"ל</UnitOfMeasure><QtyInPackage>לא ידוע</QtyInPackage><UnitOfMeasurePrice>0.0114</UnitOfMeasurePrice><AllowDiscount>1</AllowDiscount><ItemStatus>1</ItemStatus><ItemPrice>17.10</ItemPrice></item><item><PriceUpdateDate>2015-10-22 10:36:56</PriceUpdateDate><ItemCode>7290000044248</ItemCode><ItemType>1</ItemType><ItemName>ריויון חצי ליטר</ItemName><ManufacturerName>ריויון</ManufacturerName><ManufactureCountry>ישראל</ManufactureCountry><ManufacturerItemDescription>רויון500 מל .קרטון</ManufacturerItemDescription><SoldByWeight/><Quantity>500.00</Quantity><UnitOfMeasure>מ"ל</UnitOfMeasure><QtyInPackage>לא ידוע</QtyInPackage><UnitOfMeasurePrice>0.0136</UnitOfMeasurePrice><AllowDiscount>1</AllowDiscount><ItemStatus>1</ItemStatus><ItemPrice>6.80</ItemPrice></item><item><PriceUpdateDate>2016-06-28 09:28:39</PriceUpdateDate><ItemCode>7290000044712</ItemCode><ItemType>1</ItemType><ItemName>פרילי תות 500 מ''ל</ItemName><ManufacturerName>פרילי</ManufacturerName><ManufactureCountry>ישראל</ManufactureCountry><ManufacturerItemDescription>פרילי תות500 מל</ManufacturerItemDescription><SoldByWeight/><Quantity>500.00</Quantity><UnitOfMeasure>מ"ל</UnitOfMeasure><QtyInPackage>לא ידוע</QtyInPackage><UnitOfMeasurePrice>0.0218</UnitOfMeasurePrice><AllowDiscount>1</AllowDiscount><ItemStatus>1</ItemStatus><ItemPrice>10.90</ItemPrice></item><item><PriceUpdateDate>2016-05-31 06:54:53</PriceUpdateDate><ItemCode>7290000044880</ItemCode><ItemType>1</ItemType><ItemName>מעדן באדי תות 500 גר</ItemName><ManufacturerName>באדי</ManufacturerName><ManufactureCountry>ישראל</ManufactureCountry><ManufacturerItemDescription>באדי תות 500 3% מל</ManufacturerItemDescription><SoldByWeight/><Quantity>500.00</Quantity><UnitOfMeasure>גרם     </UnitOfMeasure><QtyInPackage>לא ידוע</QtyInPackage><UnitOfMeasurePrice>0.0196</UnitOfMeasurePrice><AllowDiscount>1</AllowDiscount><ItemStatus>1</ItemStatus><ItemPrice>9.80</ItemPrice></item><item><PriceUpdateDate>2016-05-31 06:54:53</PriceUpdateDate><ItemCode>7290000045573</ItemCode><ItemType>1</ItemType><ItemName>גבינת נעמה 200 גרם</ItemName><ManufacturerName>נעמה</ManufacturerName><ManufactureCountry>ישראל</ManufactureCountry><ManufacturerItemDescription>גבינה מותכת נעמה 200 גרם</ManufacturerItemDescription><SoldByWeight/><Quantity>200.00</Quantity><UnitOfMeasure>גרם     </UnitOfMeasure><QtyInPackage>לא ידוע</QtyInPackage><UnitOfMeasurePrice>0.0740</UnitOfMeasurePrice><AllowDiscount>1</AllowDiscount><ItemStatus>1</ItemStatus><ItemPrice>14.80</ItemPrice></item><item><PriceUpdateDate>2016-05-31 06:54:53</PriceUpdateDate><ItemCode>7290000045580</ItemCode><ItemType>1</ItemType><ItemName>גבינת חורש 240 גרם</ItemName><ManufacturerName>נעמה</ManufacturerName><ManufactureCountry>ישראל</ManufactureCountry><ManufacturerItemDescription>גבינה מותכת חורש 240 גרם</ManufacturerItemDescription><SoldByWeight/><Quantity>240.00</Quantity><UnitOfMeasure>גרם     </UnitOfMeasure><QtyInPackage>לא ידוע</QtyInPackage><UnitOfMeasurePrice>0.0746</UnitOfMeasurePrice><AllowDiscount>1</AllowDiscount><ItemStatus>1</ItemStatus><ItemPrice>17.90</ItemPrice></item><item><PriceUpdateDate>2015-10-22 10:36:56</PriceUpdateDate><ItemCode>7290000045771</ItemCode><ItemType>1</ItemType><ItemName>יוגורט 3 ליטר</ItemName><ManufacturerName>יופלה</ManufacturerName><ManufactureCountry>ישראל</ManufactureCountry><ManufacturerItemDescription>יוגורט 3 ליטר</ManufacturerItemDescription><SoldByWeight/><Quantity>3000.00</Quantity><UnitOfMeasure>מ"ל</UnitOfMeasure><QtyInPackage>לא ידוע</QtyInPackage><UnitOfMeasurePrice>0.0098</UnitOfMeasurePrice><AllowDiscount>1</AllowDiscount><ItemStatus>1</ItemStatus><ItemPrice>29.40</ItemPrice></item><item><PriceUpdateDate>2016-06-15 08:32:03</PriceUpdateDate><ItemCode>7290000045917</ItemCode><ItemType>1</ItemType><ItemName>גבינת קולאז עיזים גל</ItemName><ManufacturerName>גבינות תנובה</ManufacturerName><ManufactureCountry>ישראל</ManufactureCountry><ManufacturerItemDescription>גבינהצאן פרומעז גלילית 20</ManufacturerItemDescription><SoldByWeight/><Quantity>200.00</Quantity><UnitOfMeasure>גרם     </UnitOfMeasure><QtyInPackage>לא ידוע</QtyInPackage><UnitOfMeasurePrice>0.1310</UnitOfMeasurePrice><AllowDiscount>1</AllowDiscount><ItemStatus>1</ItemStatus><ItemPrice>26.20</ItemPrice></item><item><PriceUpdateDate>2016-02-11 08:21:15</PriceUpdateDate><ItemCode>7290000046020</ItemCode><ItemType>3</ItemType><ItemName>גבינת גלבוע 22% במשק</ItemName><ManufacturerName>גלבוע</ManufacturerName><ManufactureCountry>ישראל</ManufactureCountry><ManufacturerItemDescription>גבינת גלבוע 22% במשק</ManufacturerItemDescription><SoldByWeight/><Quantity>1.00</Quantity><UnitOfMeasure>ק"ג</UnitOfMeasure><QtyInPackage>לא ידוע</QtyInPackage><UnitOfMeasurePrice>39.2500</UnitOfMeasurePrice><AllowDiscount>1</AllowDiscount><ItemStatus>1</ItemStatus><ItemPrice>39.25</ItemPrice></item><item><PriceUpdateDate>2016-06-06 12:23:24</PriceUpdateDate><ItemCode>7290000046327</ItemCode><ItemType>1</ItemType><ItemName>צהובה גלבוע 22% פרוס</ItemName><ManufacturerName>גלבוע</ManufacturerName><ManufactureCountry>ישראל</ManufactureCountry><ManufacturerItemDescription>גבינהקשה גלבוע פרוס200גר</ManufacturerItemDescription><SoldByWeight/><Quantity>200.00</Quantity><UnitOfMeasure>גרם     </UnitOfMeasure><QtyInPackage>לא ידוע</QtyInPackage><UnitOfMeasurePrice>0.0645</UnitOfMeasurePrice><AllowDiscount>1</AllowDiscount><ItemStatus>1</ItemStatus><ItemPrice>12.90</ItemPrice></item><item><PriceUpdateDate>2015-10-11 20:34:01</PriceUpdateDate><ItemCode>7290000046501</ItemCode><ItemType>3</ItemType><ItemName>גבינת טל העמק 32% במ</ItemName><ManufacturerName>עמק</ManufacturerName><ManufactureCountry>ישראל</ManufactureCountry><ManufacturerItemDescription>גבינת טל העמק 32% במ</ManufacturerItemDescription><SoldByWeight/><Quantity>1.00</Quantity><UnitOfMeasure>ק"ג</UnitOfMeasure><QtyInPackage>לא ידוע</QtyInPackage><UnitOfMeasurePrice>59.9000</UnitOfMeasurePrice><AllowDiscount>1</AllowDiscount><ItemStatus>1</ItemStatus><ItemPrice>59.90</ItemPrice></item><item><PriceUpdateDate>2016-08-02 07:34:43</PriceUpdateDate><ItemCode>7290000046556</ItemCode><ItemType>3</ItemType><ItemName>גבינת קולאז' צ'דר חר</ItemName><ManufacturerName>גבינות תנובה</ManufacturerName><ManufactureCountry>ישראל</ManufactureCountry><ManufacturerItemDescription>גבינת קולאז' צ'דר חר</ManufacturerItemDescription><SoldByWeight/><Quantity>1.00</Quantity><UnitOfMeasure>ק"ג</UnitOfMeasure><QtyInPackage>לא ידוע</QtyInPackage><UnitOfMeasurePrice>99.0000</UnitOfMeasurePrice><AllowDiscount>1</AllowDiscount><ItemStatus>1</ItemStatus><ItemPrice>99.00</ItemPrice></item><item><PriceUpdateDate>2016-08-02 07:34:43</PriceUpdateDate><ItemCode>7290000046563</ItemCode><ItemType>3</ItemType><ItemName>גבינת קולאז' פרמזן ח</ItemName><ManufacturerName>תנובה</ManufacturerName><ManufactureCountry>ישראל</ManufactureCountry><ManufacturerItemDescription>גבינת קולאז' פרמזן ח</ManufacturerItemDescription><SoldByWeight/><Quantity>1.00</Quantity><UnitOfMeasure>ק"ג</UnitOfMeasure><QtyInPackage>לא ידוע</QtyInPackage><UnitOfMeasurePrice>113.1000</UnitOfMeasurePrice><AllowDiscount>1</AllowDiscount><ItemStatus>1</ItemStatus><ItemPrice>113.10</ItemPrice></item><item><PriceUpdateDate>2015-10-11 20:34:01</PriceUpdateDate><ItemCode>7290000046662</ItemCode><ItemType>3</ItemType><ItemName>גבינה סקנדינבית במשק</ItemName><ManufacturerName>עמק</ManufacturerName><ManufactureCountry>ישראל</ManufactureCountry><ManufacturerItemDescription>גבינה סקנדינבית במשק</ManufacturerItemDescription><SoldByWeight/><Quantity>1.00</Quantity><UnitOfMeasure>ק"ג</UnitOfMeasure><QtyInPackage>לא ידוע</QtyInPackage><UnitOfMeasurePrice>77.0000</UnitOfMeasurePrice><AllowDiscount>1</AllowDiscount><ItemStatus>1</ItemStatus><ItemPrice>77.00</ItemPrice></item><item><PriceUpdateDate>2016-08-02 07:34:43</PriceUpdateDate><ItemCode>7290000047027</ItemCode><ItemType>3</ItemType><ItemName>גבינת קולאז' קשקבל ג</ItemName><ManufacturerName>גבינות תנובה</ManufacturerName><ManufactureCountry>ישראל</ManufactureCountry><ManufacturerItemDescription>גבינת קולאז' קשקבל ג</ManufacturerItemDescription><SoldByWeight/><Quantity>1.00</Quantity><UnitOfMeasure>ק"ג</UnitOfMeasure><QtyInPackage>לא ידוע</QtyInPackage><UnitOfMeasurePrice>126.3000</UnitOfMeasurePrice><AllowDiscount>1</AllowDiscount><ItemStatus>1</ItemStatus><ItemPrice>126.30</ItemPrice></item><item><PriceUpdateDate>2016-08-02 07:34:43</PriceUpdateDate><ItemCode>7290000047034</ItemCode><ItemType>3</ItemType><ItemName>גבינת קולאז' רוקפור</ItemName><ManufacturerName>תנובה</ManufacturerName><ManufactureCountry>ישראל</ManufactureCountry><ManufacturerItemDescription>גבינת קולאז' רוקפור</ManufacturerItemDescription><SoldByWeight/><Quantity>1.00</Quantity><UnitOfMeasure>ק"ג</UnitOfMeasure><QtyInPackage>לא ידוע</QtyInPackage><UnitOfMeasurePrice>123.3000</UnitOfMeasurePrice><AllowDiscount>1</AllowDiscount><ItemStatus>1</ItemStatus><ItemPrice>123.30</ItemPrice></item><item><PriceUpdateDate>2015-10-11 20:34:01</PriceUpdateDate><ItemCode>7290000047485</ItemCode><ItemType>3</ItemType><ItemName>גבינה בולגרית 24%</ItemName><ManufacturerName>פיראוס</ManufacturerName><ManufactureCountry>ישראל</ManufactureCountry><ManufacturerItemDescription>גבינה בולגרית 24%</ManufacturerItemDescription><SoldByWeight/><Quantity>1.00</Quantity><UnitOfMeasure>ק"ג</UnitOfMeasure><QtyInPackage>לא ידוע</QtyInPackage><UnitOfMeasurePrice>60.1000</UnitOfMeasurePrice><AllowDiscount>1</AllowDiscount><ItemStatus>1</ItemStatus><ItemPrice>60.10</ItemPrice></item><item><PriceUpdateDate>2015-10-11 20:34:02</PriceUpdateDate><ItemCode>7290000047546</ItemCode><ItemType>1</ItemType><ItemName>גבינת כנען כחושה 5%</ItemName><ManufacturerName>שף לבן</ManufacturerName><ManufactureCountry>ישראל</ManufactureCountry><ManufacturerItemDescription>גבינת כנען כחושה 5%</ManufacturerItemDescription><SoldByWeight/><Quantity>500.00</Quantity><UnitOfMeasure>גרם     </UnitOfMeasure><QtyInPackage>לא ידוע</QtyInPackage><UnitOfMeasurePrice>0.0470</UnitOfMeasurePrice><AllowDiscount>1</AllowDiscount><ItemStatus>1</ItemStatus><ItemPrice>23.50</ItemPrice></item><item><PriceUpdateDate>2016-08-10 08:23:45</PriceUpdateDate><ItemCode>7290000047942</ItemCode><ItemType>1</ItemType><ItemName>מב גבינה לבנה 9% בד'</ItemName><ManufacturerName>גבינות תנובה</ManufacturerName><ManufactureCountry>ישראל</ManufactureCountry><ManufacturerItemDescription>מב גבינה לבנה 9% בד'</ManufacturerItemDescription><SoldByWeight/><Quantity>250.00</Quantity><UnitOfMeasure>גרם     </UnitOfMeasure><QtyInPackage>לא ידוע</QtyInPackage><UnitOfMeasurePrice>0.0160</UnitOfMeasurePrice><AllowDiscount>1</AllowDiscount><ItemStatus>1</ItemStatus><ItemPrice>4.00</ItemPrice></item><item><PriceUpdateDate>2016-08-10 08:23:45</PriceUpdateDate><ItemCode>7290000048185</ItemCode><ItemType>1</ItemType><ItemName>מב גבינה 5% 250 גרם</ItemName><ManufacturerName>גבינות תנובה</ManufacturerName><ManufactureCountry>ישראל</ManufactureCountry><ManufacturerItemDescription>גבינה למריחה 250 5%גרם גב</ManufacturerItemDescription><SoldByWeight/><Quantity>250.00</Quantity><UnitOfMeasure>גרם     </UnitOfMeasure><QtyInPackage>לא ידוע</QtyInPackage><UnitOfMeasurePrice>0.0160</UnitOfMeasurePrice><AllowDiscount>1</AllowDiscount><ItemStatus>1</ItemStatus><ItemPrice>4.00</ItemPrice></item><item><PriceUpdateDate>2015-10-22 10:36:56</PriceUpdateDate><ItemCode>7290000048307</ItemCode><ItemType>1</ItemType><ItemName>גבינת קוטג 5% עם זית</ItemName><ManufacturerName>קוטג תנובה</ManufacturerName><ManufactureCountry>ישראל</ManufactureCountry><ManufacturerItemDescription>קוטג 5%זיתים 250 גר</ManufacturerItemDescription><SoldByWeight/><Quantity>250.00</Quantity><UnitOfMeasure>גרם     </UnitOfMeasure><QtyInPackage>לא ידוע</QtyInPackage><UnitOfMeasurePrice>0.0248</UnitOfMeasurePrice><AllowDiscount>1</AllowDiscount><ItemStatus>1</ItemStatus><ItemPrice>6.20</ItemPrice></item><item><PriceUpdateDate>2016-08-10 08:23:01</PriceUpdateDate><ItemCode>7290000048413</ItemCode><ItemType>1</ItemType><ItemName>גבינת חמד פיראוס 250</ItemName><ManufacturerName>פיראוס</ManufacturerName><ManufactureCountry>ישראל</ManufactureCountry><ManufacturerItemDescription>גבינה חמד פיראוס בשקיות25</ManufacturerItemDescription><SoldByWeight/><Quantity>250.00</Quantity><UnitOfMeasure>גרם     </UnitOfMeasure><QtyInPackage>לא ידוע</QtyInPackage><UnitOfMeasurePrice>0.0756</UnitOfMeasurePrice><AllowDiscount>1</AllowDiscount><ItemStatus>1</ItemStatus><ItemPrice>18.90</ItemPrice></item><item><PriceUpdateDate>2016-08-02 07:34:43</PriceUpdateDate><ItemCode>7290000048437</ItemCode><ItemType>1</ItemType><ItemName>גבינה צפתית 5%שומן 2</ItemName><ManufacturerName>פיראוס</ManufacturerName><ManufactureCountry>ישראל</ManufactureCountry><ManufacturerItemDescription>גבינה צפתית 5% פיראוס200</ManufacturerItemDescription><SoldByWeight/><Quantity>200.00</Quantity><UnitOfMeasure>גרם     </UnitOfMeasure><QtyInPackage>לא ידוע</QtyInPackage><UnitOfMeasurePrice>0.0795</UnitOfMeasurePrice><AllowDiscount>1</AllowDiscount><ItemStatus>1</ItemStatus><ItemPrice>15.90</ItemPrice></item><item><PriceUpdateDate>2016-06-15 08:31:47</PriceUpdateDate><ItemCode>7290000048444</ItemCode><ItemType>3</ItemType><ItemName>גבינת חמד פיראוס 16%</ItemName><ManufacturerName>פיראוס</ManufacturerName><ManufactureCountry>ישראל</ManufactureCountry><ManufacturerItemDescription>גבינת חמד פיראוס 16%</ManufacturerItemDescription><SoldByWeight/><Quantity>1.00</Quantity><UnitOfMeasure>ק"ג</UnitOfMeasure><QtyInPackage>לא ידוע</QtyInPackage><UnitOfMeasurePrice>60.1000</UnitOfMeasurePrice><AllowDiscount>1</AllowDiscount><ItemStatus>1</ItemStatus><ItemPrice>60.10</ItemPrice></item><item><PriceUpdateDate>2016-03-29 07:03:41</PriceUpdateDate><ItemCode>7290000050065</ItemCode><ItemType>1</ItemType><ItemName>מארז משקה יופלה 360</ItemName><ManufacturerName>יופלה</ManufacturerName><ManufactureCountry>ישראל</ManufactureCountry><ManufacturerItemDescription>מארז משקה יופלה 360</ManufacturerItemDescription><SoldByWeight/><Quantity>600.00</Quantity><UnitOfMeasure>מ"ל</UnitOfMeasure><QtyInPackage>לא ידוע</QtyInPackage><UnitOfMeasurePrice>0.0218</UnitOfMeasurePrice><AllowDiscount>1</AllowDiscount><ItemStatus>1</ItemStatus><ItemPrice>13.10</ItemPrice></item><item><PriceUpdateDate>2016-03-29 07:03:41</PriceUpdateDate><ItemCode>7290000050072</ItemCode><ItemType>1</ItemType><ItemName>מארז משקה יופלה 360</ItemName><ManufacturerName>יופלה</ManufacturerName><ManufactureCountry>ישראל</ManufactureCountry><ManufacturerItemDescription>מארז משקה יופלה 360</ManufacturerItemDescription><SoldByWeight/><Quantity>600.00</Quantity><UnitOfMeasure>מ"ל</UnitOfMeasure><QtyInPackage>לא ידוע</QtyInPackage><UnitOfMeasurePrice>0.0218</UnitOfMeasurePrice><AllowDiscount>1</AllowDiscount><ItemStatus>1</ItemStatus><ItemPrice>13.10</ItemPrice></item><item><PriceUpdateDate>2016-08-02 07:34:43</PriceUpdateDate><ItemCode>7290000050447</ItemCode><ItemType>1</ItemType><ItemName>יופלה תות 500 גרם</ItemName><ManufacturerName>יופלה</ManufacturerName><ManufactureCountry>ישראל</ManufactureCountry><ManufacturerItemDescription>יופלה תות 500 גרם</ManufacturerItemDescription><SoldByWeight/><Quantity>500.00</Quantity><UnitOfMeasure>גרם     </UnitOfMeasure><QtyInPackage>לא ידוע</QtyInPackage><UnitOfMeasurePrice>0.0282</UnitOfMeasurePrice><AllowDiscount>1</AllowDiscount><ItemStatus>1</ItemStatus><ItemPrice>14.10</ItemPrice></item><item><PriceUpdateDate>2016-08-02 07:34:43</PriceUpdateDate><ItemCode>7290000050454</ItemCode><ItemType>1</ItemType><ItemName>יופלה אפרסק 500 גרם</ItemName><ManufacturerName>יופלה</ManufacturerName><ManufactureCountry>ישראל</ManufactureCountry><ManufacturerItemDescription>יופלה אפרסק 500 גרם</ManufacturerItemDescription><SoldByWeight/><Quantity>500.00</Quantity><UnitOfMeasure>גרם     </UnitOfMeasure><QtyInPackage>לא ידוע</QtyInPackage><UnitOfMeasurePrice>0.0282</UnitOfMeasurePrice><AllowDiscount>1</AllowDiscount><ItemStatus>1</ItemStatus><ItemPrice>14.10</ItemPrice></item><item><PriceUpdateDate>2016-08-02 07:34:43</PriceUpdateDate><ItemCode>7290000050997</ItemCode><ItemType>1</ItemType><ItemName>מארז שטוזים בננה 400</ItemName><ManufacturerName>יופלה</ManufacturerName><ManufactureCountry>ישראל</ManufactureCountry><ManufacturerItemDescription>מארז יופלה שטוזים בננה</ManufacturerItemDescription><SoldByWeight/><Quantity>400.00</Quantity><UnitOfMeasure>גרם     </UnitOfMeasure><QtyInPackage>לא ידוע</QtyInPackage><UnitOfMeasurePrice>0.0273</UnitOfMeasurePrice><AllowDiscount>1</AllowDiscount><ItemStatus>1</ItemStatus><ItemPrice>10.90</ItemPrice></item><item><PriceUpdateDate>2016-08-02 07:34:44</PriceUpdateDate><ItemCode>7290000051024</ItemCode><ItemType>1</ItemType><ItemName>מארז שטוזים תות 400</ItemName><ManufacturerName>יופלה</ManufacturerName><ManufactureCountry>ישראל</ManufactureCountry><ManufacturerItemDescription>מארז יופלה שטוזים תות 400</ManufacturerItemDescription><SoldByWeight/><Quantity>400.00</Quantity><UnitOfMeasure>גרם     </UnitOfMeasure><QtyInPackage>לא ידוע</QtyInPackage><UnitOfMeasurePrice>0.0273</UnitOfMeasurePrice><AllowDiscount>1</AllowDiscount><ItemStatus>1</ItemStatus><ItemPrice>10.90</ItemPrice></item><item><PriceUpdateDate>2016-03-01 06:12:50</PriceUpdateDate><ItemCode>7290000051307</ItemCode><ItemType>1</ItemType><ItemName>מארז הפסקת אוכל דגני</ItemName><ManufacturerName>חלב תנובה</ManufacturerName><ManufactureCountry>ישראל</ManufactureCountry><ManufacturerItemDescription>מארז הפסקת אוכל דגני</ManufacturerItemDescription><SoldByWeight/><Quantity>150.00</Quantity><UnitOfMeasure>מ"ל</UnitOfMeasure><QtyInPackage>לא ידוע</QtyInPackage><UnitOfMeasurePrice>0.0640</UnitOfMeasurePrice><AllowDiscount>1</AllowDiscount><ItemStatus>1</ItemStatus><ItemPrice>9.60</ItemPrice></item><item><PriceUpdateDate>2015-11-18 13:58:19</PriceUpdateDate><ItemCode>7290000051956</ItemCode><ItemType>3</ItemType><ItemName>חריץ טל עמק 9%</ItemName><ManufacturerName>עמק</ManufacturerName><ManufactureCountry>ישראל</ManufactureCountry><ManufacturerItemDescription>חריץ טל עמק 9%</ManufacturerItemDescription><SoldByWeight/><Quantity>1.00</Quantity><UnitOfMeasure>ק"ג</UnitOfMeasure><QtyInPackage>לא ידוע</QtyInPackage><UnitOfMeasurePrice>78.5000</UnitOfMeasurePrice><AllowDiscount>1</AllowDiscount><ItemStatus>1</ItemStatus><ItemPrice>78.50</ItemPrice></item><item><PriceUpdateDate>2016-08-02 07:34:44</PriceUpdateDate><ItemCode>7290000052250</ItemCode><ItemType>1</ItemType><ItemName>יופלה YYY פירות יער3</ItemName><ManufacturerName>יופלה</ManufacturerName><ManufactureCountry>ישראל</ManufactureCountry><ManufacturerItemDescription>יופלה YYY פירות יער 500 3</ManufacturerItemDescription><SoldByWeight/><Quantity>500.00</Quantity><UnitOfMeasure>מ"ל</UnitOfMeasure><QtyInPackage>לא ידוע</QtyInPackage><UnitOfMeasurePrice>0.0282</UnitOfMeasurePrice><AllowDiscount>1</AllowDiscount><ItemStatus>1</ItemStatus><ItemPrice>14.10</ItemPrice></item><item><PriceUpdateDate>2016-08-02 07:34:44</PriceUpdateDate><ItemCode>7290000052298</ItemCode><ItemType>1</ItemType><ItemName>מב משקה מוקה 1 ליטר</ItemName><ManufacturerName>שוק</ManufacturerName><ManufactureCountry>ישראל</ManufactureCountry><ManufacturerItemDescription>מב משקה מוקה 1 ליטר</ManufacturerItemDescription><SoldByWeight/><Quantity>1.00</Quantity><UnitOfMeasure>ליטר    </UnitOfMeasure><QtyInPackage>לא ידוע</QtyInPackage><UnitOfMeasurePrice>9.0000</UnitOfMeasurePrice><AllowDiscount>1</AllowDiscount><ItemStatus>1</ItemStatus><ItemPrice>9.00</ItemPrice></item><item><PriceUpdateDate>2016-06-28 09:28:40</PriceUpdateDate><ItemCode>7290000052304</ItemCode><ItemType>1</ItemType><ItemName>משקה מוקה 340 מ"ל תנ</ItemName><ManufacturerName>תנובה</ManufacturerName><ManufactureCountry>ישראל</ManufactureCountry><ManufacturerItemDescription>משקה מוקה תנובה 340 מל בב</ManufacturerItemDescription><SoldByWeight/><Quantity>340.00</Quantity><UnitOfMeasure>מ"ל</UnitOfMeasure><QtyInPackage>לא ידוע</QtyInPackage><UnitOfMeasurePrice>0.0191</UnitOfMeasurePrice><AllowDiscount>1</AllowDiscount><ItemStatus>1</ItemStatus><ItemPrice>6.50</ItemPrice></item><item><PriceUpdateDate>2016-02-16 20:38:17</PriceUpdateDate><ItemCode>7290000052311</ItemCode><ItemType>1</ItemType><ItemName>עמק פרוס בקופסא 15%</ItemName><ManufacturerName>עמק</ManufacturerName><ManufactureCountry>ישראל</ManufactureCountry><ManufacturerItemDescription>גבינה עמק 200 15% גרם פרו</ManufacturerItemDescription><SoldByWeight/><Quantity>200.00</Quantity><UnitOfMeasure>גרם     </UnitOfMeasure><QtyInPackage>לא ידוע</QtyInPackage><UnitOfMeasurePrice>0.0795</UnitOfMeasurePrice><AllowDiscount>1</AllowDiscount><ItemStatus>1</ItemStatus><ItemPrice>15.90</ItemPrice></item><item><PriceUpdateDate>2015-11-18 13:58:20</PriceUpdateDate><ItemCode>7290000052649</ItemCode><ItemType>1</ItemType><ItemName>לאבנה 5% 500 גר'</ItemName><ManufacturerName>פיראוס</ManufacturerName><ManufactureCountry>ישראל</ManufactureCountry><ManufacturerItemDescription>לאבנה 5% 500 גר'</ManufacturerItemDescription><SoldByWeight/><Quantity>500.00</Quantity><UnitOfMeasure>גרם     </UnitOfMeasure><QtyInPackage>לא ידוע</QtyInPackage><UnitOfMeasurePrice>0.0406</UnitOfMeasurePrice><AllowDiscount>1</AllowDiscount><ItemStatus>1</ItemStatus><ItemPrice>20.30</ItemPrice></item><item><PriceUpdateDate>2015-10-22 10:36:57</PriceUpdateDate><ItemCode>7290000052717</ItemCode><ItemType>1</ItemType><ItemName>קוטג' 5% עם שום שמיר</ItemName><ManufacturerName>קוטג תנובה</ManufacturerName><ManufactureCountry>ישראל</ManufactureCountry><ManufacturerItemDescription>קוטג 5% עם שום שמיר 250 ג</ManufacturerItemDescription><SoldByWeight/><Quantity>0.00</Quantity><UnitOfMeasure>גרם     </UnitOfMeasure><QtyInPackage>לא ידוע</QtyInPackage><UnitOfMeasurePrice>0.0000</UnitOfMeasurePrice><AllowDiscount>1</AllowDiscount><ItemStatus>1</ItemStatus><ItemPrice>6.20</ItemPrice></item><item><PriceUpdateDate>2015-10-11 20:34:02</PriceUpdateDate><ItemCode>7290000052946</ItemCode><ItemType>1</ItemType><ItemName>מאגדת יופלה לבן מעוד</ItemName><ManufacturerName>יופלה</ManufacturerName><ManufactureCountry>ישראל</ManufactureCountry><ManufacturerItemDescription>מאגדת יופלה לבן מעוד</ManufacturerItemDescription><SoldByWeight/><Quantity>1200.00</Quantity><UnitOfMeasure>גרם     </UnitOfMeasure><QtyInPackage>לא ידוע</QtyInPackage><UnitOfMeasurePrice>0.0182</UnitOfMeasurePrice><AllowDiscount>1</AllowDiscount><ItemStatus>1</ItemStatus><ItemPrice>21.80</ItemPrice></item><item><PriceUpdateDate>2016-03-01 06:12:50</PriceUpdateDate><ItemCode>7290000053981</ItemCode><ItemType>1</ItemType><ItemName>מארז יופלה פרי בד"ץ</ItemName><ManufacturerName>יופלה</ManufacturerName><ManufactureCountry>ישראל</ManufactureCountry><ManufacturerItemDescription>מארז יופלה פרי בד"ץ</ManufacturerItemDescription><SoldByWeight/><Quantity>0.00</Quantity><UnitOfMeasure>יח'</UnitOfMeasure><QtyInPackage>לא ידוע</QtyInPackage><UnitOfMeasurePrice>0.0000</UnitOfMeasurePrice><AllowDiscount>1</AllowDiscount><ItemStatus>1</ItemStatus><ItemPrice>28.40</ItemPrice></item><item><PriceUpdateDate>2015-10-22 10:36:57</PriceUpdateDate><ItemCode>7290000055206</ItemCode><ItemType>1</ItemType><ItemName>גבינה לבנה בטעם בצל</ItemName><ManufacturerName>לא ממותג</ManufacturerName><ManufactureCountry>ישראל</ManufactureCountry><ManufacturerItemDescription>גבינה לבנה 5% בצל מטוגן 2</ManufacturerItemDescription><SoldByWeight/><Quantity>250.00</Quantity><UnitOfMeasure>גרם     </UnitOfMeasure><QtyInPackage>לא ידוע</QtyInPackage><UnitOfMeasurePrice>0.0228</UnitOfMeasurePrice><AllowDiscount>1</AllowDiscount><ItemStatus>1</ItemStatus><ItemPrice>5.70</ItemPrice></item><item><PriceUpdateDate>2016-08-02 07:34:44</PriceUpdateDate><ItemCode>7290000055329</ItemCode><ItemType>1</ItemType><ItemName>יופלה משקה יוגורט בט</ItemName><ManufacturerName>יופלה</ManufacturerName><ManufactureCountry>ישראל</ManufactureCountry><ManufacturerItemDescription>משקה יוגורט יופלה תות מלו</ManufacturerItemDescription><SoldByWeight/><Quantity>250.00</Quantity><UnitOfMeasure>גרם     </UnitOfMeasure><QtyInPackage>לא ידוע</QtyInPackage><UnitOfMeasurePrice>0.0220</UnitOfMeasurePrice><AllowDiscount>0</AllowDiscount><ItemStatus>1</ItemStatus><ItemPrice>5.50</ItemPrice></item><item><PriceUpdateDate>2016-08-02 07:34:44</PriceUpdateDate><ItemCode>7290000055336</ItemCode><ItemType>1</ItemType><ItemName>יופלה משקה יוגורט בנ</ItemName><ManufacturerName>יופלה</ManufacturerName><ManufactureCountry>ישראל</ManufactureCountry><ManufacturerItemDescription>משקה יוגורט יופלה בננה אפ</ManufacturerItemDescription><SoldByWeight/><Quantity>250.00</Quantity><UnitOfMeasure>גרם     </UnitOfMeasure><QtyInPackage>לא ידוע</QtyInPackage><UnitOfMeasurePrice>0.0220</UnitOfMeasurePrice><AllowDiscount>0</AllowDiscount><ItemStatus>1</ItemStatus><ItemPrice>5.50</ItemPrice></item><item><PriceUpdateDate>2016-08-02 07:34:44</PriceUpdateDate><ItemCode>7290000055343</ItemCode><ItemType>1</ItemType><ItemName>יופלה משקה יוגורט טר</ItemName><ManufacturerName>יופלה</ManufacturerName><ManufactureCountry>ישראל</ManufactureCountry><ManufacturerItemDescription>משקה יוגורט יופלה טרופי 2</ManufacturerItemDescription><SoldByWeight/><Quantity>250.00</Quantity><UnitOfMeasure>גרם     </UnitOfMeasure><QtyInPackage>לא ידוע</QtyInPackage><UnitOfMeasurePrice>0.0220</UnitOfMeasurePrice><AllowDiscount>0</AllowDiscount><ItemStatus>1</ItemStatus><ItemPrice>5.50</ItemPrice></item><item><PriceUpdateDate>2016-02-11 08:21:15</PriceUpdateDate><ItemCode>7290000055350</ItemCode><ItemType>3</ItemType><ItemName>חריץ עמק 28% במשקל</ItemName><ManufacturerName>עמק</ManufacturerName><ManufactureCountry>ישראל</ManufactureCountry><ManufacturerItemDescription>חריץ עמק 28% במשקל</ManufacturerItemDescription><SoldByWeight/><Quantity>1.00</Quantity><UnitOfMeasure>ק"ג</UnitOfMeasure><QtyInPackage>לא ידוע</QtyInPackage><UnitOfMeasurePrice>41.3000</UnitOfMeasurePrice><AllowDiscount>1</AllowDiscount><ItemStatus>1</ItemStatus><ItemPrice>41.30</ItemPrice></item><item><PriceUpdateDate>2016-02-11 08:21:15</PriceUpdateDate><ItemCode>7290000055893</ItemCode><ItemType>1</ItemType><ItemName>חמאה משמנת מפוסטרת 2</ItemName><ManufacturerName>תנובה</ManufacturerName><ManufactureCountry>ישראל</ManufactureCountry><ManufacturerItemDescription>חמאה משמנת מפוסטרת 2</ManufacturerItemDescription><SoldByWeight/><Quantity>200.00</Quantity><UnitOfMeasure>גרם     </UnitOfMeasure><QtyInPackage>לא ידוע</QtyInPackage><UnitOfMeasurePrice>0.0380</UnitOfMeasurePrice><AllowDiscount>1</AllowDiscount><ItemStatus>1</ItemStatus><ItemPrice>7.60</ItemPrice></item><item><PriceUpdateDate>2016-05-01 08:13:09</PriceUpdateDate><ItemCode>7290000056081</ItemCode><ItemType>1</ItemType><ItemName>מאגדת פרילי טבע 25%</ItemName><ManufacturerName>יופלה</ManufacturerName><ManufactureCountry>ישראל</ManufactureCountry><ManufacturerItemDescription>מאגדת פרילי טבע 25%</ManufacturerItemDescription><SoldByWeight/><Quantity>1200.00</Quantity><UnitOfMeasure>גרם     </UnitOfMeasure><QtyInPackage>לא ידוע</QtyInPackage><UnitOfMeasurePrice>0.0198</UnitOfMeasurePrice><AllowDiscount>1</AllowDiscount><ItemStatus>1</ItemStatus><ItemPrice>23.80</ItemPrice></item><item><PriceUpdateDate>2015-10-22 10:36:57</PriceUpdateDate><ItemCode>7290000056272</ItemCode><ItemType>1</ItemType><ItemName>גבינה לבנה עם זיתים</ItemName><ManufacturerName>לא ממותג</ManufacturerName><ManufactureCountry>ישראל</ManufactureCountry><ManufacturerItemDescription>גבינה לבנה 5% זיתים 250 ג</ManufacturerItemDescription><SoldByWeight/><Quantity>250.00</Quantity><UnitOfMeasure>גרם     </UnitOfMeasure><QtyInPackage>לא ידוע</QtyInPackage><UnitOfMeasurePrice>0.0228</UnitOfMeasurePrice><AllowDiscount>1</AllowDiscount><ItemStatus>1</ItemStatus><ItemPrice>5.70</ItemPrice></item><item><PriceUpdateDate>2016-08-10 08:23:45</PriceUpdateDate><ItemCode>7290000056845</ItemCode><ItemType>1</ItemType><ItemName>מב חלב הומוגני 3% 1.</ItemName><ManufacturerName>לא ממותג</ManufacturerName><ManufactureCountry>ישראל</ManufactureCountry><ManufacturerItemDescription>חלב 1.5 3% ליטר קרטו פיקו</ManufacturerItemDescription><SoldByWeight/><Quantity>2.00</Quantity><UnitOfMeasure>ליטר    </UnitOfMeasure><QtyInPackage>לא ידוע</QtyInPackage><UnitOfMeasurePrice>3.9500</UnitOfMeasurePrice><AllowDiscount>1</AllowDiscount><ItemStatus>1</ItemStatus><ItemPrice>7.90</ItemPrice></item><item><PriceUpdateDate>2016-08-02 07:38:46</PriceUpdateDate><ItemCode>7290000056890</ItemCode><ItemType>1</ItemType><ItemName>מב מאגדת 8  דיאט יופ</ItemName><ManufacturerName>יופלה</ManufacturerName><ManufactureCountry>ישראל</ManufactureCountry><ManufacturerItemDescription>מב מאגדת 8  דיאט יופ</ManufacturerItemDescription><SoldByWeight/><Quantity>1200.00</Quantity><UnitOfMeasure>גרם     </UnitOfMeasure><QtyInPackage>לא ידוע</QtyInPackage><UnitOfMeasurePrice>0.0207</UnitOfMeasurePrice><AllowDiscount>1</AllowDiscount><ItemStatus>1</ItemStatus><ItemPrice>24.90</ItemPrice></item><item><PriceUpdateDate>2016-08-10 08:23:01</PriceUpdateDate><ItemCode>7290000056906</ItemCode><ItemType>1</ItemType><ItemName>מאגדת יופלה 1.5% לבן</ItemName><ManufacturerName>יופלה</ManufacturerName><ManufactureCountry>ישראל</ManufactureCountry><ManufacturerItemDescription>מאגדת יופלה 1.5% לבן</ManufacturerItemDescription><SoldByWeight/><Quantity>1200.00</Quantity><UnitOfMeasure>גרם     </UnitOfMeasure><QtyInPackage>לא ידוע</QtyInPackage><UnitOfMeasurePrice>0.0154</UnitOfMeasurePrice><AllowDiscount>1</AllowDiscount><ItemStatus>1</ItemStatus><ItemPrice>18.50</ItemPrice></item><item><PriceUpdateDate>2016-02-16 20:38:17</PriceUpdateDate><ItemCode>7290000056951</ItemCode><ItemType>1</ItemType><ItemName>שמנת לבישול 15% 500</ItemName><ManufacturerName>תנובה</ManufacturerName><ManufactureCountry>ישראל</ManufactureCountry><ManufacturerItemDescription>שמנת לבישול 15% 500</ManufacturerItemDescription><SoldByWeight/><Quantity>500.00</Quantity><UnitOfMeasure>מ"ל</UnitOfMeasure><QtyInPackage>לא ידוע</QtyInPackage><UnitOfMeasurePrice>0.0338</UnitOfMeasurePrice><AllowDiscount>1</AllowDiscount><ItemStatus>1</ItemStatus><ItemPrice>16.90</ItemPrice></item><item><PriceUpdateDate>2016-02-11 08:21:16</PriceUpdateDate><ItemCode>7290000056968</ItemCode><ItemType>1</ItemType><ItemName>שמנת להקצפה 38% 500</ItemName><ManufacturerName>תנובה</ManufacturerName><ManufactureCountry>ישראל</ManufactureCountry><ManufacturerItemDescription>שמנת להקצפה 38% 500</ManufacturerItemDescription><SoldByWeight/><Quantity>500.00</Quantity><UnitOfMeasure>מ"ל</UnitOfMeasure><QtyInPackage>לא ידוע</QtyInPackage><UnitOfMeasurePrice>0.0238</UnitOfMeasurePrice><AllowDiscount>1</AllowDiscount><ItemStatus>1</ItemStatus><ItemPrice>11.90</ItemPrice></item><item><PriceUpdateDate>2015-10-11 20:34:02</PriceUpdateDate><ItemCode>7290000057088</ItemCode><ItemType>1</ItemType><ItemName>עמק דק 200 גרם</ItemName><ManufacturerName>עמק</ManufacturerName><ManufactureCountry>ישראל</ManufactureCountry><ManufacturerItemDescription>עמק דק 200 גרם</ManufacturerItemDescription><SoldByWeight/><Quantity>200.00</Quantity><UnitOfMeasure>גרם     </UnitOfMeasure><QtyInPackage>לא ידוע</QtyInPackage><UnitOfMeasurePrice>0.0795</UnitOfMeasurePrice><AllowDiscount>1</AllowDiscount><ItemStatus>1</ItemStatus><ItemPrice>15.90</ItemPrice></item><item><PriceUpdateDate>2015-10-11 20:34:02</PriceUpdateDate><ItemCode>7290000057132</ItemCode><ItemType>1</ItemType><ItemName>יוגורט 1.5% 200 גרם</ItemName><ManufacturerName>יוגורט כדים תנובה</ManufacturerName><ManufactureCountry>ישראל</ManufactureCountry><ManufacturerItemDescription>יוגורט תנובה</ManufacturerItemDescription><SoldByWeight/><Quantity>200.00</Quantity><UnitOfMeasure>גרם     </UnitOfMeasure><QtyInPackage>לא ידוע</QtyInPackage><UnitOfMeasurePrice>0.0160</UnitOfMeasurePrice><AllowDiscount>1</AllowDiscount><ItemStatus>1</ItemStatus><ItemPrice>3.20</ItemPrice></item><item><PriceUpdateDate>2015-10-11 20:34:02</PriceUpdateDate><ItemCode>7290000057149</ItemCode><ItemType>1</ItemType><ItemName>יוגורט 3% 200 גרם</ItemName><ManufacturerName>יוגורט כדים תנובה</ManufacturerName><ManufactureCountry>ישראל</ManufactureCountry><ManufacturerItemDescription>יוגורט תנובה 200 גרם</ManufacturerItemDescription><SoldByWeight/><Quantity>200.00</Quantity><UnitOfMeasure>גרם     </UnitOfMeasure><QtyInPackage>לא ידוע</QtyInPackage><UnitOfMeasurePrice>0.0160</UnitOfMeasurePrice><AllowDiscount>1</AllowDiscount><ItemStatus>1</ItemStatus><ItemPrice>3.20</ItemPrice></item><item><PriceUpdateDate>2016-08-10 08:23:45</PriceUpdateDate><ItemCode>7290000057477</ItemCode><ItemType>1</ItemType><ItemName>מב חלב 3% מהדרין 1.5</ItemName><ManufacturerName>חלב תנובה</ManufacturerName><ManufactureCountry>ישראל</ManufactureCountry><ManufacturerItemDescription>מב חלב 3% מהדרין 1.5</ManufacturerItemDescription><SoldByWeight/><Quantity>1500.00</Quantity><UnitOfMeasure>מ"ל</UnitOfMeasure><QtyInPackage>לא ידוע</QtyInPackage><UnitOfMeasurePrice>0.0053</UnitOfMeasurePrice><AllowDiscount>1</AllowDiscount><ItemStatus>1</ItemStatus><ItemPrice>7.90</ItemPrice></item><item><PriceUpdateDate>2016-02-17 09:57:53</PriceUpdateDate><ItemCode>7290000057552</ItemCode><ItemType>1</ItemType><ItemName>יופלה דיאט עוגת גבינ</ItemName><ManufacturerName>יופלה</ManufacturerName><ManufactureCountry>ישראל</ManufactureCountry><ManufacturerItemDescription>יופלה דיאט עוגת גבינה ותו</ManufacturerItemDescription><SoldByWeight/><Quantity>150.00</Quantity><UnitOfMeasure>גרם     </UnitOfMeasure><QtyInPackage>לא ידוע</QtyInPackage><UnitOfMeasurePrice>0.0353</UnitOfMeasurePrice><AllowDiscount>1</AllowDiscount><ItemStatus>1</ItemStatus><ItemPrice>5.30</ItemPrice></item><item><PriceUpdateDate>2015-10-22 10:36:57</PriceUpdateDate><ItemCode>7290000058030</ItemCode><ItemType>1</ItemType><ItemName>משקה יופלה שטוזים תו</ItemName><ManufacturerName>יופלה</ManufacturerName><ManufactureCountry>ישראל</ManufactureCountry><ManufacturerItemDescription>מארז 1/8 יופלה שטוזים משק</ManufacturerItemDescription><SoldByWeight/><Quantity>800.00</Quantity><UnitOfMeasure>מ"ל</UnitOfMeasure><QtyInPackage>לא ידוע</QtyInPackage><UnitOfMeasurePrice>0.0263</UnitOfMeasurePrice><AllowDiscount>1</AllowDiscount><ItemStatus>1</ItemStatus><ItemPrice>21.00</ItemPrice></item><item><PriceUpdateDate>2016-02-11 08:21:16</PriceUpdateDate><ItemCode>7290000058047</ItemCode><ItemType>1</ItemType><ItemName>שמנת מתוקה להקצפה 38</ItemName><ManufacturerName>תנובה</ManufacturerName><ManufactureCountry>ישראל</ManufactureCountry><ManufacturerItemDescription>שמנת מתוקה להקצפה 38</ManufacturerItemDescription><SoldByWeight/><Quantity>500.00</Quantity><UnitOfMeasure>מ"ל</UnitOfMeasure><QtyInPackage>לא ידוע</QtyInPackage><UnitOfMeasurePrice>0.0238</UnitOfMeasurePrice><AllowDiscount>1</AllowDiscount><ItemStatus>1</ItemStatus><ItemPrice>11.90</ItemPrice></item><item><PriceUpdateDate>2016-08-02 07:38:46</PriceUpdateDate><ItemCode>7290000060088</ItemCode><ItemType>1</ItemType><ItemName>מב בייגלה מקלות מלוח</ItemName><ManufacturerName>בייגלה אסם</ManufacturerName><ManufactureCountry>ישראל</ManufactureCountry><ManufacturerItemDescription>בייגלה מקלות מלוחים 400 ג</ManufacturerItemDescription><SoldByWeight/><Quantity>400.00</Quantity><UnitOfMeasure>גרם     </UnitOfMeasure><QtyInPackage>לא ידוע</QtyInPackage><UnitOfMeasurePrice>0.0223</UnitOfMeasurePrice><AllowDiscount>1</AllowDiscount><ItemStatus>1</ItemStatus><ItemPrice>8.90</ItemPrice></item><item><PriceUpdateDate>2016-05-31 07:01:58</PriceUpdateDate><ItemCode>7290000060200</ItemCode><ItemType>1</ItemType><ItemName>פתיתים אפויים 500 גר</ItemName><ManufacturerName>פסטה אסם</ManufacturerName><ManufactureCountry>ישראל</ManufactureCountry><ManufacturerItemDescription>פתיתים אפויים קוסקוס 500</ManufacturerItemDescription><SoldByWeight/><Quantity>500.00</Quantity><UnitOfMeasure>גרם     </UnitOfMeasure><QtyInPackage>לא ידוע</QtyInPackage><UnitOfMeasurePrice>0.0118</UnitOfMeasurePrice><AllowDiscount>1</AllowDiscount><ItemStatus>1</ItemStatus><ItemPrice>5.90</ItemPrice></item><item><PriceUpdateDate>2016-05-31 07:01:58</PriceUpdateDate><ItemCode>7290000060217</ItemCode><ItemType>1</ItemType><ItemName>פסטה מקרוני מס 7 500</ItemName><ManufacturerName>אסם</ManufacturerName><ManufactureCountry>איטליה</ManufactureCountry><ManufacturerItemDescription>רסק תפו"ע       ם</ManufacturerItemDescription><SoldByWeight/><Quantity>500.00</Quantity><UnitOfMeasure>גרם     </UnitOfMeasure><QtyInPackage>לא ידוע</QtyInPackage><UnitOfMeasurePrice>0.0112</UnitOfMeasurePrice><AllowDiscount>1</AllowDiscount><ItemStatus>1</ItemStatus><ItemPrice>5.60</ItemPrice></item><item><PriceUpdateDate>2016-05-31 07:01:58</PriceUpdateDate><ItemCode>7290000060248</ItemCode><ItemType>1</ItemType><ItemName>פסטה תלתלים 500 גרם</ItemName><ManufacturerName>פסטה אסם</ManufacturerName><ManufactureCountry>ישראל</ManufactureCountry><ManufacturerItemDescription>פסטה תלתלים 500 גרם</ManufacturerItemDescription><SoldByWeight/><Quantity>500.00</Quantity><UnitOfMeasure>גרם     </UnitOfMeasure><QtyInPackage>לא ידוע</QtyInPackage><UnitOfMeasurePrice>0.0112</UnitOfMeasurePrice><AllowDiscount>1</AllowDiscount><ItemStatus>1</ItemStatus><ItemPrice>5.60</ItemPrice></item><item><PriceUpdateDate>2016-05-31 07:01:58</PriceUpdateDate><ItemCode>7290000060408</ItemCode><ItemType>1</ItemType><ItemName>פתיתים אפויים טבעות</ItemName><ManufacturerName>פסטה אסם</ManufacturerName><ManufactureCountry>ישראל</ManufactureCountry><ManufacturerItemDescription>פתיתים אפויים טבעות</ManufacturerItemDescription><SoldByWeight/><Quantity>500.00</Quantity><UnitOfMeasure>גרם     </UnitOfMeasure><QtyInPackage>לא ידוע</QtyInPackage><UnitOfMeasurePrice>0.0118</UnitOfMeasurePrice><AllowDiscount>1</AllowDiscount><ItemStatus>1</ItemStatus><ItemPrice>5.90</ItemPrice></item><item><PriceUpdateDate>2016-08-02 07:38:46</PriceUpdateDate><ItemCode>7290000060415</ItemCode><ItemType>1</ItemType><ItemName>מב לזניה לה פסטה 500</ItemName><ManufacturerName>אסם</ManufacturerName><ManufactureCountry>ישראל</ManufactureCountry><ManufacturerItemDescription>מב לזניה לה פסטה 500</ManufacturerItemDescription><SoldByWeight/><Quantity>500.00</Quantity><UnitOfMeasure>גרם     </UnitOfMeasure><QtyInPackage>לא ידוע</QtyInPackage><UnitOfMeasurePrice>0.0218</UnitOfMeasurePrice><AllowDiscount>1</AllowDiscount><ItemStatus>1</ItemStatus><ItemPrice>10.90</ItemPrice></item><item><PriceUpdateDate>2016-05-31 07:01:58</PriceUpdateDate><ItemCode>7290000060781</ItemCode><ItemType>1</ItemType><ItemName>פסטה מסולסלים 500 גר</ItemName><ManufacturerName>אסם</ManufacturerName><ManufactureCountry>איטליה</ManufactureCountry><ManufacturerItemDescription>פסטה אסם מסולסלים 500 גר</ManufacturerItemDescription><SoldByWeight/><Quantity>500.00</Quantity><UnitOfMeasure>גרם     </UnitOfMeasure><QtyInPackage>לא ידוע</QtyInPackage><UnitOfMeasurePrice>0.0112</UnitOfMeasurePrice><AllowDiscount>1</AllowDiscount><ItemStatus>1</ItemStatus><ItemPrice>5.60</ItemPrice></item><item><PriceUpdateDate>2016-05-31 07:01:59</PriceUpdateDate><ItemCode>7290000060828</ItemCode><ItemType>1</ItemType><ItemName>פסטה קרניים בינוני 5</ItemName><ManufacturerName>פסטה אסם</ManufacturerName><ManufactureCountry>איטליה</ManufactureCountry><ManufacturerItemDescription>פסטה אסם קרניים בינוניות5</ManufacturerItemDescription><SoldByWeight/><Quantity>500.00</Quantity><UnitOfMeasure>גרם     </UnitOfMeasure><QtyInPackage>לא ידוע</QtyInPackage><UnitOfMeasurePrice>0.0112</UnitOfMeasurePrice><AllowDiscount>1</AllowDiscount><ItemStatus>1</ItemStatus><ItemPrice>5.60</ItemPrice></item><item><PriceUpdateDate>2016-05-31 07:01:59</PriceUpdateDate><ItemCode>7290000060842</ItemCode><ItemType>1</ItemType><ItemName>פסטה צדפים גדולים 50</ItemName><ManufacturerName>אסם</ManufacturerName><ManufactureCountry>ישראל</ManufactureCountry><ManufacturerItemDescription>פסטה צדפים גדולים 50</ManufacturerItemDescription><SoldByWeight/><Quantity>500.00</Quantity><UnitOfMeasure>גרם     </UnitOfMeasure><QtyInPackage>לא ידוע</QtyInPackage><UnitOfMeasurePrice>0.0112</UnitOfMeasurePrice><AllowDiscount>1</AllowDiscount><ItemStatus>1</ItemStatus><ItemPrice>5.60</ItemPrice></item><item><PriceUpdateDate>2016-05-31 07:01:59</PriceUpdateDate><ItemCode>7290000060859</ItemCode><ItemType>1</ItemType><ItemName>פסטה צדפות קטנות 500</ItemName><ManufacturerName>פסטה אסם</ManufacturerName><ManufactureCountry>ישראל</ManufactureCountry><ManufacturerItemDescription>פסטה צדפות קטנות 500</ManufacturerItemDescription><SoldByWeight/><Quantity>500.00</Quantity><UnitOfMeasure>גרם     </UnitOfMeasure><QtyInPackage>לא ידוע</QtyInPackage><UnitOfMeasurePrice>0.0112</UnitOfMeasurePrice><AllowDiscount>1</AllowDiscount><ItemStatus>1</ItemStatus><ItemPrice>5.60</ItemPrice></item><item><PriceUpdateDate>2016-05-31 07:01:59</PriceUpdateDate><ItemCode>7290000060880</ItemCode><ItemType>1</ItemType><ItemName>פסטה מס.8 500 גרם</ItemName><ManufacturerName>פסטה אסם</ManufacturerName><ManufactureCountry>איטליה</ManufactureCountry><ManufacturerItemDescription>פסטה אסם ספגטי 500  גר</ManufacturerItemDescription><SoldByWeight/><Quantity>500.00</Quantity><UnitOfMeasure>גרם     </UnitOfMeasure><QtyInPackage>לא ידוע</QtyInPackage><UnitOfMeasurePrice>0.0112</UnitOfMeasurePrice><AllowDiscount>1</AllowDiscount><ItemStatus>1</ItemStatus><ItemPrice>5.60</ItemPrice></item><item><PriceUpdateDate>2016-05-31 07:01:59</PriceUpdateDate><ItemCode>7290000060903</ItemCode><ItemType>1</ItemType><ItemName>פתיתים אפויים 500 גר</ItemName><ManufacturerName>פסטה אסם</ManufacturerName><ManufactureCountry>ישראל</ManufactureCountry><ManufacturerItemDescription>פתיתים אפויים אורז500 גר</ManufacturerItemDescription><SoldByWeight/><Quantity>500.00</Quantity><UnitOfMeasure>גרם     </UnitOfMeasure><QtyInPackage>לא ידוע</QtyInPackage><UnitOfMeasurePrice>0.0118</UnitOfMeasurePrice><AllowDiscount>1</AllowDiscount><ItemStatus>1</ItemStatus><ItemPrice>5.90</ItemPrice></item><item><PriceUpdateDate>2016-05-31 07:01:59</PriceUpdateDate><ItemCode>7290000060958</ItemCode><ItemType>1</ItemType><ItemName>אטריות מובחר בינוני</ItemName><ManufacturerName>אסם</ManufacturerName><ManufactureCountry>ישראל</ManufactureCountry><ManufacturerItemDescription>אטריות מובחר בינוניות 400</ManufacturerItemDescription><SoldByWeight/><Quantity>400.00</Quantity><UnitOfMeasure>גרם     </UnitOfMeasure><QtyInPackage>לא ידוע</QtyInPackage><UnitOfMeasurePrice>0.0148</UnitOfMeasurePrice><AllowDiscount>1</AllowDiscount><ItemStatus>1</ItemStatus><ItemPrice>5.90</ItemPrice></item><item><PriceUpdateDate>2016-05-31 07:01:59</PriceUpdateDate><ItemCode>7290000060965</ItemCode><ItemType>1</ItemType><ItemName>אטריות מובחר רחבות 4</ItemName><ManufacturerName>פסטה אסם</ManufacturerName><ManufactureCountry>ישראל</ManufactureCountry><ManufacturerItemDescription>אטריות מובחר רחבות 400 גר</ManufacturerItemDescription><SoldByWeight/><Quantity>400.00</Quantity><UnitOfMeasure>גרם     </UnitOfMeasure><QtyInPackage>לא ידוע</QtyInPackage><UnitOfMeasurePrice>0.0148</UnitOfMeasurePrice><AllowDiscount>1</AllowDiscount><ItemStatus>1</ItemStatus><ItemPrice>5.90</ItemPrice></item><item><PriceUpdateDate>2016-05-31 07:01:59</PriceUpdateDate><ItemCode>7290000060972</ItemCode><ItemType>1</ItemType><ItemName>אטריות מובחר דקיקות</ItemName><ManufacturerName>אסם</ManufacturerName><ManufactureCountry>איטליה</ManufactureCountry><ManufacturerItemDescription>צמרוני אוזניים  עם שסתום</ManufacturerItemDescription><SoldByWeight/><Quantity>400.00</Quantity><UnitOfMeasure>גרם     </UnitOfMeasure><QtyInPackage>לא ידוע</QtyInPackage><UnitOfMeasurePrice>0.0148</UnitOfMeasurePrice><AllowDiscount>1</AllowDiscount><ItemStatus>1</ItemStatus><ItemPrice>5.90</ItemPrice></item><item><PriceUpdateDate>2016-08-10 08:23:01</PriceUpdateDate><ItemCode>7290000061061</ItemCode><ItemType>1</ItemType><ItemName>קרקר בצל 250 גרם</ItemName><ManufacturerName>לא ממותג</ManufacturerName><ManufactureCountry>ישראל</ManufactureCountry><ManufacturerItemDescription>קרקר בצל 250 גר</ManufacturerItemDescription><SoldByWeight/><Quantity>250.00</Quantity><UnitOfMeasure>גרם     </UnitOfMeasure><QtyInPackage>לא ידוע</QtyInPackage><UnitOfMeasurePrice>0.0460</UnitOfMeasurePrice><AllowDiscount>1</AllowDiscount><ItemStatus>1</ItemStatus><ItemPrice>11.50</ItemPrice></item><item><PriceUpdateDate>2016-05-31 07:01:59</PriceUpdateDate><ItemCode>7290000061085</ItemCode><ItemType>1</ItemType><ItemName>רוטב צ'ילי מתוק 290</ItemName><ManufacturerName>אסם</ManufacturerName><ManufactureCountry>ישראל</ManufactureCountry><ManufacturerItemDescription>רוטב צילי מתוק 290 מל</ManufacturerItemDescription><SoldByWeight/><Quantity>290.00</Quantity><UnitOfMeasure>מ"ל</UnitOfMeasure><QtyInPackage>לא ידוע</QtyInPackage><UnitOfMeasurePrice>0.0362</UnitOfMeasurePrice><AllowDiscount>1</AllowDiscount><ItemStatus>1</ItemStatus><ItemPrice>10.50</ItemPrice></item><item><PriceUpdateDate>2016-05-31 07:01:59</PriceUpdateDate><ItemCode>7290000061108</ItemCode><ItemType>1</ItemType><ItemName>רוטב טריאקי 290 מ"ל</ItemName><ManufacturerName>אסם</ManufacturerName><ManufactureCountry>ישראל</ManufactureCountry><ManufacturerItemDescription>רוטב טריאקי 290 מל</ManufacturerItemDescription><SoldByWeight/><Quantity>290.00</Quantity><UnitOfMeasure>מ"ל</UnitOfMeasure><QtyInPackage>לא ידוע</QtyInPackage><UnitOfMeasurePrice>0.0362</UnitOfMeasurePrice><AllowDiscount>1</AllowDiscount><ItemStatus>1</ItemStatus><ItemPrice>10.50</ItemPrice></item><item><PriceUpdateDate>2016-05-31 07:01:59</PriceUpdateDate><ItemCode>7290000061214</ItemCode><ItemType>1</ItemType><ItemName>פתיתים קוסקוס עם בצל</ItemName><ManufacturerName>פסטה אסם</ManufacturerName><ManufactureCountry>ישראל</ManufactureCountry><ManufacturerItemDescription>פתיתים קוסקוס עם בצל</ManufacturerItemDescription><SoldByWeight/><Quantity>500.00</Quantity><UnitOfMeasure>גרם     </UnitOfMeasure><QtyInPackage>לא ידוע</QtyInPackage><UnitOfMeasurePrice>0.0118</UnitOfMeasurePrice><AllowDiscount>1</AllowDiscount><ItemStatus>1</ItemStatus><ItemPrice>5.90</ItemPrice></item><item><PriceUpdateDate>2016-05-31 07:01:59</PriceUpdateDate><ItemCode>7290000061450</ItemCode><ItemType>1</ItemType><ItemName>פתיתים קוסקוס 3 צבעי</ItemName><ManufacturerName>אסם</ManufacturerName><ManufactureCountry>ישראל</ManufactureCountry><ManufacturerItemDescription>פתיתים קוסקוס 3 צבעי</ManufacturerItemDescription><SoldByWeight/><Quantity>500.00</Quantity><UnitOfMeasure>גרם     </UnitOfMeasure><QtyInPackage>לא ידוע</QtyInPackage><UnitOfMeasurePrice>0.0118</UnitOfMeasurePrice><AllowDiscount>1</AllowDiscount><ItemStatus>1</ItemStatus><ItemPrice>5.90</ItemPrice></item><item><PriceUpdateDate>2016-08-02 07:34:45</PriceUpdateDate><ItemCode>7290000061764</ItemCode><ItemType>1</ItemType><ItemName>נס קפה רד מאג 200 גר</ItemName><ManufacturerName>רד מאג</ManufacturerName><ManufactureCountry>ספרד</ManufactureCountry><ManufacturerItemDescription>מברשת בקבוק+פט  טמה</ManufacturerItemDescription><SoldByWeight/><Quantity>200.00</Quantity><UnitOfMeasure>גרם     </UnitOfMeasure><QtyInPackage>לא ידוע</QtyInPackage><UnitOfMeasurePrice>0.1495</UnitOfMeasurePrice><AllowDiscount>1</AllowDiscount><ItemStatus>1</ItemStatus><ItemPrice>29.90</ItemPrice></item><item><PriceUpdateDate>2014-11-10 06:29:34</PriceUpdateDate><ItemCode>7290000061771</ItemCode><ItemType>1</ItemType><ItemName>נס קפה רד מאג 50 גרם</ItemName><ManufacturerName>רד מאג</ManufacturerName><ManufactureCountry>ישראל</ManufactureCountry><ManufacturerItemDescription>נס קפה רד מאג 50 גרם</ManufacturerItemDescription><SoldByWeight/><Quantity>50.00</Quantity><UnitOfMeasure>גרם     </UnitOfMeasure><QtyInPackage>לא ידוע</QtyInPackage><UnitOfMeasurePrice>0.2180</UnitOfMeasurePrice><AllowDiscount>1</AllowDiscount><ItemStatus>1</ItemStatus><ItemPrice>10.90</ItemPrice></item><item><PriceUpdateDate>2015-10-22 10:36:58</PriceUpdateDate><ItemCode>7290000062709</ItemCode><ItemType>1</ItemType><ItemName>לחמית שיפון 1 קג</ItemName><ManufacturerName>לחמית</ManufacturerName><ManufactureCountry>ישראל</ManufactureCountry><ManufacturerItemDescription>לחמית שיפון 1 קג</ManufacturerItemDescription><SoldByWeight/><Quantity>1000.00</Quantity><UnitOfMeasure>גרם     </UnitOfMeasure><QtyInPackage>לא ידוע</QtyInPackage><UnitOfMeasurePrice>0.0298</UnitOfMeasurePrice><AllowDiscount>1</AllowDiscount><ItemStatus>1</ItemStatus><ItemPrice>29.80</ItemPrice></item><item><PriceUpdateDate>2016-08-10 08:23:01</PriceUpdateDate><ItemCode>7290000063102</ItemCode><ItemType>1</ItemType><ItemName>קמח תופח 350 גרם</ItemName><ManufacturerName>אסם</ManufacturerName><ManufactureCountry>ישראל</ManufactureCountry><ManufacturerItemDescription>קמח תופח 350 גר</ManufacturerItemDescription><SoldByWeight/><Quantity>350.00</Quantity><UnitOfMeasure>גרם     </UnitOfMeasure><QtyInPackage>לא ידוע</QtyInPackage><UnitOfMeasurePrice>0.0169</UnitOfMeasurePrice><AllowDiscount>1</AllowDiscount><ItemStatus>1</ItemStatus><ItemPrice>5.90</ItemPrice></item><item><PriceUpdateDate>2015-11-18 13:58:20</PriceUpdateDate><ItemCode>7290000063133</ItemCode><ItemType>1</ItemType><ItemName>שקדי מרק 100 גרם</ItemName><ManufacturerName>אסם</ManufacturerName><ManufactureCountry>ישראל</ManufactureCountry><ManufacturerItemDescription>שקדי מרק 100 גר</ManufacturerItemDescription><SoldByWeight/><Quantity>100.00</Quantity><UnitOfMeasure>גרם     </UnitOfMeasure><QtyInPackage>לא ידוע</QtyInPackage><UnitOfMeasurePrice>0.0680</UnitOfMeasurePrice><AllowDiscount>1</AllowDiscount><ItemStatus>1</ItemStatus><ItemPrice>6.80</ItemPrice></item><item><PriceUpdateDate>2016-03-16 18:08:42</PriceUpdateDate><ItemCode>7290000063140</ItemCode><ItemType>1</ItemType><ItemName>שקדי מרק רכיבים טבעי</ItemName><ManufacturerName>אסם</ManufacturerName><ManufactureCountry>ישראל</ManufactureCountry><ManufacturerItemDescription>שקדי מרק 400 גרם</ManufacturerItemDescription><SoldByWeight/><Quantity>400.00</Quantity><UnitOfMeasure>גרם     </UnitOfMeasure><QtyInPackage>לא ידוע</QtyInPackage><UnitOfMeasurePrice>0.0273</UnitOfMeasurePrice><AllowDiscount>1</AllowDiscount><ItemStatus>1</ItemStatus><ItemPrice>10.90</ItemPrice></item><item><PriceUpdateDate>2016-03-16 18:08:42</PriceUpdateDate><ItemCode>7290000063157</ItemCode><ItemType>1</ItemType><ItemName>קמח תופח 1 ק"ג</ItemName><ManufacturerName>אסם</ManufacturerName><ManufactureCountry>ישראל</ManufactureCountry><ManufacturerItemDescription>קמח תופח מאליו 1 קג</ManufacturerItemDescription><SoldByWeight/><Quantity>1000.00</Quantity><UnitOfMeasure>גרם     </UnitOfMeasure><QtyInPackage>לא ידוע</QtyInPackage><UnitOfMeasurePrice>0.0089</UnitOfMeasurePrice><AllowDiscount>1</AllowDiscount><ItemStatus>1</ItemStatus><ItemPrice>8.90</ItemPrice></item><item><PriceUpdateDate>2015-11-18 13:58:21</PriceUpdateDate><ItemCode>7290000063294</ItemCode><ItemType>1</ItemType><ItemName>תרכיז ויטמינציק ענבי</ItemName><ManufacturerName>ויטמינצק</ManufacturerName><ManufactureCountry>ישראל</ManufactureCountry><ManufacturerItemDescription>תרכיז ויטמינציק ענבי</ManufacturerItemDescription><SoldByWeight/><Quantity>2000.00</Quantity><UnitOfMeasure>מ"ל</UnitOfMeasure><QtyInPackage>לא ידוע</QtyInPackage><UnitOfMeasurePrice>0.0149</UnitOfMeasurePrice><AllowDiscount>1</AllowDiscount><ItemStatus>1</ItemStatus><ItemPrice>29.80</ItemPrice></item><item><PriceUpdateDate>2015-11-18 13:58:21</PriceUpdateDate><ItemCode>7290000063300</ItemCode><ItemType>1</ItemType><ItemName>תרכיז ויטמינציק פטל</ItemName><ManufacturerName>ויטמינצק</ManufacturerName><ManufactureCountry>ישראל</ManufactureCountry><ManufacturerItemDescription>תרכיז ויטמינציק פטל</ManufacturerItemDescription><SoldByWeight/><Quantity>2000.00</Quantity><UnitOfMeasure>מ"ל</UnitOfMeasure><QtyInPackage>לא ידוע</QtyInPackage><UnitOfMeasurePrice>0.0149</UnitOfMeasurePrice><AllowDiscount>1</AllowDiscount><ItemStatus>1</ItemStatus><ItemPrice>29.80</ItemPrice></item><item><PriceUpdateDate>2016-08-10 08:23:01</PriceUpdateDate><ItemCode>7290000064321</ItemCode><ItemType>1</ItemType><ItemName>חמים וטעים אורז ועדש</ItemName><ManufacturerName>אסם</ManufacturerName><ManufactureCountry>ישראל</ManufactureCountry><ManufacturerItemDescription>תבשיל מגדרה אורז ועדשים14</ManufacturerItemDescription><SoldByWeight/><Quantity>145.00</Quantity><UnitOfMeasure>גרם     </UnitOfMeasure><QtyInPackage>לא ידוע</QtyInPackage><UnitOfMeasurePrice>0.0890</UnitOfMeasurePrice><AllowDiscount>1</AllowDiscount><ItemStatus>1</ItemStatus><ItemPrice>12.90</ItemPrice></item><item><PriceUpdateDate>2016-03-17 09:36:45</PriceUpdateDate><ItemCode>7290000064758</ItemCode><ItemType>1</ItemType><ItemName>קוסקוס אמיתי שקית 35</ItemName><ManufacturerName>אסם</ManufacturerName><ManufactureCountry>ישראל</ManufactureCountry><ManufacturerItemDescription>קוסקוס אמיתי שקית 35</ManufacturerItemDescription><SoldByWeight/><Quantity>350.00</Quantity><UnitOfMeasure>גרם     </UnitOfMeasure><QtyInPackage>לא ידוע</QtyInPackage><UnitOfMeasurePrice>0.0226</UnitOfMeasurePrice><AllowDiscount>1</AllowDiscount><ItemStatus>1</ItemStatus><ItemPrice>7.90</ItemPrice></item><item><PriceUpdateDate>2016-03-16 18:08:42</PriceUpdateDate><ItemCode>7290000064871</ItemCode><ItemType>1</ItemType><ItemName>מנה חמה פירה עם בצל</ItemName><ManufacturerName>אסם</ManufacturerName><ManufactureCountry>ישראל</ManufactureCountry><ManufacturerItemDescription>תבשיל מנה חמה פירה בצל 56</ManufacturerItemDescription><SoldByWeight/><Quantity>14.00</Quantity><UnitOfMeasure>גרם     </UnitOfMeasure><QtyInPackage>לא ידוע</QtyInPackage><UnitOfMeasurePrice>0.4929</UnitOfMeasurePrice><AllowDiscount>1</AllowDiscount><ItemStatus>1</ItemStatus><ItemPrice>6.90</ItemPrice></item><item><PriceUpdateDate>2016-05-31 07:02:00</PriceUpdateDate><ItemCode>7290000065557</ItemCode><ItemType>1</ItemType><ItemName>מנה חמה קוסקוס עם יר</ItemName><ManufacturerName>אסם</ManufacturerName><ManufactureCountry>ישראל</ManufactureCountry><ManufacturerItemDescription>תבשיל מנה חמה קוסקוס+ירקו</ManufacturerItemDescription><SoldByWeight/><Quantity>84.00</Quantity><UnitOfMeasure>גרם     </UnitOfMeasure><QtyInPackage>לא ידוע</QtyInPackage><UnitOfMeasurePrice>0.0702</UnitOfMeasurePrice><AllowDiscount>1</AllowDiscount><ItemStatus>1</ItemStatus><ItemPrice>5.90</ItemPrice></item><item><PriceUpdateDate>2016-05-31 07:02:00</PriceUpdateDate><ItemCode>7290000065717</ItemCode><ItemType>1</ItemType><ItemName>תרכיז ויטמינצ''יק פט</ItemName><ManufacturerName>ויטמינצק</ManufacturerName><ManufactureCountry>ישראל</ManufactureCountry><ManufacturerItemDescription>תרכיז ויטמינצ''יק פט</ManufacturerItemDescription><SoldByWeight/><Quantity>1000.00</Quantity><UnitOfMeasure>מ"ל</UnitOfMeasure><QtyInPackage>לא ידוע</QtyInPackage><UnitOfMeasurePrice>0.0119</UnitOfMeasurePrice><AllowDiscount>1</AllowDiscount><ItemStatus>1</ItemStatus><ItemPrice>11.90</ItemPrice></item><item><PriceUpdateDate>2016-05-31 07:02:00</PriceUpdateDate><ItemCode>7290000065724</ItemCode><ItemType>1</ItemType><ItemName>תרכיז ויטמינציק לימו</ItemName><ManufacturerName>ויטמינצק</ManufacturerName><ManufactureCountry>ישראל</ManufactureCountry><ManufacturerItemDescription>תרכיז ויטמינציק לימו</ManufacturerItemDescription><SoldByWeight/><Quantity>1000.00</Quantity><UnitOfMeasure>מ"ל</UnitOfMeasure><QtyInPackage>לא ידוע</QtyInPackage><UnitOfMeasurePrice>0.0119</UnitOfMeasurePrice><AllowDiscount>1</AllowDiscount><ItemStatus>1</ItemStatus><ItemPrice>11.90</ItemPrice></item><item><PriceUpdateDate>2016-05-31 07:02:00</PriceUpdateDate><ItemCode>7290000065748</ItemCode><ItemType>1</ItemType><ItemName>תרכיז ויטמינציק אננס</ItemName><ManufacturerName>ויטמינצק</ManufacturerName><ManufactureCountry>ישראל</ManufactureCountry><ManufacturerItemDescription>תרכיז ויטמינציק אננס</ManufacturerItemDescription><SoldByWeight/><Quantity>1000.00</Quantity><UnitOfMeasure>מ"ל</UnitOfMeasure><QtyInPackage>לא ידוע</QtyInPackage><UnitOfMeasurePrice>0.0119</UnitOfMeasurePrice><AllowDiscount>1</AllowDiscount><ItemStatus>1</ItemStatus><ItemPrice>11.90</ItemPrice></item><item><PriceUpdateDate>2016-08-10 08:23:01</PriceUpdateDate><ItemCode>7290000066158</ItemCode><ItemType>1</ItemType><ItemName>חטיף ביסלי בצל  67 ג</ItemName><ManufacturerName>ביסלי</ManufacturerName><ManufactureCountry>ישראל</ManufactureCountry><ManufacturerItemDescription>חטיף ביסלי בצל  67 ג</ManufacturerItemDescription><SoldByWeight/><Quantity>67.00</Quantity><UnitOfMeasure>גרם     </UnitOfMeasure><QtyInPackage>לא ידוע</QtyInPackage><UnitOfMeasurePrice>0.0806</UnitOfMeasurePrice><AllowDiscount>1</AllowDiscount><ItemStatus>1</ItemStatus><ItemPrice>5.40</ItemPrice></item><item><PriceUpdateDate>2016-03-16 18:08:43</PriceUpdateDate><ItemCode>7290000066189</ItemCode><ItemType>1</ItemType><ItemName>חטיף ביסלי פלאפל 200</ItemName><ManufacturerName>ביסלי</ManufacturerName><ManufactureCountry>ישראל</ManufactureCountry><ManufacturerItemDescription>ביסלי פלפל 200 גר</ManufacturerItemDescription><SoldByWeight/><Quantity>200.00</Quantity><UnitOfMeasure>גרם     </UnitOfMeasure><QtyInPackage>לא ידוע</QtyInPackage><UnitOfMeasurePrice>0.0395</UnitOfMeasurePrice><AllowDiscount>1</AllowDiscount><ItemStatus>1</ItemStatus><ItemPrice>7.90</ItemPrice></item><item><PriceUpdateDate>2016-03-16 18:08:43</PriceUpdateDate><ItemCode>7290000066196</ItemCode><ItemType>1</ItemType><ItemName>חטיף ביסלי גריל 200</ItemName><ManufacturerName>ביסלי</ManufacturerName><ManufactureCountry>ישראל</ManufactureCountry><ManufacturerItemDescription>ביסלי גריל 200 גר</ManufacturerItemDescription><SoldByWeight/><Quantity>200.00</Quantity><UnitOfMeasure>גרם     </UnitOfMeasure><QtyInPackage>לא ידוע</QtyInPackage><UnitOfMeasurePrice>0.0395</UnitOfMeasurePrice><AllowDiscount>1</AllowDiscount><ItemStatus>1</ItemStatus><ItemPrice>7.90</ItemPrice></item><item><PriceUpdateDate>2016-03-16 18:08:43</PriceUpdateDate><ItemCode>7290000066202</ItemCode><ItemType>1</ItemType><ItemName>חטיף ביסלי בצל 190 ג</ItemName><ManufacturerName>ביסלי</ManufacturerName><ManufactureCountry>ישראל</ManufactureCountry><ManufacturerItemDescription>ביסלי בצל 190 גר</ManufacturerItemDescription><SoldByWeight/><Quantity>190.00</Quantity><UnitOfMeasure>גרם     </UnitOfMeasure><QtyInPackage>לא ידוע</QtyInPackage><UnitOfMeasurePrice>0.0416</UnitOfMeasurePrice><AllowDiscount>1</AllowDiscount><ItemStatus>1</ItemStatus><ItemPrice>7.90</ItemPrice></item><item><PriceUpdateDate>2016-03-16 18:08:43</PriceUpdateDate><ItemCode>7290000066219</ItemCode><ItemType>1</ItemType><ItemName>חטיף ביסלי ברביקיו 1</ItemName><ManufacturerName>ביסלי</ManufacturerName><ManufactureCountry>ישראל</ManufactureCountry><ManufacturerItemDescription>ביסלי ברביקיו 190 גר</ManufacturerItemDescription><SoldByWeight/><Quantity>190.00</Quantity><UnitOfMeasure>גרם     </UnitOfMeasure><QtyInPackage>לא ידוע</QtyInPackage><UnitOfMeasurePrice>0.0416</UnitOfMeasurePrice><AllowDiscount>1</AllowDiscount><ItemStatus>1</ItemStatus><ItemPrice>7.90</ItemPrice></item><item><PriceUpdateDate>2016-03-16 18:08:43</PriceUpdateDate><ItemCode>7290000066226</ItemCode><ItemType>1</ItemType><ItemName>חטיף ביסלי פיצה 200</ItemName><ManufacturerName>ביסלי</ManufacturerName><ManufactureCountry>ישראל</ManufactureCountry><ManufacturerItemDescription>ביסלי פיצה 200 גר</ManufacturerItemDescription><SoldByWeight/><Quantity>200.00</Quantity><UnitOfMeasure>גרם     </UnitOfMeasure><QtyInPackage>לא ידוע</QtyInPackage><UnitOfMeasurePrice>0.0395</UnitOfMeasurePrice><AllowDiscount>1</AllowDiscount><ItemStatus>1</ItemStatus><ItemPrice>7.90</ItemPrice></item><item><PriceUpdateDate>2016-05-31 07:02:00</PriceUpdateDate><ItemCode>7290000066264</ItemCode><ItemType>1</ItemType><ItemName>חטיף דובונים 40 גרם</ItemName><ManufacturerName>דובונים</ManufacturerName><ManufactureCountry>ישראל</ManufactureCountry><ManufacturerItemDescription>דובונים40 גר</ManufacturerItemDescription><SoldByWeight/><Quantity>40.00</Quantity><UnitOfMeasure>גרם     </UnitOfMeasure><QtyInPackage>לא ידוע</QtyInPackage><UnitOfMeasurePrice>0.1000</UnitOfMeasurePrice><AllowDiscount>1</AllowDiscount><ItemStatus>1</ItemStatus><ItemPrice>4.00</ItemPrice></item><item><PriceUpdateDate>2016-08-10 08:23:01</PriceUpdateDate><ItemCode>7290000066295</ItemCode><ItemType>1</ItemType><ItemName>במבה מתוקה תות 30 גר</ItemName><ManufacturerName>במבה</ManufacturerName><ManufactureCountry>ישראל</ManufactureCountry><ManufacturerItemDescription>במבה מתוקה תות 30 גר</ManufacturerItemDescription><SoldByWeight/><Quantity>30.00</Quantity><UnitOfMeasure>גרם     </UnitOfMeasure><QtyInPackage>לא ידוע</QtyInPackage><UnitOfMeasurePrice>0.1167</UnitOfMeasurePrice><AllowDiscount>1</AllowDiscount><ItemStatus>1</ItemStatus><ItemPrice>3.50</ItemPrice></item><item><PriceUpdateDate>2016-05-31 07:02:00</PriceUpdateDate><ItemCode>7290000066318</ItemCode><ItemType>1</ItemType><ItemName>במבה 80 גרם</ItemName><ManufacturerName>במבה</ManufacturerName><ManufactureCountry>ישראל</ManufactureCountry><ManufacturerItemDescription>במבה 80 גרם</ManufacturerItemDescription><SoldByWeight/><Quantity>80.00</Quantity><UnitOfMeasure>גרם     </UnitOfMeasure><QtyInPackage>לא ידוע</QtyInPackage><UnitOfMeasurePrice>0.0563</UnitOfMeasurePrice><AllowDiscount>1</AllowDiscount><ItemStatus>1</ItemStatus><ItemPrice>4.50</ItemPrice></item><item><PriceUpdateDate>2016-05-31 07:02:00</PriceUpdateDate><ItemCode>7290000066332</ItemCode><ItemType>1</ItemType><ItemName>חטיף אפרופו 50 גרם</ItemName><ManufacturerName>אפרופו</ManufacturerName><ManufactureCountry>ישראל</ManufactureCountry><ManufacturerItemDescription>אפרופו50 גר.שקית</ManufacturerItemDescription><SoldByWeight/><Quantity>14.00</Quantity><UnitOfMeasure>גרם     </UnitOfMeasure><QtyInPackage>לא ידוע</QtyInPackage><UnitOfMeasurePrice>0.3071</UnitOfMeasurePrice><AllowDiscount>1</AllowDiscount><ItemStatus>1</ItemStatus><ItemPrice>4.30</ItemPrice></item><item><PriceUpdateDate>2016-08-10 08:23:01</PriceUpdateDate><ItemCode>7290000066349</ItemCode><ItemType>1</ItemType><ItemName>חטיף אפרופו 100 גרם</ItemName><ManufacturerName>אפרופו</ManufacturerName><ManufactureCountry>ישראל</ManufactureCountry><ManufacturerItemDescription>אפרופו100 גר .שקית</ManufacturerItemDescription><SoldByWeight/><Quantity>100.00</Quantity><UnitOfMeasure>גרם     </UnitOfMeasure><QtyInPackage>לא ידוע</QtyInPackage><UnitOfMeasurePrice>0.1050</UnitOfMeasurePrice><AllowDiscount>1</AllowDiscount><ItemStatus>1</ItemStatus><ItemPrice>10.50</ItemPrice></item><item><PriceUpdateDate>2016-08-10 08:23:01</PriceUpdateDate><ItemCode>7290000066431</ItemCode><ItemType>1</ItemType><ItemName>חטיף פופקורן חמאה וד</ItemName><ManufacturerName>אסם</ManufacturerName><ManufactureCountry>ישראל</ManufactureCountry><ManufacturerItemDescription>חטיף פופקו תירס חמאה ודבש</ManufacturerItemDescription><SoldByWeight/><Quantity>80.00</Quantity><UnitOfMeasure>גרם     </UnitOfMeasure><QtyInPackage>לא ידוע</QtyInPackage><UnitOfMeasurePrice>0.0863</UnitOfMeasurePrice><AllowDiscount>1</AllowDiscount><ItemStatus>1</ItemStatus><ItemPrice>6.90</ItemPrice></item><item><PriceUpdateDate>2016-05-31 07:02:00</PriceUpdateDate><ItemCode>7290000066943</ItemCode><ItemType>1</ItemType><ItemName>תרכיז ויטמינציק ענבי</ItemName><ManufacturerName>ויטמינצק</ManufacturerName><ManufactureCountry>ישראל</ManufactureCountry><ManufacturerItemDescription>תרכיז ויטמינציק ענבי</ManufacturerItemDescription><SoldByWeight/><Quantity>1000.00</Quantity><UnitOfMeasure>מ"ל</UnitOfMeasure><QtyInPackage>לא ידוע</QtyInPackage><UnitOfMeasurePrice>0.0119</UnitOfMeasurePrice><AllowDiscount>1</AllowDiscount><ItemStatus>1</ItemStatus><ItemPrice>11.90</ItemPrice></item><item><PriceUpdateDate>2016-05-31 07:02:00</PriceUpdateDate><ItemCode>7290000066950</ItemCode><ItemType>1</ItemType><ItemName>תרכיז ויטמינציק תפו"</ItemName><ManufacturerName>ויטמינצק</ManufacturerName><ManufactureCountry>ישראל</ManufactureCountry><ManufacturerItemDescription>תרכיז ויטמינציק תפו"</ManufacturerItemDescription><SoldByWeight/><Quantity>1000.00</Quantity><UnitOfMeasure>מ"ל</UnitOfMeasure><QtyInPackage>לא ידוע</QtyInPackage><UnitOfMeasurePrice>0.0119</UnitOfMeasurePrice><AllowDiscount>1</AllowDiscount><ItemStatus>1</ItemStatus><ItemPrice>11.90</ItemPrice></item><item><PriceUpdateDate>2015-04-14 12:32:47</PriceUpdateDate><ItemCode>7290000067131</ItemCode><ItemType>1</ItemType><ItemName>ג'לי בזק תות שדה כשל</ItemName><ManufacturerName>אסם</ManufacturerName><ManufactureCountry>ישראל</ManufactureCountry><ManufacturerItemDescription>ג'לי בזק תות שדה כשל</ManufacturerItemDescription><SoldByWeight/><Quantity>90.00</Quantity><UnitOfMeasure>גרם     </UnitOfMeasure><QtyInPackage>לא ידוע</QtyInPackage><UnitOfMeasurePrice>0.0789</UnitOfMeasurePrice><AllowDiscount>1</AllowDiscount><ItemStatus>1</ItemStatus><ItemPrice>7.10</ItemPrice></item><item><PriceUpdateDate>2015-10-22 10:36:58</PriceUpdateDate><ItemCode>7290000067407</ItemCode><ItemType>1</ItemType><ItemName>פירורית מתובלת 200 ג</ItemName><ManufacturerName>פירורית</ManufacturerName><ManufactureCountry>ישראל</ManufactureCountry><ManufacturerItemDescription>פירורית מתובל 200 גרם</ManufacturerItemDescription><SoldByWeight/><Quantity>200.00</Quantity><UnitOfMeasure>גרם     </UnitOfMeasure><QtyInPackage>לא ידוע</QtyInPackage><UnitOfMeasurePrice>0.0390</UnitOfMeasurePrice><AllowDiscount>1</AllowDiscount><ItemStatus>1</ItemStatus><ItemPrice>7.80</ItemPrice></item><item><PriceUpdateDate>2015-11-18 13:58:21</PriceUpdateDate><ItemCode>7290000067742</ItemCode><ItemType>1</ItemType><ItemName>פודינג טעם וניל כשל'</ItemName><ManufacturerName>אסם</ManufacturerName><ManufactureCountry>ישראל</ManufactureCountry><ManufacturerItemDescription>פודינג בטעם וניל 80 גר כש</ManufacturerItemDescription><SoldByWeight/><Quantity>80.00</Quantity><UnitOfMeasure>גרם     </UnitOfMeasure><QtyInPackage>לא ידוע</QtyInPackage><UnitOfMeasurePrice>0.0838</UnitOfMeasurePrice><AllowDiscount>1</AllowDiscount><ItemStatus>1</ItemStatus><ItemPrice>6.70</ItemPrice></item><item><PriceUpdateDate>2016-05-23 14:02:41</PriceUpdateDate><ItemCode>7290000067780</ItemCode><ItemType>1</ItemType><ItemName>פודינג טעם שוקולד כש</ItemName><ManufacturerName>אסם</ManufacturerName><ManufactureCountry>ישראל</ManufactureCountry><ManufacturerItemDescription>פודינג טעם שוקולד כש</ManufacturerItemDescription><SoldByWeight/><Quantity>95.00</Quantity><UnitOfMeasure>גרם     </UnitOfMeasure><QtyInPackage>לא ידוע</QtyInPackage><UnitOfMeasurePrice>0.0579</UnitOfMeasurePrice><AllowDiscount>1</AllowDiscount><ItemStatus>1</ItemStatus><ItemPrice>5.50</ItemPrice></item><item><PriceUpdateDate>2016-03-16 18:08:43</PriceUpdateDate><ItemCode>7290000068138</ItemCode><ItemType>1</ItemType><ItemName>פודינג בטעם וניל 80</ItemName><ManufacturerName>אסם</ManufacturerName><ManufactureCountry>ישראל</ManufactureCountry><ManufacturerItemDescription>פודינג וניל 80 גרם</ManufacturerItemDescription><SoldByWeight/><Quantity>80.00</Quantity><UnitOfMeasure>גרם     </UnitOfMeasure><QtyInPackage>לא ידוע</QtyInPackage><UnitOfMeasurePrice>0.0688</UnitOfMeasurePrice><AllowDiscount>1</AllowDiscount><ItemStatus>1</ItemStatus><ItemPrice>5.50</ItemPrice></item><item><PriceUpdateDate>2016-03-16 18:08:43</PriceUpdateDate><ItemCode>7290000068169</ItemCode><ItemType>1</ItemType><ItemName>פודינג בטעם שוקולד 9</ItemName><ManufacturerName>אסם</ManufacturerName><ManufactureCountry>ישראל</ManufactureCountry><ManufacturerItemDescription>פודינג בטעם שוקולד 95 גרם</ManufacturerItemDescription><SoldByWeight/><Quantity>95.00</Quantity><UnitOfMeasure>גרם     </UnitOfMeasure><QtyInPackage>לא ידוע</QtyInPackage><UnitOfMeasurePrice>0.0579</UnitOfMeasurePrice><AllowDiscount>1</AllowDiscount><ItemStatus>1</ItemStatus><ItemPrice>5.50</ItemPrice></item><item><PriceUpdateDate>2015-10-22 10:36:58</PriceUpdateDate><ItemCode>7290000068190</ItemCode><ItemType>1</ItemType><ItemName>אבקת ג''לי תות שדה</ItemName><ManufacturerName>אסם</ManufacturerName><ManufactureCountry>ישראל</ManufactureCountry><ManufacturerItemDescription>גלי בזק טעם תות שדה 90 גר</ManufacturerItemDescription><SoldByWeight/><Quantity>14.00</Quantity><UnitOfMeasure>גרם     </UnitOfMeasure><QtyInPackage>לא ידוע</QtyInPackage><UnitOfMeasurePrice>0.5571</UnitOfMeasurePrice><AllowDiscount>1</AllowDiscount><ItemStatus>1</ItemStatus><ItemPrice>7.80</ItemPrice></item><item><PriceUpdateDate>2016-05-31 07:02:00</PriceUpdateDate><ItemCode>7290000068282</ItemCode><ItemType>1</ItemType><ItemName>מנה חמה תפו'א עם ירק</ItemName><ManufacturerName>אסם</ManufacturerName><ManufactureCountry>ישראל</ManufactureCountry><ManufacturerItemDescription>מנה חמה תפוא עם ירקות</ManufacturerItemDescription><SoldByWeight/><Quantity>47.00</Quantity><UnitOfMeasure>גרם     </UnitOfMeasure><QtyInPackage>לא ידוע</QtyInPackage><UnitOfMeasurePrice>0.1255</UnitOfMeasurePrice><AllowDiscount>1</AllowDiscount><ItemStatus>1</ItemStatus><ItemPrice>5.90</ItemPrice></item><item><PriceUpdateDate>2016-05-23 14:02:41</PriceUpdateDate><ItemCode>7290000068299</ItemCode><ItemType>1</ItemType><ItemName>מנה חמה תפו'א עם פטר</ItemName><ManufacturerName>אסם</ManufacturerName><ManufactureCountry>ישראל</ManufactureCountry><ManufacturerItemDescription>מנה חמה תפוא עם פטריות</ManufacturerItemDescription><SoldByWeight/><Quantity>47.00</Quantity><UnitOfMeasure>גרם     </UnitOfMeasure><QtyInPackage>לא ידוע</QtyInPackage><UnitOfMeasurePrice>0.1468</UnitOfMeasurePrice><AllowDiscount>1</AllowDiscount><ItemStatus>1</ItemStatus><ItemPrice>6.90</ItemPrice></item><item><PriceUpdateDate>2016-05-31 07:02:01</PriceUpdateDate><ItemCode>7290000068770</ItemCode><ItemType>1</ItemType><ItemName>במבה אסם 80 גרם</ItemName><ManufacturerName>במבה</ManufacturerName><ManufactureCountry>ישראל</ManufactureCountry><ManufacturerItemDescription>במבה אסם 80 גרם</ManufacturerItemDescription><SoldByWeight/><Quantity>14.00</Quantity><UnitOfMeasure>גרם     </UnitOfMeasure><QtyInPackage>לא ידוע</QtyInPackage><UnitOfMeasurePrice>0.3214</UnitOfMeasurePrice><AllowDiscount>0</AllowDiscount><ItemStatus>1</ItemStatus><ItemPrice>4.50</ItemPrice></item><item><PriceUpdateDate>2016-08-10 08:23:01</PriceUpdateDate><ItemCode>7290000068787</ItemCode><ItemType>1</ItemType><ItemName>במבה יום הולדת 25 גר</ItemName><ManufacturerName>במבה</ManufacturerName><ManufactureCountry>ישראל</ManufactureCountry><ManufacturerItemDescription>במבה יום הולדת 25 גר</ManufacturerItemDescription><SoldByWeight/><Quantity>25.00</Quantity><UnitOfMeasure>גרם     </UnitOfMeasure><QtyInPackage>לא ידוע</QtyInPackage><UnitOfMeasurePrice>0.1280</UnitOfMeasurePrice><AllowDiscount>1</AllowDiscount><ItemStatus>1</ItemStatus><ItemPrice>3.20</ItemPrice></item><item><PriceUpdateDate>2014-11-10 06:29:35</PriceUpdateDate><ItemCode>7290000069562</ItemCode><ItemType>1</ItemType><ItemName>פריכונים דקים מחיטה</ItemName><ManufacturerName>פריכונים</ManufacturerName><ManufactureCountry>ישראל</ManufactureCountry><ManufacturerItemDescription>פריכונים דקים מחיטה</ManufacturerItemDescription><SoldByWeight/><Quantity>130.00</Quantity><UnitOfMeasure>גרם     </UnitOfMeasure><QtyInPackage>לא ידוע</QtyInPackage><UnitOfMeasurePrice>0.0731</UnitOfMeasurePrice><AllowDiscount>1</AllowDiscount><ItemStatus>1</ItemStatus><ItemPrice>9.50</ItemPrice></item><item><PriceUpdateDate>2016-08-02 07:38:47</PriceUpdateDate><ItemCode>7290000069920</ItemCode><ItemType>1</ItemType><ItemName>מב בייגלה טבעות מלח</ItemName><ManufacturerName>בייגלה אסם</ManufacturerName><ManufactureCountry>ישראל</ManufactureCountry><ManufacturerItemDescription>מב בייגלה טבעות מלח</ManufacturerItemDescription><SoldByWeight/><Quantity>300.00</Quantity><UnitOfMeasure>גרם     </UnitOfMeasure><QtyInPackage>לא ידוע</QtyInPackage><UnitOfMeasurePrice>0.0297</UnitOfMeasurePrice><AllowDiscount>1</AllowDiscount><ItemStatus>1</ItemStatus><ItemPrice>8.90</ItemPrice></item><item><PriceUpdateDate>2016-05-01 08:13:09</PriceUpdateDate><ItemCode>7290000070308</ItemCode><ItemType>1</ItemType><ItemName>מרק עוף אמיתי אסם 40</ItemName><ManufacturerName>אסם</ManufacturerName><ManufactureCountry>ישראל</ManufactureCountry><ManufacturerItemDescription>מרק עוף אמיתי 400 גרם</ManufacturerItemDescription><SoldByWeight/><Quantity>400.00</Quantity><UnitOfMeasure>גרם     </UnitOfMeasure><QtyInPackage>לא ידוע</QtyInPackage><UnitOfMeasurePrice>0.0660</UnitOfMeasurePrice><AllowDiscount>1</AllowDiscount><ItemStatus>1</ItemStatus><ItemPrice>26.40</ItemPrice></item><item><PriceUpdateDate>2016-05-01 08:13:09</PriceUpdateDate><ItemCode>7290000070384</ItemCode><ItemType>1</ItemType><ItemName>אבקת מרק עדיף טעם עו</ItemName><ManufacturerName>אסם</ManufacturerName><ManufactureCountry>ישראל</ManufactureCountry><ManufacturerItemDescription>מרק עדיף400 גר .כשלפ</ManufacturerItemDescription><SoldByWeight/><Quantity>400.00</Quantity><UnitOfMeasure>גרם     </UnitOfMeasure><QtyInPackage>לא ידוע</QtyInPackage><UnitOfMeasurePrice>0.0460</UnitOfMeasurePrice><AllowDiscount>1</AllowDiscount><ItemStatus>1</ItemStatus><ItemPrice>18.40</ItemPrice></item><item><PriceUpdateDate>2016-08-02 07:38:47</PriceUpdateDate><ItemCode>7290000070919</ItemCode><ItemType>1</ItemType><ItemName>מב בייגלה רשתות עם מ</ItemName><ManufacturerName>בייגלה אסם</ManufacturerName><ManufactureCountry>ישראל</ManufactureCountry><ManufacturerItemDescription>מב בייגלה רשתות עם מ</ManufacturerItemDescription><SoldByWeight/><Quantity>400.00</Quantity><UnitOfMeasure>גרם     </UnitOfMeasure><QtyInPackage>לא ידוע</QtyInPackage><UnitOfMeasurePrice>0.0223</UnitOfMeasurePrice><AllowDiscount>1</AllowDiscount><ItemStatus>1</ItemStatus><ItemPrice>8.90</ItemPrice></item><item><PriceUpdateDate>2016-08-02 07:34:45</PriceUpdateDate><ItemCode>7290000072203</ItemCode><ItemType>1</ItemType><ItemName>רוטב לסלט אלף איים</ItemName><ManufacturerName>אסם</ManufacturerName><ManufactureCountry>ישראל</ManufactureCountry><ManufacturerItemDescription>רוטב אלף האיים 290 מל</ManufacturerItemDescription><SoldByWeight/><Quantity>290.00</Quantity><UnitOfMeasure>מ"ל</UnitOfMeasure><QtyInPackage>לא ידוע</QtyInPackage><UnitOfMeasurePrice>0.0445</UnitOfMeasurePrice><AllowDiscount>1</AllowDiscount><ItemStatus>1</ItemStatus><ItemPrice>12.90</ItemPrice></item><item><PriceUpdateDate>2016-05-31 07:02:01</PriceUpdateDate><ItemCode>7290000072227</ItemCode><ItemType>1</ItemType><ItemName>רוטב סויה סגנון סיני</ItemName><ManufacturerName>אסם</ManufacturerName><ManufactureCountry>ישראל</ManufactureCountry><ManufacturerItemDescription>רוטב סויה סגנון סיני 290</ManufacturerItemDescription><SoldByWeight/><Quantity>290.00</Quantity><UnitOfMeasure>מ"ל</UnitOfMeasure><QtyInPackage>לא ידוע</QtyInPackage><UnitOfMeasurePrice>0.0362</UnitOfMeasurePrice><AllowDiscount>1</AllowDiscount><ItemStatus>1</ItemStatus><ItemPrice>10.50</ItemPrice></item><item><PriceUpdateDate>2016-08-02 07:34:45</PriceUpdateDate><ItemCode>7290000072593</ItemCode><ItemType>1</ItemType><ItemName>לחמית חיטה מלאה דבש</ItemName><ManufacturerName>לא ידוע</ManufacturerName><ManufactureCountry>ישראל</ManufactureCountry><ManufacturerItemDescription>לחמית חיטה מלאה דבש 200 ג</ManufacturerItemDescription><SoldByWeight/><Quantity>200.00</Quantity><UnitOfMeasure>גרם     </UnitOfMeasure><QtyInPackage>לא ידוע</QtyInPackage><UnitOfMeasurePrice>0.0495</UnitOfMeasurePrice><AllowDiscount>1</AllowDiscount><ItemStatus>1</ItemStatus><ItemPrice>9.90</ItemPrice></item><item><PriceUpdateDate>2016-05-31 07:02:01</PriceUpdateDate><ItemCode>7290000072623</ItemCode><ItemType>1</ItemType><ItemName>קטשופ אסם רכיבים טבע</ItemName><ManufacturerName>אסם</ManufacturerName><ManufactureCountry>ישראל</ManufactureCountry><ManufacturerItemDescription>קטשופ לחיץ רגיל 750 גרם</ManufacturerItemDescription><SoldByWeight/><Quantity>750.00</Quantity><UnitOfMeasure>גרם     </UnitOfMeasure><QtyInPackage>לא ידוע</QtyInPackage><UnitOfMeasurePrice>0.0153</UnitOfMeasurePrice><AllowDiscount>0</AllowDiscount><ItemStatus>1</ItemStatus><ItemPrice>11.50</ItemPrice></item><item><PriceUpdateDate>2015-11-18 13:58:21</PriceUpdateDate><ItemCode>7290000072630</ItemCode><ItemType>1</ItemType><ItemName>קטשופ חריף אסם 750 ג</ItemName><ManufacturerName>אסם</ManufacturerName><ManufactureCountry>ישראל</ManufactureCountry><ManufacturerItemDescription>קטשופ לחיץ חריף 750 גרם</ManufacturerItemDescription><SoldByWeight/><Quantity>750.00</Quantity><UnitOfMeasure>גרם     </UnitOfMeasure><QtyInPackage>לא ידוע</QtyInPackage><UnitOfMeasurePrice>0.0201</UnitOfMeasurePrice><AllowDiscount>1</AllowDiscount><ItemStatus>1</ItemStatus><ItemPrice>15.10</ItemPrice></item><item><PriceUpdateDate>2016-05-31 06:54:54</PriceUpdateDate><ItemCode>7290000072753</ItemCode><ItemType>1</ItemType><ItemName>קפה נמס טסטר'ס צ'ויס</ItemName><ManufacturerName>טסטרס צויס</ManufacturerName><ManufactureCountry>ישראל</ManufactureCountry><ManufacturerItemDescription>קפה טסטרס צויס  'ויס200ג</ManufacturerItemDescription><SoldByWeight/><Quantity>200.00</Quantity><UnitOfMeasure>גרם     </UnitOfMeasure><QtyInPackage>לא ידוע</QtyInPackage><UnitOfMeasurePrice>0.1645</UnitOfMeasurePrice><AllowDiscount>1</AllowDiscount><ItemStatus>1</ItemStatus><ItemPrice>32.90</ItemPrice></item><item><PriceUpdateDate>2016-05-31 07:02:01</PriceUpdateDate><ItemCode>7290000072777</ItemCode><ItemType>1</ItemType><ItemName>טסטר'ס צ'ויס נטול קפ</ItemName><ManufacturerName>ג'יקובס</ManufacturerName><ManufactureCountry>ישראל</ManufactureCountry><ManufacturerItemDescription>קפה טסטרס צויס  ופאין200</ManufacturerItemDescription><SoldByWeight/><Quantity>200.00</Quantity><UnitOfMeasure>גרם     </UnitOfMeasure><QtyInPackage>לא ידוע</QtyInPackage><UnitOfMeasurePrice>0.1985</UnitOfMeasurePrice><AllowDiscount>1</AllowDiscount><ItemStatus>1</ItemStatus><ItemPrice>39.70</ItemPrice></item><item><PriceUpdateDate>2016-08-02 07:34:45</PriceUpdateDate><ItemCode>7290000072890</ItemCode><ItemType>1</ItemType><ItemName>רוטב לסלט אלף האיים</ItemName><ManufacturerName>אסם</ManufacturerName><ManufactureCountry>ישראל</ManufactureCountry><ManufacturerItemDescription>רוטב אלף האיים לייט 290 5</ManufacturerItemDescription><SoldByWeight/><Quantity>290.00</Quantity><UnitOfMeasure>מ"ל</UnitOfMeasure><QtyInPackage>לא ידוע</QtyInPackage><UnitOfMeasurePrice>0.0445</UnitOfMeasurePrice><AllowDiscount>1</AllowDiscount><ItemStatus>1</ItemStatus><ItemPrice>12.90</ItemPrice></item><item><PriceUpdateDate>2016-08-02 07:34:45</PriceUpdateDate><ItemCode>7290000072913</ItemCode><ItemType>1</ItemType><ItemName>רוטב שום 290 מ"ל 5%</ItemName><ManufacturerName>אסם</ManufacturerName><ManufactureCountry>ישראל</ManufactureCountry><ManufacturerItemDescription>רוטב שום לייט 290 5% מל</ManufacturerItemDescription><SoldByWeight/><Quantity>290.00</Quantity><UnitOfMeasure>מ"ל</UnitOfMeasure><QtyInPackage>לא ידוע</QtyInPackage><UnitOfMeasurePrice>0.0445</UnitOfMeasurePrice><AllowDiscount>1</AllowDiscount><ItemStatus>1</ItemStatus><ItemPrice>12.90</ItemPrice></item><item><PriceUpdateDate>2016-08-02 07:34:45</PriceUpdateDate><ItemCode>7290000072968</ItemCode><ItemType>1</ItemType><ItemName>מב דגני בוקר סיני מי</ItemName><ManufacturerName>סיני מיני</ManufacturerName><ManufactureCountry>פולין</ManufactureCountry><ManufacturerItemDescription>הוטפופ מלח      ח100*5ג</ManufacturerItemDescription><SoldByWeight/><Quantity>500.00</Quantity><UnitOfMeasure>גרם     </UnitOfMeasure><QtyInPackage>לא ידוע</QtyInPackage><UnitOfMeasurePrice>0.0378</UnitOfMeasurePrice><AllowDiscount>1</AllowDiscount><ItemStatus>1</ItemStatus><ItemPrice>18.90</ItemPrice></item><item><PriceUpdateDate>2016-05-31 07:02:02</PriceUpdateDate><ItemCode>7290000073125</ItemCode><ItemType>1</ItemType><ItemName>מנה חמה אטריות עם עג</ItemName><ManufacturerName>אסם</ManufacturerName><ManufactureCountry>ישראל</ManufactureCountry><ManufacturerItemDescription>תבשיל מנה חמה עם עגבניות6</ManufacturerItemDescription><SoldByWeight/><Quantity>14.00</Quantity><UnitOfMeasure>גרם     </UnitOfMeasure><QtyInPackage>לא ידוע</QtyInPackage><UnitOfMeasurePrice>0.4214</UnitOfMeasurePrice><AllowDiscount>1</AllowDiscount><ItemStatus>1</ItemStatus><ItemPrice>5.90</ItemPrice></item><item><PriceUpdateDate>2016-03-01 06:12:51</PriceUpdateDate><ItemCode>7290000073477</ItemCode><ItemType>1</ItemType><ItemName>עוגת הבית בראוניס שו</ItemName><ManufacturerName>עוגות הבית</ManufacturerName><ManufactureCountry>ישראל</ManufactureCountry><ManufacturerItemDescription>עוגת הבית בראוניס שו</ManufacturerItemDescription><SoldByWeight/><Quantity>350.00</Quantity><UnitOfMeasure>גרם     </UnitOfMeasure><QtyInPackage>לא ידוע</QtyInPackage><UnitOfMeasurePrice>0.0540</UnitOfMeasurePrice><AllowDiscount>1</AllowDiscount><ItemStatus>1</ItemStatus><ItemPrice>18.90</ItemPrice></item><item><PriceUpdateDate>2016-03-29 07:03:45</PriceUpdateDate><ItemCode>7290000073835</ItemCode><ItemType>1</ItemType><ItemName>מארז צ'יפסי 4*50 גרם</ItemName><ManufacturerName>ציפסי</ManufacturerName><ManufactureCountry>ישראל</ManufactureCountry><ManufacturerItemDescription>מארז צ'יפסי 4*50 גרם</ManufacturerItemDescription><SoldByWeight/><Quantity>200.00</Quantity><UnitOfMeasure>גרם     </UnitOfMeasure><QtyInPackage>לא ידוע</QtyInPackage><UnitOfMeasurePrice>0.0645</UnitOfMeasurePrice><AllowDiscount>1</AllowDiscount><ItemStatus>1</ItemStatus><ItemPrice>12.90</ItemPrice></item><item><PriceUpdateDate>2016-05-31 07:02:02</PriceUpdateDate><ItemCode>7290000073965</ItemCode><ItemType>1</ItemType><ItemName>פתיתים אפויים 500 גר</ItemName><ManufacturerName>פסטה אסם</ManufacturerName><ManufactureCountry>ישראל</ManufactureCountry><ManufacturerItemDescription>פתיתים אפויים קוסקוס 500</ManufacturerItemDescription><SoldByWeight/><Quantity>500.00</Quantity><UnitOfMeasure>גרם     </UnitOfMeasure><QtyInPackage>לא ידוע</QtyInPackage><UnitOfMeasurePrice>0.0118</UnitOfMeasurePrice><AllowDiscount>1</AllowDiscount><ItemStatus>1</ItemStatus><ItemPrice>5.90</ItemPrice></item><item><PriceUpdateDate>2016-08-02 07:34:46</PriceUpdateDate><ItemCode>7290000074061</ItemCode><ItemType>1</ItemType><ItemName>לחמית סילאן ושומשום</ItemName><ManufacturerName>לחמית</ManufacturerName><ManufactureCountry>ישראל</ManufactureCountry><ManufacturerItemDescription>לחמית סילאן ושומשום</ManufacturerItemDescription><SoldByWeight/><Quantity>200.00</Quantity><UnitOfMeasure>גרם     </UnitOfMeasure><QtyInPackage>לא ידוע</QtyInPackage><UnitOfMeasurePrice>0.0495</UnitOfMeasurePrice><AllowDiscount>1</AllowDiscount><ItemStatus>1</ItemStatus><ItemPrice>9.90</ItemPrice></item><item><PriceUpdateDate>2016-08-02 07:34:46</PriceUpdateDate><ItemCode>7290000074153</ItemCode><ItemType>1</ItemType><ItemName>פתי בר שוקו 500 גרם</ItemName><ManufacturerName>פתי בר אסם</ManufacturerName><ManufactureCountry>ישראל</ManufactureCountry><ManufacturerItemDescription>ביסקויט פתיבר שוקו 500 גר</ManufacturerItemDescription><SoldByWeight/><Quantity>500.00</Quantity><UnitOfMeasure>גרם     </UnitOfMeasure><QtyInPackage>לא ידוע</QtyInPackage><UnitOfMeasurePrice>0.0258</UnitOfMeasurePrice><AllowDiscount>1</AllowDiscount><ItemStatus>1</ItemStatus><ItemPrice>12.90</ItemPrice></item><item><PriceUpdateDate>2016-08-10 08:23:45</PriceUpdateDate><ItemCode>7290000074177</ItemCode><ItemType>1</ItemType><ItemName>פתי בר בינוני 250 גר</ItemName><ManufacturerName>לא ידוע</ManufacturerName><ManufactureCountry>ישראל</ManufactureCountry><ManufacturerItemDescription>פתיבר 250 גר</ManufacturerItemDescription><SoldByWeight/><Quantity>250.00</Quantity><UnitOfMeasure>גרם     </UnitOfMeasure><QtyInPackage>לא ידוע</QtyInPackage><UnitOfMeasurePrice>0.0336</UnitOfMeasurePrice><AllowDiscount>1</AllowDiscount><ItemStatus>1</ItemStatus><ItemPrice>8.40</ItemPrice></item><item><PriceUpdateDate>2016-03-17 09:36:45</PriceUpdateDate><ItemCode>7290000074184</ItemCode><ItemType>1</ItemType><ItemName>פתי בר וניל 500 גרם</ItemName><ManufacturerName>אסם</ManufacturerName><ManufactureCountry>ישראל</ManufactureCountry><ManufacturerItemDescription>ביסקויט פתיבר 500 גר</ManufacturerItemDescription><SoldByWeight/><Quantity>500.00</Quantity><UnitOfMeasure>גרם     </UnitOfMeasure><QtyInPackage>לא ידוע</QtyInPackage><UnitOfMeasurePrice>0.0218</UnitOfMeasurePrice><AllowDiscount>1</AllowDiscount><ItemStatus>1</ItemStatus><ItemPrice>10.90</ItemPrice></item><item><PriceUpdateDate>2016-08-10 08:23:01</PriceUpdateDate><ItemCode>7290000074252</ItemCode><ItemType>1</ItemType><ItemName>קרקר שומשום 250 גרם</ItemName><ManufacturerName>קרם קרקר אסם</ManufacturerName><ManufactureCountry>ישראל</ManufactureCountry><ManufacturerItemDescription>קרקר שומשום250 גר</ManufacturerItemDescription><SoldByWeight/><Quantity>250.00</Quantity><UnitOfMeasure>גרם     </UnitOfMeasure><QtyInPackage>לא ידוע</QtyInPackage><UnitOfMeasurePrice>0.0416</UnitOfMeasurePrice><AllowDiscount>1</AllowDiscount><ItemStatus>1</ItemStatus><ItemPrice>10.40</ItemPrice></item><item><PriceUpdateDate>2016-08-10 08:23:01</PriceUpdateDate><ItemCode>7290000074276</ItemCode><ItemType>1</ItemType><ItemName>קרקר פיקנטי 250 גרם</ItemName><ManufacturerName>קרקר אסם</ManufacturerName><ManufactureCountry>ישראל</ManufactureCountry><ManufacturerItemDescription>טבעון קרקר פיקנטי250 גר</ManufacturerItemDescription><SoldByWeight/><Quantity>250.00</Quantity><UnitOfMeasure>גרם     </UnitOfMeasure><QtyInPackage>לא ידוע</QtyInPackage><UnitOfMeasurePrice>0.0460</UnitOfMeasurePrice><AllowDiscount>1</AllowDiscount><ItemStatus>1</ItemStatus><ItemPrice>11.50</ItemPrice></item><item><PriceUpdateDate>2016-08-02 07:34:46</PriceUpdateDate><ItemCode>7290000074337</ItemCode><ItemType>1</ItemType><ItemName>לחמית ללא מלח וסוכר</ItemName><ManufacturerName>לא ממותג</ManufacturerName><ManufactureCountry>ישראל</ManufactureCountry><ManufacturerItemDescription>לחמית ללא מלח וסוכר</ManufacturerItemDescription><SoldByWeight/><Quantity>250.00</Quantity><UnitOfMeasure>גרם     </UnitOfMeasure><QtyInPackage>לא ידוע</QtyInPackage><UnitOfMeasurePrice>0.0468</UnitOfMeasurePrice><AllowDiscount>1</AllowDiscount><ItemStatus>1</ItemStatus><ItemPrice>11.70</ItemPrice></item><item><PriceUpdateDate>2016-05-31 07:02:02</PriceUpdateDate><ItemCode>7290000074375</ItemCode><ItemType>1</ItemType><ItemName>קרקר זהב 150 גרם</ItemName><ManufacturerName>קרקר אסם</ManufacturerName><ManufactureCountry>ישראל</ManufactureCountry><ManufacturerItemDescription>קרקר זהב 150 גרם</ManufacturerItemDescription><SoldByWeight/><Quantity>150.00</Quantity><UnitOfMeasure>גרם     </UnitOfMeasure><QtyInPackage>לא ידוע</QtyInPackage><UnitOfMeasurePrice>0.0487</UnitOfMeasurePrice><AllowDiscount>1</AllowDiscount><ItemStatus>1</ItemStatus><ItemPrice>7.30</ItemPrice></item><item><PriceUpdateDate>2016-02-01 20:43:45</PriceUpdateDate><ItemCode>7290000074382</ItemCode><ItemType>1</ItemType><ItemName>זוג דגני בוקר סיני מ</ItemName><ManufacturerName>נסטלה</ManufacturerName><ManufactureCountry>פולין</ManufactureCountry><ManufacturerItemDescription>הוטפופ מלח      ח100*5ג</ManufacturerItemDescription><SoldByWeight/><Quantity>1000.00</Quantity><UnitOfMeasure>גרם     </UnitOfMeasure><QtyInPackage>לא ידוע</QtyInPackage><UnitOfMeasurePrice>0.0399</UnitOfMeasurePrice><AllowDiscount>1</AllowDiscount><ItemStatus>1</ItemStatus><ItemPrice>39.90</ItemPrice></item><item><PriceUpdateDate>2016-08-10 08:23:01</PriceUpdateDate><ItemCode>7290000074481</ItemCode><ItemType>1</ItemType><ItemName>לחמית אגוזים 160 גרם</ItemName><ManufacturerName>לחמית</ManufacturerName><ManufactureCountry>ישראל</ManufactureCountry><ManufacturerItemDescription>לחמית אגוזים 160 גרם</ManufacturerItemDescription><SoldByWeight/><Quantity>160.00</Quantity><UnitOfMeasure>גרם     </UnitOfMeasure><QtyInPackage>לא ידוע</QtyInPackage><UnitOfMeasurePrice>0.0762</UnitOfMeasurePrice><AllowDiscount>1</AllowDiscount><ItemStatus>1</ItemStatus><ItemPrice>12.20</ItemPrice></item><item><PriceUpdateDate>2015-11-18 13:58:22</PriceUpdateDate><ItemCode>7290000074658</ItemCode><ItemType>1</ItemType><ItemName>פתי בר בינוני 1 קג</ItemName><ManufacturerName>לא ידוע</ManufacturerName><ManufactureCountry>ישראל</ManufactureCountry><ManufacturerItemDescription>פתי בר בינוני 1 קג</ManufacturerItemDescription><SoldByWeight/><Quantity>1000.00</Quantity><UnitOfMeasure>גרם     </UnitOfMeasure><QtyInPackage>לא ידוע</QtyInPackage><UnitOfMeasurePrice>0.0232</UnitOfMeasurePrice><AllowDiscount>1</AllowDiscount><ItemStatus>1</ItemStatus><ItemPrice>23.20</ItemPrice></item><item><PriceUpdateDate>2016-08-10 08:23:01</PriceUpdateDate><ItemCode>7290000074962</ItemCode><ItemType>1</ItemType><ItemName>עוגיות מיני שוקוצ'יפ</ItemName><ManufacturerName>לא ממותג</ManufacturerName><ManufactureCountry>ישראל</ManufactureCountry><ManufacturerItemDescription>עוגיות מיני שוקוצ'יפ</ManufacturerItemDescription><SoldByWeight/><Quantity>225.00</Quantity><UnitOfMeasure>גרם     </UnitOfMeasure><QtyInPackage>לא ידוע</QtyInPackage><UnitOfMeasurePrice>0.0560</UnitOfMeasurePrice><AllowDiscount>1</AllowDiscount><ItemStatus>1</ItemStatus><ItemPrice>12.60</ItemPrice></item><item><PriceUpdateDate>2016-02-08 10:37:30</PriceUpdateDate><ItemCode>7290000075143</ItemCode><ItemType>1</ItemType><ItemName>עוגיות שוקוצ'יפס קלא</ItemName><ManufacturerName>אסם</ManufacturerName><ManufactureCountry>ישראל</ManufactureCountry><ManufacturerItemDescription>עוגיות משהו וניל שוקוציפס</ManufacturerItemDescription><SoldByWeight/><Quantity>200.00</Quantity><UnitOfMeasure>גרם     </UnitOfMeasure><QtyInPackage>לא ידוע</QtyInPackage><UnitOfMeasurePrice>0.0645</UnitOfMeasurePrice><AllowDiscount>1</AllowDiscount><ItemStatus>1</ItemStatus><ItemPrice>12.90</ItemPrice></item><item><PriceUpdateDate>2016-08-02 07:34:46</PriceUpdateDate><ItemCode>7290000075204</ItemCode><ItemType>1</ItemType><ItemName>לחמית חיטה מלאה 250</ItemName><ManufacturerName>לחמית</ManufacturerName><ManufactureCountry>ישראל</ManufactureCountry><ManufacturerItemDescription>לחמית קרקר חיטה מלאה 250</ManufacturerItemDescription><SoldByWeight/><Quantity>250.00</Quantity><UnitOfMeasure>גרם     </UnitOfMeasure><QtyInPackage>לא ידוע</QtyInPackage><UnitOfMeasurePrice>0.0396</UnitOfMeasurePrice><AllowDiscount>1</AllowDiscount><ItemStatus>1</ItemStatus><ItemPrice>9.90</ItemPrice></item><item><PriceUpdateDate>2016-08-02 07:38:47</PriceUpdateDate><ItemCode>7290000076133</ItemCode><ItemType>1</ItemType><ItemName>מב בייגלה שמיניות קט</ItemName><ManufacturerName>בייגלה אסם</ManufacturerName><ManufactureCountry>ישראל</ManufactureCountry><ManufacturerItemDescription>ביגלה שמיניות קטנות 400 ג</ManufacturerItemDescription><SoldByWeight/><Quantity>400.00</Quantity><UnitOfMeasure>גרם     </UnitOfMeasure><QtyInPackage>לא ידוע</QtyInPackage><UnitOfMeasurePrice>0.0223</UnitOfMeasurePrice><AllowDiscount>1</AllowDiscount><ItemStatus>1</ItemStatus><ItemPrice>8.90</ItemPrice></item><item><PriceUpdateDate>2015-11-18 13:58:22</PriceUpdateDate><ItemCode>7290000076157</ItemCode><ItemType>1</ItemType><ItemName>נס קוויק אבקה להכנת</ItemName><ManufacturerName>נסקוויק</ManufacturerName><ManufactureCountry>ישראל</ManufactureCountry><ManufacturerItemDescription>אבקה להכנת משקה שוקולד נס</ManufacturerItemDescription><SoldByWeight/><Quantity>450.00</Quantity><UnitOfMeasure>גרם     </UnitOfMeasure><QtyInPackage>לא ידוע</QtyInPackage><UnitOfMeasurePrice>0.0389</UnitOfMeasurePrice><AllowDiscount>1</AllowDiscount><ItemStatus>1</ItemStatus><ItemPrice>17.50</ItemPrice></item><item><PriceUpdateDate>2016-05-01 08:13:09</PriceUpdateDate><ItemCode>7290000076775</ItemCode><ItemType>1</ItemType><ItemName>מאגדת גלידה לייט יוג</ItemName><ManufacturerName>גלידות נסטלה</ManufacturerName><ManufactureCountry>ישראל</ManufactureCountry><ManufacturerItemDescription>מאגדת לייט יוגורט חמוציות</ManufacturerItemDescription><SoldByWeight/><Quantity>258.00</Quantity><UnitOfMeasure>גרם     </UnitOfMeasure><QtyInPackage>לא ידוע</QtyInPackage><UnitOfMeasurePrice>0.0965</UnitOfMeasurePrice><AllowDiscount>1</AllowDiscount><ItemStatus>1</ItemStatus><ItemPrice>24.90</ItemPrice></item><item><PriceUpdateDate>2016-02-08 10:37:30</PriceUpdateDate><ItemCode>7290000077017</ItemCode><ItemType>1</ItemType><ItemName>עוגיות קרמוגית במילו</ItemName><ManufacturerName>אסם</ManufacturerName><ManufactureCountry>ישראל</ManufactureCountry><ManufacturerItemDescription>עוגיות משהו קרמוגית שוקול</ManufacturerItemDescription><SoldByWeight/><Quantity>200.00</Quantity><UnitOfMeasure>גרם     </UnitOfMeasure><QtyInPackage>לא ידוע</QtyInPackage><UnitOfMeasurePrice>0.0645</UnitOfMeasurePrice><AllowDiscount>1</AllowDiscount><ItemStatus>1</ItemStatus><ItemPrice>12.90</ItemPrice></item><item><PriceUpdateDate>2016-08-02 07:34:46</PriceUpdateDate><ItemCode>7290000079233</ItemCode><ItemType>1</ItemType><ItemName>קרם קרקר דל נתרן 250</ItemName><ManufacturerName>אסם</ManufacturerName><ManufactureCountry>ישראל</ManufactureCountry><ManufacturerItemDescription>קרם קרקר דל נתרן 250</ManufacturerItemDescription><SoldByWeight/><Quantity>250.00</Quantity><UnitOfMeasure>גרם     </UnitOfMeasure><QtyInPackage>לא ידוע</QtyInPackage><UnitOfMeasurePrice>0.0476</UnitOfMeasurePrice><AllowDiscount>1</AllowDiscount><ItemStatus>1</ItemStatus><ItemPrice>11.90</ItemPrice></item><item><PriceUpdateDate>2016-06-28 09:28:40</PriceUpdateDate><ItemCode>7290000079875</ItemCode><ItemType>1</ItemType><ItemName>ג'ויה גלידת מייפל פק</ItemName><ManufacturerName>ג'ויה</ManufacturerName><ManufactureCountry>ישראל</ManufactureCountry><ManufacturerItemDescription>גלידה מייפל פקאן 500 מל</ManufacturerItemDescription><SoldByWeight/><Quantity>500.00</Quantity><UnitOfMeasure>מ"ל</UnitOfMeasure><QtyInPackage>לא ידוע</QtyInPackage><UnitOfMeasurePrice>0.0478</UnitOfMeasurePrice><AllowDiscount>1</AllowDiscount><ItemStatus>1</ItemStatus><ItemPrice>23.90</ItemPrice></item><item><PriceUpdateDate>2016-08-10 08:23:01</PriceUpdateDate><ItemCode>7290000080000</ItemCode><ItemType>1</ItemType><ItemName>חמים וטעים תבשיל אור</ItemName><ManufacturerName>אסם</ManufacturerName><ManufactureCountry>ישראל</ManufactureCountry><ManufacturerItemDescription>תבשיל אורז ספרדי 140 גר</ManufacturerItemDescription><SoldByWeight/><Quantity>140.00</Quantity><UnitOfMeasure>גרם     </UnitOfMeasure><QtyInPackage>לא ידוע</QtyInPackage><UnitOfMeasurePrice>0.0921</UnitOfMeasurePrice><AllowDiscount>1</AllowDiscount><ItemStatus>1</ItemStatus><ItemPrice>12.90</ItemPrice></item><item><PriceUpdateDate>2016-08-02 07:34:46</PriceUpdateDate><ItemCode>7290000080505</ItemCode><ItemType>1</ItemType><ItemName>סלט טורקי רפי כהן 40</ItemName><ManufacturerName>צבר</ManufacturerName><ManufactureCountry>ישראל</ManufactureCountry><ManufacturerItemDescription>סלט טורקי רפי 400 גרם</ManufacturerItemDescription><SoldByWeight/><Quantity>400.00</Quantity><UnitOfMeasure>גרם     </UnitOfMeasure><QtyInPackage>לא ידוע</QtyInPackage><UnitOfMeasurePrice>0.0413</UnitOfMeasurePrice><AllowDiscount>1</AllowDiscount><ItemStatus>1</ItemStatus><ItemPrice>16.50</ItemPrice></item><item><PriceUpdateDate>2016-08-02 07:34:47</PriceUpdateDate><ItemCode>7290000080536</ItemCode><ItemType>1</ItemType><ItemName>סלט חציל בטעם כבד רפ</ItemName><ManufacturerName>צבר</ManufacturerName><ManufactureCountry>ישראל</ManufactureCountry><ManufacturerItemDescription>סלט חציל בטעם כבד רפ</ManufacturerItemDescription><SoldByWeight/><Quantity>400.00</Quantity><UnitOfMeasure>גרם     </UnitOfMeasure><QtyInPackage>לא ידוע</QtyInPackage><UnitOfMeasurePrice>0.0413</UnitOfMeasurePrice><AllowDiscount>1</AllowDiscount><ItemStatus>1</ItemStatus><ItemPrice>16.50</ItemPrice></item><item><PriceUpdateDate>2016-01-18 10:38:57</PriceUpdateDate><ItemCode>7290000080758</ItemCode><ItemType>1</ItemType><ItemName>טוסטעים פת קליה 100</ItemName><ManufacturerName>אסם</ManufacturerName><ManufactureCountry>ישראל</ManufactureCountry><ManufacturerItemDescription>טוסטעים פת קלוי  100 גרם</ManufacturerItemDescription><SoldByWeight/><Quantity>100.00</Quantity><UnitOfMeasure>גרם     </UnitOfMeasure><QtyInPackage>לא ידוע</QtyInPackage><UnitOfMeasurePrice>0.1190</UnitOfMeasurePrice><AllowDiscount>1</AllowDiscount><ItemStatus>1</ItemStatus><ItemPrice>11.90</ItemPrice></item><item><PriceUpdateDate>2016-01-18 10:38:57</PriceUpdateDate><ItemCode>7290000080765</ItemCode><ItemType>1</ItemType><ItemName>טוסטעים פת שומשום 10</ItemName><ManufacturerName>אסם</ManufacturerName><ManufactureCountry>ישראל</ManufactureCountry><ManufacturerItemDescription>טוסטעים +שומשו  שומשו100</ManufacturerItemDescription><SoldByWeight/><Quantity>100.00</Quantity><UnitOfMeasure>גרם     </UnitOfMeasure><QtyInPackage>לא ידוע</QtyInPackage><UnitOfMeasurePrice>0.1190</UnitOfMeasurePrice><AllowDiscount>1</AllowDiscount><ItemStatus>1</ItemStatus><ItemPrice>11.90</ItemPrice></item><item><PriceUpdateDate>2016-06-28 09:28:40</PriceUpdateDate><ItemCode>7290000080932</ItemCode><ItemType>1</ItemType><ItemName>ג'ויה גלידת שוקולד א</ItemName><ManufacturerName>ג'ויה</ManufacturerName><ManufactureCountry>ישראל</ManufactureCountry><ManufacturerItemDescription>גלידה שוקו אגוז 500 מל</ManufacturerItemDescription><SoldByWeight/><Quantity>500.00</Quantity><UnitOfMeasure>מ"ל</UnitOfMeasure><QtyInPackage>לא ידוע</QtyInPackage><UnitOfMeasurePrice>0.0478</UnitOfMeasurePrice><AllowDiscount>1</AllowDiscount><ItemStatus>1</ItemStatus><ItemPrice>23.90</ItemPrice></item><item><PriceUpdateDate>2016-08-10 08:23:01</PriceUpdateDate><ItemCode>7290000081168</ItemCode><ItemType>1</ItemType><ItemName>חטיף צ'יפסי טבעי 50</ItemName><ManufacturerName>ציפסי</ManufacturerName><ManufactureCountry>ישראל</ManufactureCountry><ManufacturerItemDescription>חטיף ציפסי 50 גרם</ManufacturerItemDescription><SoldByWeight/><Quantity>50.00</Quantity><UnitOfMeasure>גרם     </UnitOfMeasure><QtyInPackage>לא ידוע</QtyInPackage><UnitOfMeasurePrice>0.0760</UnitOfMeasurePrice><AllowDiscount>1</AllowDiscount><ItemStatus>1</ItemStatus><ItemPrice>3.80</ItemPrice></item><item><PriceUpdateDate>2016-06-28 09:28:40</PriceUpdateDate><ItemCode>7290000081311</ItemCode><ItemType>1</ItemType><ItemName>ג'ויה גלידת וניל משו</ItemName><ManufacturerName>ג'ויה</ManufacturerName><ManufactureCountry>ישראל</ManufactureCountry><ManufacturerItemDescription>גלידה וניל משובח 500 מל</ManufacturerItemDescription><SoldByWeight/><Quantity>500.00</Quantity><UnitOfMeasure>מ"ל</UnitOfMeasure><QtyInPackage>לא ידוע</QtyInPackage><UnitOfMeasurePrice>0.0478</UnitOfMeasurePrice><AllowDiscount>1</AllowDiscount><ItemStatus>1</ItemStatus><ItemPrice>23.90</ItemPrice></item><item><PriceUpdateDate>2016-08-02 07:38:47</PriceUpdateDate><ItemCode>7290000081663</ItemCode><ItemType>1</ItemType><ItemName>מב בייגלה טבעות שומש</ItemName><ManufacturerName>בייגלה אסם</ManufacturerName><ManufactureCountry>ישראל</ManufactureCountry><ManufacturerItemDescription>ביגלה טבעות שומשום 300 גר</ManufacturerItemDescription><SoldByWeight/><Quantity>300.00</Quantity><UnitOfMeasure>גרם     </UnitOfMeasure><QtyInPackage>לא ידוע</QtyInPackage><UnitOfMeasurePrice>0.0297</UnitOfMeasurePrice><AllowDiscount>1</AllowDiscount><ItemStatus>1</ItemStatus><ItemPrice>8.90</ItemPrice></item><item><PriceUpdateDate>2016-05-01 08:13:10</PriceUpdateDate><ItemCode>7290000103877</ItemCode><ItemType>1</ItemType><ItemName>מרק שעועית סנפרוסט</ItemName><ManufacturerName>סנפרוסט</ManufacturerName><ManufactureCountry>ישראל</ManufactureCountry><ManufacturerItemDescription>מרק שעועית קפוא 644 גר</ManufacturerItemDescription><SoldByWeight/><Quantity>572.00</Quantity><UnitOfMeasure>גרם     </UnitOfMeasure><QtyInPackage>לא ידוע</QtyInPackage><UnitOfMeasurePrice>0.0348</UnitOfMeasurePrice><AllowDiscount>1</AllowDiscount><ItemStatus>1</ItemStatus><ItemPrice>19.90</ItemPrice></item><item><PriceUpdateDate>2016-05-31 07:02:03</PriceUpdateDate><ItemCode>7290000104201</ItemCode><ItemType>1</ItemType><ItemName>אפונה עדינה 600 גרם</ItemName><ManufacturerName>סנפרוסט</ManufacturerName><ManufactureCountry>ישראל</ManufactureCountry><ManufacturerItemDescription>אפונה עדינה 600 גר</ManufacturerItemDescription><SoldByWeight/><Quantity>600.00</Quantity><UnitOfMeasure>גרם     </UnitOfMeasure><QtyInPackage>לא ידוע</QtyInPackage><UnitOfMeasurePrice>0.0298</UnitOfMeasurePrice><AllowDiscount>1</AllowDiscount><ItemStatus>1</ItemStatus><ItemPrice>17.90</ItemPrice></item><item><PriceUpdateDate>2016-08-10 08:23:45</PriceUpdateDate><ItemCode>7290000104218</ItemCode><ItemType>1</ItemType><ItemName>במיה סנפרוסט</ItemName><ManufacturerName>סנפרוסט</ManufacturerName><ManufactureCountry>ישראל</ManufactureCountry><ManufacturerItemDescription>במיה 600 גר</ManufacturerItemDescription><SoldByWeight/><Quantity>600.00</Quantity><UnitOfMeasure>גרם     </UnitOfMeasure><QtyInPackage>לא ידוע</QtyInPackage><UnitOfMeasurePrice>0.0332</UnitOfMeasurePrice><AllowDiscount>1</AllowDiscount><ItemStatus>1</ItemStatus><ItemPrice>19.90</ItemPrice></item><item><PriceUpdateDate>2016-05-31 07:02:03</PriceUpdateDate><ItemCode>7290000104676</ItemCode><ItemType>1</ItemType><ItemName>אפונת גינה סנפרוסט 8</ItemName><ManufacturerName>סנפרוסט</ManufacturerName><ManufactureCountry>ישראל</ManufactureCountry><ManufacturerItemDescription>אפונת גינה 800 גר</ManufacturerItemDescription><SoldByWeight/><Quantity>800.00</Quantity><UnitOfMeasure>גרם     </UnitOfMeasure><QtyInPackage>לא ידוע</QtyInPackage><UnitOfMeasurePrice>0.0199</UnitOfMeasurePrice><AllowDiscount>1</AllowDiscount><ItemStatus>1</ItemStatus><ItemPrice>15.90</ItemPrice></item><item><PriceUpdateDate>2016-08-02 07:38:48</PriceUpdateDate><ItemCode>7290000104683</ItemCode><ItemType>1</ItemType><ItemName>מב שעועית שלמה סנפרו</ItemName><ManufacturerName>סנפרוסט</ManufacturerName><ManufactureCountry>ישראל</ManufactureCountry><ManufacturerItemDescription>שעועית ירוקה שלמה 800 גר</ManufacturerItemDescription><SoldByWeight/><Quantity>800.00</Quantity><UnitOfMeasure>גרם     </UnitOfMeasure><QtyInPackage>לא ידוע</QtyInPackage><UnitOfMeasurePrice>0.0186</UnitOfMeasurePrice><AllowDiscount>1</AllowDiscount><ItemStatus>1</ItemStatus><ItemPrice>14.90</ItemPrice></item><item><PriceUpdateDate>2016-05-31 07:02:04</PriceUpdateDate><ItemCode>7290000104690</ItemCode><ItemType>1</ItemType><ItemName>גרעיני תירס 800 גרם</ItemName><ManufacturerName>סנפרוסט</ManufacturerName><ManufactureCountry>ישראל</ManufactureCountry><ManufacturerItemDescription>תירס גרעינים 800 גר</ManufacturerItemDescription><SoldByWeight/><Quantity>800.00</Quantity><UnitOfMeasure>גרם     </UnitOfMeasure><QtyInPackage>לא ידוע</QtyInPackage><UnitOfMeasurePrice>0.0199</UnitOfMeasurePrice><AllowDiscount>1</AllowDiscount><ItemStatus>1</ItemStatus><ItemPrice>15.90</ItemPrice></item><item><PriceUpdateDate>2016-08-02 07:38:48</PriceUpdateDate><ItemCode>7290000104706</ItemCode><ItemType>1</ItemType><ItemName>מב גזר גמדי סנפרוסט</ItemName><ManufacturerName>סנפרוסט</ManufacturerName><ManufactureCountry>ישראל</ManufactureCountry><ManufacturerItemDescription>גזר גמדי 800 גר</ManufacturerItemDescription><SoldByWeight/><Quantity>800.00</Quantity><UnitOfMeasure>גרם     </UnitOfMeasure><QtyInPackage>לא ידוע</QtyInPackage><UnitOfMeasurePrice>0.0186</UnitOfMeasurePrice><AllowDiscount>1</AllowDiscount><ItemStatus>1</ItemStatus><ItemPrice>14.90</ItemPrice></item><item><PriceUpdateDate>2016-05-01 08:13:10</PriceUpdateDate><ItemCode>7290000104713</ItemCode><ItemType>1</ItemType><ItemName>פול ירוק 800 גרם</ItemName><ManufacturerName>סנפרוסט</ManufacturerName><ManufactureCountry>ישראל</ManufactureCountry><ManufacturerItemDescription>פול ירוק 800 גר</ManufacturerItemDescription><SoldByWeight/><Quantity>800.00</Quantity><UnitOfMeasure>גרם     </UnitOfMeasure><QtyInPackage>לא ידוע</QtyInPackage><UnitOfMeasurePrice>0.0349</UnitOfMeasurePrice><AllowDiscount>1</AllowDiscount><ItemStatus>1</ItemStatus><ItemPrice>27.90</ItemPrice></item><item><PriceUpdateDate>2016-08-10 08:23:45</PriceUpdateDate><ItemCode>7290000104720</ItemCode><ItemType>1</ItemType><ItemName>שעועית ירוקה חתוכה 8</ItemName><ManufacturerName>סנפרוסט</ManufacturerName><ManufactureCountry>ישראל</ManufactureCountry><ManufacturerItemDescription>שעועית ירוקה חתוכה 800 גר</ManufacturerItemDescription><SoldByWeight/><Quantity>800.00</Quantity><UnitOfMeasure>גרם     </UnitOfMeasure><QtyInPackage>לא ידוע</QtyInPackage><UnitOfMeasurePrice>0.0211</UnitOfMeasurePrice><AllowDiscount>1</AllowDiscount><ItemStatus>1</ItemStatus><ItemPrice>16.90</ItemPrice></item><item><PriceUpdateDate>2016-05-01 08:13:10</PriceUpdateDate><ItemCode>7290000104744</ItemCode><ItemType>1</ItemType><ItemName>כרובית 800 גרם</ItemName><ManufacturerName>סנפרוסט</ManufacturerName><ManufactureCountry>ישראל</ManufactureCountry><ManufacturerItemDescription>כרובית 800-גר</ManufacturerItemDescription><SoldByWeight/><Quantity>800.00</Quantity><UnitOfMeasure>גרם     </UnitOfMeasure><QtyInPackage>לא ידוע</QtyInPackage><UnitOfMeasurePrice>0.0311</UnitOfMeasurePrice><AllowDiscount>1</AllowDiscount><ItemStatus>1</ItemStatus><ItemPrice>24.90</ItemPrice></item><item><PriceUpdateDate>2016-08-02 07:38:49</PriceUpdateDate><ItemCode>7290000104805</ItemCode><ItemType>1</ItemType><ItemName>מב גרגרי חומוס מבושל</ItemName><ManufacturerName>סנפרוסט</ManufacturerName><ManufactureCountry>ישראל</ManufactureCountry><ManufacturerItemDescription>גרגרי חומוס מבושלים קפואי</ManufacturerItemDescription><SoldByWeight/><Quantity>800.00</Quantity><UnitOfMeasure>גרם     </UnitOfMeasure><QtyInPackage>לא ידוע</QtyInPackage><UnitOfMeasurePrice>0.0186</UnitOfMeasurePrice><AllowDiscount>0</AllowDiscount><ItemStatus>1</ItemStatus><ItemPrice>14.90</ItemPrice></item><item><PriceUpdateDate>2016-05-31 07:02:04</PriceUpdateDate><ItemCode>7290000104836</ItemCode><ItemType>1</ItemType><ItemName>שעועית עדינה שלמה סנ</ItemName><ManufacturerName>סנפרוסט</ManufacturerName><ManufactureCountry>ישראל</ManufactureCountry><ManufacturerItemDescription>שעועית עדינה שלמה 600 גרם</ManufacturerItemDescription><SoldByWeight/><Quantity>600.00</Quantity><UnitOfMeasure>גרם     </UnitOfMeasure><QtyInPackage>לא ידוע</QtyInPackage><UnitOfMeasurePrice>0.0332</UnitOfMeasurePrice><AllowDiscount>1</AllowDiscount><ItemStatus>1</ItemStatus><ItemPrice>19.90</ItemPrice></item><item><PriceUpdateDate>2016-05-31 06:54:54</PriceUpdateDate><ItemCode>7290000104874</ItemCode><ItemType>1</ItemType><ItemName>לקט לקוסקוס 800 גרם</ItemName><ManufacturerName>סנפרוסט</ManufacturerName><ManufactureCountry>ישראל</ManufactureCountry><ManufacturerItemDescription>לקט לקוסקוס</ManufacturerItemDescription><SoldByWeight/><Quantity>800.00</Quantity><UnitOfMeasure>גרם     </UnitOfMeasure><QtyInPackage>לא ידוע</QtyInPackage><UnitOfMeasurePrice>0.0324</UnitOfMeasurePrice><AllowDiscount>1</AllowDiscount><ItemStatus>1</ItemStatus><ItemPrice>25.90</ItemPrice></item><item><PriceUpdateDate>2016-08-10 08:23:45</PriceUpdateDate><ItemCode>7290000104904</ItemCode><ItemType>1</ItemType><ItemName>לקט ירקות מעורבים 80</ItemName><ManufacturerName>סנפרוסט</ManufacturerName><ManufactureCountry>ישראל</ManufactureCountry><ManufacturerItemDescription>לקט ירקות מעורבים 80</ManufacturerItemDescription><SoldByWeight/><Quantity>800.00</Quantity><UnitOfMeasure>גרם     </UnitOfMeasure><QtyInPackage>לא ידוע</QtyInPackage><UnitOfMeasurePrice>0.0324</UnitOfMeasurePrice><AllowDiscount>1</AllowDiscount><ItemStatus>1</ItemStatus><ItemPrice>25.90</ItemPrice></item><item><PriceUpdateDate>2016-05-31 06:54:55</PriceUpdateDate><ItemCode>7290000104911</ItemCode><ItemType>1</ItemType><ItemName>לקט נורמנדי 800 גרם</ItemName><ManufacturerName>סנפרוסט</ManufacturerName><ManufactureCountry>ישראל</ManufactureCountry><ManufacturerItemDescription>לקט נורמנדי800 גר</ManufacturerItemDescription><SoldByWeight/><Quantity>800.00</Quantity><UnitOfMeasure>גרם     </UnitOfMeasure><QtyInPackage>לא ידוע</QtyInPackage><UnitOfMeasurePrice>0.0324</UnitOfMeasurePrice><AllowDiscount>1</AllowDiscount><ItemStatus>1</ItemStatus><ItemPrice>25.90</ItemPrice></item><item><PriceUpdateDate>2016-08-02 07:38:49</PriceUpdateDate><ItemCode>7290000107165</ItemCode><ItemType>1</ItemType><ItemName>מב חטיף סויה אדממה 4</ItemName><ManufacturerName>סנפרוסט</ManufacturerName><ManufactureCountry>ישראל</ManufactureCountry><ManufacturerItemDescription>חטיף פולי סויה אדממה 400</ManufacturerItemDescription><SoldByWeight/><Quantity>400.00</Quantity><UnitOfMeasure>גרם     </UnitOfMeasure><QtyInPackage>לא ידוע</QtyInPackage><UnitOfMeasurePrice>0.0248</UnitOfMeasurePrice><AllowDiscount>1</AllowDiscount><ItemStatus>1</ItemStatus><ItemPrice>9.90</ItemPrice></item><item><PriceUpdateDate>2016-08-10 08:23:45</PriceUpdateDate><ItemCode>7290000107189</ItemCode><ItemType>1</ItemType><ItemName>תחתיות ארטישוק 400 ג</ItemName><ManufacturerName>סנפרוסט</ManufacturerName><ManufactureCountry>ישראל</ManufactureCountry><ManufacturerItemDescription>תחתיות ארטישוק 400 גר</ManufacturerItemDescription><SoldByWeight/><Quantity>400.00</Quantity><UnitOfMeasure>גרם     </UnitOfMeasure><QtyInPackage>לא ידוע</QtyInPackage><UnitOfMeasurePrice>0.0622</UnitOfMeasurePrice><AllowDiscount>1</AllowDiscount><ItemStatus>1</ItemStatus><ItemPrice>24.90</ItemPrice></item><item><PriceUpdateDate>2016-08-10 08:23:02</PriceUpdateDate><ItemCode>7290000107295</ItemCode><ItemType>1</ItemType><ItemName>תפרחת ברוקולי סנפרוס</ItemName><ManufacturerName>סנפרוסט</ManufacturerName><ManufactureCountry>ישראל</ManufactureCountry><ManufacturerItemDescription>תפרחות ברוקולי 800 גר</ManufacturerItemDescription><SoldByWeight/><Quantity>800.00</Quantity><UnitOfMeasure>גרם     </UnitOfMeasure><QtyInPackage>לא ידוע</QtyInPackage><UnitOfMeasurePrice>0.0355</UnitOfMeasurePrice><AllowDiscount>1</AllowDiscount><ItemStatus>1</ItemStatus><ItemPrice>28.40</ItemPrice></item><item><PriceUpdateDate>2016-05-01 08:13:10</PriceUpdateDate><ItemCode>7290000107691</ItemCode><ItemType>1</ItemType><ItemName>פול ירוק קפוא 500 גר</ItemName><ManufacturerName>סנפרוסט</ManufacturerName><ManufactureCountry>ישראל</ManufactureCountry><ManufacturerItemDescription>פול ירוק קפוא 500 גר</ManufacturerItemDescription><SoldByWeight/><Quantity>500.00</Quantity><UnitOfMeasure>גרם     </UnitOfMeasure><QtyInPackage>לא ידוע</QtyInPackage><UnitOfMeasurePrice>0.0218</UnitOfMeasurePrice><AllowDiscount>1</AllowDiscount><ItemStatus>1</ItemStatus><ItemPrice>10.90</ItemPrice></item><item><PriceUpdateDate>2016-05-31 07:02:04</PriceUpdateDate><ItemCode>7290000110059</ItemCode><ItemType>1</ItemType><ItemName>מרגרינה בלו בנד בלי</ItemName><ManufacturerName>בלובנד</ManufacturerName><ManufactureCountry>ישראל</ManufactureCountry><ManufacturerItemDescription>מרגרינה בלו בנד בלי</ManufacturerItemDescription><SoldByWeight/><Quantity>200.00</Quantity><UnitOfMeasure>מ"ל</UnitOfMeasure><QtyInPackage>לא ידוע</QtyInPackage><UnitOfMeasurePrice>0.0235</UnitOfMeasurePrice><AllowDiscount>1</AllowDiscount><ItemStatus>1</ItemStatus><ItemPrice>4.70</ItemPrice></item><item><PriceUpdateDate>2016-08-10 08:23:02</PriceUpdateDate><ItemCode>7290000110073</ItemCode><ItemType>1</ItemType><ItemName>מרגרינה בטעם חמאה 20</ItemName><ManufacturerName>בלובנד</ManufacturerName><ManufactureCountry>ישראל</ManufactureCountry><ManufacturerItemDescription>מרגרינה בטעם חמאה 20</ManufacturerItemDescription><SoldByWeight/><Quantity>200.00</Quantity><UnitOfMeasure>מ"ל</UnitOfMeasure><QtyInPackage>לא ידוע</QtyInPackage><UnitOfMeasurePrice>0.0270</UnitOfMeasurePrice><AllowDiscount>1</AllowDiscount><ItemStatus>1</ItemStatus><ItemPrice>5.40</ItemPrice></item><item><PriceUpdateDate>2016-08-10 08:23:02</PriceUpdateDate><ItemCode>7290000110844</ItemCode><ItemType>1</ItemType><ItemName>חטיף כיפלי גריל בד"צ</ItemName><ManufacturerName>כיפלי</ManufacturerName><ManufactureCountry>ישראל</ManufactureCountry><ManufacturerItemDescription>חטיף כיפלי גריל בד"צ</ManufacturerItemDescription><SoldByWeight/><Quantity>14.00</Quantity><UnitOfMeasure>גרם     </UnitOfMeasure><QtyInPackage>לא ידוע</QtyInPackage><UnitOfMeasurePrice>0.4857</UnitOfMeasurePrice><AllowDiscount>1</AllowDiscount><ItemStatus>1</ItemStatus><ItemPrice>6.80</ItemPrice></item><item><PriceUpdateDate>2016-08-10 08:23:02</PriceUpdateDate><ItemCode>7290000110851</ItemCode><ItemType>1</ItemType><ItemName>חטיף כיפלי בצל בד"צ</ItemName><ManufacturerName>כיפלי</ManufacturerName><ManufactureCountry>ישראל</ManufactureCountry><ManufacturerItemDescription>חטיף כיפלי בצל בד"צ</ManufacturerItemDescription><SoldByWeight/><Quantity>70.00</Quantity><UnitOfMeasure>גרם     </UnitOfMeasure><QtyInPackage>לא ידוע</QtyInPackage><UnitOfMeasurePrice>0.0971</UnitOfMeasurePrice><AllowDiscount>1</AllowDiscount><ItemStatus>1</ItemStatus><ItemPrice>6.80</ItemPrice></item><item><PriceUpdateDate>2015-11-17 14:06:34</PriceUpdateDate><ItemCode>7290000111063</ItemCode><ItemType>1</ItemType><ItemName>מיונז 250 גרם</ItemName><ManufacturerName>תלמה</ManufacturerName><ManufactureCountry>ישראל</ManufactureCountry><ManufacturerItemDescription>מיונז 250 גרם</ManufacturerItemDescription><SoldByWeight/><Quantity>250.00</Quantity><UnitOfMeasure>גרם     </UnitOfMeasure><QtyInPackage>לא ידוע</QtyInPackage><UnitOfMeasurePrice>0.0308</UnitOfMeasurePrice><AllowDiscount>1</AllowDiscount><ItemStatus>1</ItemStatus><ItemPrice>7.70</ItemPrice></item><item><PriceUpdateDate>2016-05-31 07:02:04</PriceUpdateDate><ItemCode>7290000111186</ItemCode><ItemType>1</ItemType><ItemName>מיונז אמיתי תלמה 500</ItemName><ManufacturerName>תלמה</ManufacturerName><ManufactureCountry>ישראל</ManufactureCountry><ManufacturerItemDescription>מיונז אמיתי תלמה 500</ManufacturerItemDescription><SoldByWeight/><Quantity>500.00</Quantity><UnitOfMeasure>גרם     </UnitOfMeasure><QtyInPackage>לא ידוע</QtyInPackage><UnitOfMeasurePrice>0.0190</UnitOfMeasurePrice><AllowDiscount>1</AllowDiscount><ItemStatus>1</ItemStatus><ItemPrice>9.50</ItemPrice></item><item><PriceUpdateDate>2016-05-31 07:02:04</PriceUpdateDate><ItemCode>7290000111353</ItemCode><ItemType>1</ItemType><ItemName>מיונז 1 ק'ג</ItemName><ManufacturerName>תלמה</ManufacturerName><ManufactureCountry>ישראל</ManufactureCountry><ManufacturerItemDescription>מיונז 1 ק'ג</ManufacturerItemDescription><SoldByWeight/><Quantity>1000.00</Quantity><UnitOfMeasure>גרם     </UnitOfMeasure><QtyInPackage>לא ידוע</QtyInPackage><UnitOfMeasurePrice>0.0166</UnitOfMeasurePrice><AllowDiscount>1</AllowDiscount><ItemStatus>1</ItemStatus><ItemPrice>16.60</ItemPrice></item><item><PriceUpdateDate>2015-11-17 14:06:34</PriceUpdateDate><ItemCode>7290000111384</ItemCode><ItemType>1</ItemType><ItemName>חרדל אמיתי תלמה 550</ItemName><ManufacturerName>תלמה</ManufacturerName><ManufactureCountry>ישראל</ManufactureCountry><ManufacturerItemDescription>חרדל אמיתי תלמה 550</ManufacturerItemDescription><SoldByWeight/><Quantity>550.00</Quantity><UnitOfMeasure>גרם     </UnitOfMeasure><QtyInPackage>לא ידוע</QtyInPackage><UnitOfMeasurePrice>0.0233</UnitOfMeasurePrice><AllowDiscount>1</AllowDiscount><ItemStatus>1</ItemStatus><ItemPrice>12.80</ItemPrice></item><item><PriceUpdateDate>2016-05-31 07:02:04</PriceUpdateDate><ItemCode>7290000112220</ItemCode><ItemType>1</ItemType><ItemName>טחינה בארכה 500 גרם</ItemName><ManufacturerName>בארכה</ManufacturerName><ManufactureCountry>ישראל</ManufactureCountry><ManufacturerItemDescription>טחינה קלאסית 500 גרם</ManufacturerItemDescription><SoldByWeight/><Quantity>500.00</Quantity><UnitOfMeasure>גרם     </UnitOfMeasure><QtyInPackage>לא ידוע</QtyInPackage><UnitOfMeasurePrice>0.0258</UnitOfMeasurePrice><AllowDiscount>1</AllowDiscount><ItemStatus>1</ItemStatus><ItemPrice>12.90</ItemPrice></item><item><PriceUpdateDate>2016-01-05 09:19:25</PriceUpdateDate><ItemCode>7290000112237</ItemCode><ItemType>1</ItemType><ItemName>טחינה גולמית בארכה 1</ItemName><ManufacturerName>בארכה</ManufacturerName><ManufactureCountry>ישראל</ManufactureCountry><ManufacturerItemDescription>טחינה גולמית בארכה 1</ManufacturerItemDescription><SoldByWeight/><Quantity>1000.00</Quantity><UnitOfMeasure>גרם     </UnitOfMeasure><QtyInPackage>לא ידוע</QtyInPackage><UnitOfMeasurePrice>0.0332</UnitOfMeasurePrice><AllowDiscount>1</AllowDiscount><ItemStatus>1</ItemStatus><ItemPrice>33.20</ItemPrice></item><item><PriceUpdateDate>2016-05-31 07:02:04</PriceUpdateDate><ItemCode>7290000112619</ItemCode><ItemType>1</ItemType><ItemName>קנור מרק עוף 400 גרם</ItemName><ManufacturerName>קנור</ManufacturerName><ManufactureCountry>ישראל</ManufactureCountry><ManufacturerItemDescription>מרק עוף אמיתי 400 גרם קופ</ManufacturerItemDescription><SoldByWeight/><Quantity>400.00</Quantity><UnitOfMeasure>גרם     </UnitOfMeasure><QtyInPackage>לא ידוע</QtyInPackage><UnitOfMeasurePrice>0.0472</UnitOfMeasurePrice><AllowDiscount>1</AllowDiscount><ItemStatus>1</ItemStatus><ItemPrice>18.90</ItemPrice></item><item><PriceUpdateDate>2015-10-22 10:37:00</PriceUpdateDate><ItemCode>7290000113180</ItemCode><ItemType>1</ItemType><ItemName>חטיף כיפלי צ'יפס בד"</ItemName><ManufacturerName>כיפלי</ManufacturerName><ManufactureCountry>ישראל</ManufactureCountry><ManufacturerItemDescription>חטיף כיפלי צ'יפס בד"</ManufacturerItemDescription><SoldByWeight/><Quantity>50.00</Quantity><UnitOfMeasure>גרם     </UnitOfMeasure><QtyInPackage>לא ידוע</QtyInPackage><UnitOfMeasurePrice>0.1180</UnitOfMeasurePrice><AllowDiscount>1</AllowDiscount><ItemStatus>1</ItemStatus><ItemPrice>5.90</ItemPrice></item><item><PriceUpdateDate>2015-10-22 10:37:00</PriceUpdateDate><ItemCode>7290000113203</ItemCode><ItemType>1</ItemType><ItemName>חטיף כיפלי צ'יפס קטש</ItemName><ManufacturerName>כיפלי</ManufacturerName><ManufactureCountry>ישראל</ManufactureCountry><ManufacturerItemDescription>חטיף כיפלי צ'יפס קטש</ManufacturerItemDescription><SoldByWeight/><Quantity>14.00</Quantity><UnitOfMeasure>גרם     </UnitOfMeasure><QtyInPackage>לא ידוע</QtyInPackage><UnitOfMeasurePrice>0.4214</UnitOfMeasurePrice><AllowDiscount>1</AllowDiscount><ItemStatus>1</ItemStatus><ItemPrice>5.90</ItemPrice></item><item><PriceUpdateDate>2015-10-11 20:34:04</PriceUpdateDate><ItemCode>7290000113654</ItemCode><ItemType>1</ItemType><ItemName>מרק נמס בכוס לייט זו</ItemName><ManufacturerName>קנור</ManufacturerName><ManufactureCountry>ישראל</ManufactureCountry><ManufacturerItemDescription>מרקלייט נמס ירקות 034  גר</ManufacturerItemDescription><SoldByWeight/><Quantity>14.00</Quantity><UnitOfMeasure>גרם     </UnitOfMeasure><QtyInPackage>לא ידוע</QtyInPackage><UnitOfMeasurePrice>0.5929</UnitOfMeasurePrice><AllowDiscount>1</AllowDiscount><ItemStatus>1</ItemStatus><ItemPrice>8.30</ItemPrice></item><item><PriceUpdateDate>2016-06-28 09:28:41</PriceUpdateDate><ItemCode>7290000116884</ItemCode><ItemType>1</ItemType><ItemName>רוטב קנור ברביקיו 30</ItemName><ManufacturerName>קנור</ManufacturerName><ManufactureCountry>ישראל</ManufactureCountry><ManufacturerItemDescription>רוטב קנור ברביקיו 30</ManufacturerItemDescription><SoldByWeight/><Quantity>300.00</Quantity><UnitOfMeasure>גרם     </UnitOfMeasure><QtyInPackage>לא ידוע</QtyInPackage><UnitOfMeasurePrice>0.0463</UnitOfMeasurePrice><AllowDiscount>1</AllowDiscount><ItemStatus>1</ItemStatus><ItemPrice>13.90</ItemPrice></item><item><PriceUpdateDate>2016-08-10 08:23:02</PriceUpdateDate><ItemCode>7290000117430</ItemCode><ItemType>1</ItemType><ItemName>חטיף דגנים קוקומן 8</ItemName><ManufacturerName>קוקומן</ManufacturerName><ManufactureCountry>ישראל</ManufactureCountry><ManufacturerItemDescription>חטיף דגנים קוקומן 8</ManufacturerItemDescription><SoldByWeight/><Quantity>168.00</Quantity><UnitOfMeasure>גרם     </UnitOfMeasure><QtyInPackage>לא ידוע</QtyInPackage><UnitOfMeasurePrice>0.1363</UnitOfMeasurePrice><AllowDiscount>1</AllowDiscount><ItemStatus>1</ItemStatus><ItemPrice>22.90</ItemPrice></item><item><PriceUpdateDate>2015-10-11 20:34:05</PriceUpdateDate><ItemCode>7290000117720</ItemCode><ItemType>1</ItemType><ItemName>זוג מרק נמס בכוס קנו</ItemName><ManufacturerName>קנור</ManufacturerName><ManufactureCountry>ישראל</ManufactureCountry><ManufacturerItemDescription>מרק נמס בכוס פטריות</ManufacturerItemDescription><SoldByWeight/><Quantity>43.00</Quantity><UnitOfMeasure>גרם     </UnitOfMeasure><QtyInPackage>לא ידוע</QtyInPackage><UnitOfMeasurePrice>0.1930</UnitOfMeasurePrice><AllowDiscount>1</AllowDiscount><ItemStatus>1</ItemStatus><ItemPrice>8.30</ItemPrice></item><item><PriceUpdateDate>2016-08-10 08:23:02</PriceUpdateDate><ItemCode>7290000120577</ItemCode><ItemType>1</ItemType><ItemName>שוקולד קליק לבן עם ש</ItemName><ManufacturerName>קליק ורד הגליל</ManufacturerName><ManufactureCountry>ישראל</ManufactureCountry><ManufacturerItemDescription>שוקולד קליק לבן עם ש</ManufacturerItemDescription><SoldByWeight/><Quantity>100.00</Quantity><UnitOfMeasure>גרם     </UnitOfMeasure><QtyInPackage>לא ידוע</QtyInPackage><UnitOfMeasurePrice>0.0720</UnitOfMeasurePrice><AllowDiscount>1</AllowDiscount><ItemStatus>1</ItemStatus><ItemPrice>7.20</ItemPrice></item><item><PriceUpdateDate>2016-02-08 10:37:30</PriceUpdateDate><ItemCode>7290000120836</ItemCode><ItemType>1</ItemType><ItemName>מיונז הלמנס 394 גרם</ItemName><ManufacturerName>הלמנס</ManufacturerName><ManufactureCountry>ארצות הברית</ManufactureCountry><ManufacturerItemDescription>שוקולד מריר 60% קטה3*100</ManufacturerItemDescription><SoldByWeight/><Quantity>394.00</Quantity><UnitOfMeasure>גרם     </UnitOfMeasure><QtyInPackage>לא ידוע</QtyInPackage><UnitOfMeasurePrice>0.0378</UnitOfMeasurePrice><AllowDiscount>1</AllowDiscount><ItemStatus>1</ItemStatus><ItemPrice>14.90</ItemPrice></item><item><PriceUpdateDate>2016-02-08 10:37:30</PriceUpdateDate><ItemCode>7290000120874</ItemCode><ItemType>1</ItemType><ItemName>מיונז הלמנס 424 גרם</ItemName><ManufacturerName>הלמנס</ManufacturerName><ManufactureCountry>ארצות הברית</ManufactureCountry><ManufacturerItemDescription>מחצלת לגלגול סושי 1 יחיד</ManufacturerItemDescription><SoldByWeight/><Quantity>424.00</Quantity><UnitOfMeasure>גרם     </UnitOfMeasure><QtyInPackage>לא ידוע</QtyInPackage><UnitOfMeasurePrice>0.0351</UnitOfMeasurePrice><AllowDiscount>1</AllowDiscount><ItemStatus>1</ItemStatus><ItemPrice>14.90</ItemPrice></item><item><PriceUpdateDate>2016-06-28 09:28:41</PriceUpdateDate><ItemCode>7290000121031</ItemCode><ItemType>1</ItemType><ItemName>החתול המחייך 120 גרם</ItemName><ManufacturerName>מון בלאן</ManufacturerName><ManufactureCountry>ישראל</ManufactureCountry><ManufacturerItemDescription>החתול המחייך 120 גרם</ManufacturerItemDescription><SoldByWeight/><Quantity>120.00</Quantity><UnitOfMeasure>גרם     </UnitOfMeasure><QtyInPackage>לא ידוע</QtyInPackage><UnitOfMeasurePrice>0.1033</UnitOfMeasurePrice><AllowDiscount>1</AllowDiscount><ItemStatus>1</ItemStatus><ItemPrice>12.40</ItemPrice></item><item><PriceUpdateDate>2016-06-28 09:28:41</PriceUpdateDate><ItemCode>7290000121093</ItemCode><ItemType>1</ItemType><ItemName>מון בלאן טעם שויצרי</ItemName><ManufacturerName>מון בלאן</ManufacturerName><ManufactureCountry>ישראל</ManufactureCountry><ManufacturerItemDescription>גבינה מותכת7%שומן-שוויצרי</ManufacturerItemDescription><SoldByWeight/><Quantity>120.00</Quantity><UnitOfMeasure>גרם     </UnitOfMeasure><QtyInPackage>לא ידוע</QtyInPackage><UnitOfMeasurePrice>0.1033</UnitOfMeasurePrice><AllowDiscount>1</AllowDiscount><ItemStatus>1</ItemStatus><ItemPrice>12.40</ItemPrice></item><item><PriceUpdateDate>2016-06-28 09:28:41</PriceUpdateDate><ItemCode>7290000121109</ItemCode><ItemType>1</ItemType><ItemName>גבינה מון בלאן עם זי</ItemName><ManufacturerName>מון בלאן</ManufacturerName><ManufactureCountry>ישראל</ManufactureCountry><ManufacturerItemDescription>גבינה מותכת7%שומן עם זית</ManufacturerItemDescription><SoldByWeight/><Quantity>120.00</Quantity><UnitOfMeasure>גרם     </UnitOfMeasure><QtyInPackage>לא ידוע</QtyInPackage><UnitOfMeasurePrice>0.1075</UnitOfMeasurePrice><AllowDiscount>1</AllowDiscount><ItemStatus>1</ItemStatus><ItemPrice>12.90</ItemPrice></item><item><PriceUpdateDate>2016-06-28 09:28:41</PriceUpdateDate><ItemCode>7290000121147</ItemCode><ItemType>1</ItemType><ItemName>מון בלאן פיקנטי 120</ItemName><ManufacturerName>מון בלאן</ManufacturerName><ManufactureCountry>ישראל</ManufactureCountry><ManufacturerItemDescription>מון בלאן פיקנטי 120</ManufacturerItemDescription><SoldByWeight/><Quantity>120.00</Quantity><UnitOfMeasure>גרם     </UnitOfMeasure><QtyInPackage>לא ידוע</QtyInPackage><UnitOfMeasurePrice>0.1075</UnitOfMeasurePrice><AllowDiscount>1</AllowDiscount><ItemStatus>1</ItemStatus><ItemPrice>12.90</ItemPrice></item><item><PriceUpdateDate>2016-08-02 07:34:48</PriceUpdateDate><ItemCode>7290000121369</ItemCode><ItemType>1</ItemType><ItemName>קונפיטורה 778 תות שד</ItemName><ManufacturerName>778</ManufacturerName><ManufactureCountry>ישראל</ManufactureCountry><ManufacturerItemDescription>קונפיטורה 778 תות שד</ManufacturerItemDescription><SoldByWeight/><Quantity>285.00</Quantity><UnitOfMeasure>גרם     </UnitOfMeasure><QtyInPackage>לא ידוע</QtyInPackage><UnitOfMeasurePrice>0.0568</UnitOfMeasurePrice><AllowDiscount>1</AllowDiscount><ItemStatus>1</ItemStatus><ItemPrice>16.20</ItemPrice></item><item><PriceUpdateDate>2015-11-17 14:06:34</PriceUpdateDate><ItemCode>7290000122175</ItemCode><ItemType>1</ItemType><ItemName>תמצית וניל אפיכל 50</ItemName><ManufacturerName>אפיכל</ManufacturerName><ManufactureCountry>ישראל</ManufactureCountry><ManufacturerItemDescription>תמצית וניל אפיכל 50</ManufacturerItemDescription><SoldByWeight/><Quantity>14.00</Quantity><UnitOfMeasure>מ"ל</UnitOfMeasure><QtyInPackage>לא ידוע</QtyInPackage><UnitOfMeasurePrice>0.4286</UnitOfMeasurePrice><AllowDiscount>1</AllowDiscount><ItemStatus>1</ItemStatus><ItemPrice>6.00</ItemPrice></item><item><PriceUpdateDate>2015-11-17 14:06:34</PriceUpdateDate><ItemCode>7290000122243</ItemCode><ItemType>1</ItemType><ItemName>תמצית רום אפיכל 50 ג</ItemName><ManufacturerName>אפיכל</ManufacturerName><ManufactureCountry>ישראל</ManufactureCountry><ManufacturerItemDescription>תמצית רום אפיכל 50 ג</ManufacturerItemDescription><SoldByWeight/><Quantity>14.00</Quantity><UnitOfMeasure>מ"ל</UnitOfMeasure><QtyInPackage>לא ידוע</QtyInPackage><UnitOfMeasurePrice>0.4286</UnitOfMeasurePrice><AllowDiscount>1</AllowDiscount><ItemStatus>1</ItemStatus><ItemPrice>6.00</ItemPrice></item><item><PriceUpdateDate>2016-05-31 07:02:06</PriceUpdateDate><ItemCode>7290000122649</ItemCode><ItemType>1</ItemType><ItemName>פתית בצל 250 גרם</ItemName><ManufacturerName>פתית</ManufacturerName><ManufactureCountry>ישראל</ManufactureCountry><ManufacturerItemDescription>פתית בצל 250 גרם</ManufacturerItemDescription><SoldByWeight/><Quantity>250.00</Quantity><UnitOfMeasure>גרם     </UnitOfMeasure><QtyInPackage>לא ידוע</QtyInPackage><UnitOfMeasurePrice>0.0708</UnitOfMeasurePrice><AllowDiscount>1</AllowDiscount><ItemStatus>1</ItemStatus><ItemPrice>17.70</ItemPrice></item><item><PriceUpdateDate>2015-10-22 10:37:00</PriceUpdateDate><ItemCode>7290000122687</ItemCode><ItemType>1</ItemType><ItemName>סירופ אפיכל שוקולד 6</ItemName><ManufacturerName>אפיכל</ManufacturerName><ManufactureCountry>ישראל</ManufactureCountry><ManufacturerItemDescription>סירופ אפיכל שוקולד 6</ManufacturerItemDescription><SoldByWeight/><Quantity>600.00</Quantity><UnitOfMeasure>מ"ל</UnitOfMeasure><QtyInPackage>לא ידוע</QtyInPackage><UnitOfMeasurePrice>0.0320</UnitOfMeasurePrice><AllowDiscount>1</AllowDiscount><ItemStatus>1</ItemStatus><ItemPrice>19.20</ItemPrice></item><item><PriceUpdateDate>2015-10-22 10:37:00</PriceUpdateDate><ItemCode>7290000122700</ItemCode><ItemType>1</ItemType><ItemName>סירופ אפיכל מייפל 60</ItemName><ManufacturerName>אפיכל</ManufacturerName><ManufactureCountry>ישראל</ManufactureCountry><ManufacturerItemDescription>סירופ אפיכל מייפל 60</ManufacturerItemDescription><SoldByWeight/><Quantity>600.00</Quantity><UnitOfMeasure>מ"ל</UnitOfMeasure><QtyInPackage>לא ידוע</QtyInPackage><UnitOfMeasurePrice>0.0320</UnitOfMeasurePrice><AllowDiscount>1</AllowDiscount><ItemStatus>1</ItemStatus><ItemPrice>19.20</ItemPrice></item><item><PriceUpdateDate>2016-06-28 09:28:41</PriceUpdateDate><ItemCode>7290000122830</ItemCode><ItemType>1</ItemType><ItemName>רוטב קנור מקסיקני 30</ItemName><ManufacturerName>קנור</ManufacturerName><ManufactureCountry>ישראל</ManufactureCountry><ManufacturerItemDescription>רוטב קנור מקסיקני 30</ManufacturerItemDescription><SoldByWeight/><Quantity>300.00</Quantity><UnitOfMeasure>גרם     </UnitOfMeasure><QtyInPackage>לא ידוע</QtyInPackage><UnitOfMeasurePrice>0.0463</UnitOfMeasurePrice><AllowDiscount>1</AllowDiscount><ItemStatus>1</ItemStatus><ItemPrice>13.90</ItemPrice></item><item><PriceUpdateDate>2015-10-22 10:37:00</PriceUpdateDate><ItemCode>7290000123158</ItemCode><ItemType>1</ItemType><ItemName>מרגרינה מזולה 250גרם</ItemName><ManufacturerName>מזולה</ManufacturerName><ManufactureCountry>ישראל</ManufactureCountry><ManufacturerItemDescription>מרגרינה מזולה 250גרם</ManufacturerItemDescription><SoldByWeight/><Quantity>250.00</Quantity><UnitOfMeasure>גרם     </UnitOfMeasure><QtyInPackage>לא ידוע</QtyInPackage><UnitOfMeasurePrice>0.0448</UnitOfMeasurePrice><AllowDiscount>1</AllowDiscount><ItemStatus>1</ItemStatus><ItemPrice>11.20</ItemPrice></item><item><PriceUpdateDate>2015-10-22 10:37:00</PriceUpdateDate><ItemCode>7290000123172</ItemCode><ItemType>1</ItemType><ItemName>מרגרינה מזולה 250 גר</ItemName><ManufacturerName>מזולה</ManufacturerName><ManufactureCountry>ישראל</ManufactureCountry><ManufacturerItemDescription>מרגרינה מזולה 250 גר</ManufacturerItemDescription><SoldByWeight/><Quantity>250.00</Quantity><UnitOfMeasure>גרם     </UnitOfMeasure><QtyInPackage>לא ידוע</QtyInPackage><UnitOfMeasurePrice>0.0412</UnitOfMeasurePrice><AllowDiscount>1</AllowDiscount><ItemStatus>1</ItemStatus><ItemPrice>10.30</ItemPrice></item><item><PriceUpdateDate>2015-11-17 14:06:34</PriceUpdateDate><ItemCode>7290000123257</ItemCode><ItemType>1</ItemType><ItemName>מרגרינה מזולה עם שמן</ItemName><ManufacturerName>מזולה</ManufacturerName><ManufactureCountry>ישראל</ManufactureCountry><ManufacturerItemDescription>מרגרינה מזולה עם שמן</ManufacturerItemDescription><SoldByWeight/><Quantity>250.00</Quantity><UnitOfMeasure>מ"ל</UnitOfMeasure><QtyInPackage>לא ידוע</QtyInPackage><UnitOfMeasurePrice>0.0448</UnitOfMeasurePrice><AllowDiscount>1</AllowDiscount><ItemStatus>1</ItemStatus><ItemPrice>11.20</ItemPrice></item><item><PriceUpdateDate>2014-11-10 06:29:39</PriceUpdateDate><ItemCode>7290000123363</ItemCode><ItemType>1</ItemType><ItemName>אפיכל צמקאו 500 גרם</ItemName><ManufacturerName>אפיכל</ManufacturerName><ManufactureCountry>ישראל</ManufactureCountry><ManufacturerItemDescription>אפיכל צמקאו 500 גרם</ManufacturerItemDescription><SoldByWeight/><Quantity>500.00</Quantity><UnitOfMeasure>גרם     </UnitOfMeasure><QtyInPackage>לא ידוע</QtyInPackage><UnitOfMeasurePrice>0.0352</UnitOfMeasurePrice><AllowDiscount>1</AllowDiscount><ItemStatus>1</ItemStatus><ItemPrice>17.60</ItemPrice></item><item><PriceUpdateDate>2016-01-04 21:05:53</PriceUpdateDate><ItemCode>7290000124841</ItemCode><ItemType>1</ItemType><ItemName>מאגדת שלישיה חלב ורד</ItemName><ManufacturerName>ורד הגליל</ManufacturerName><ManufactureCountry>ישראל</ManufactureCountry><ManufacturerItemDescription>מאגדת שלישיה חלב ורד</ManufacturerItemDescription><SoldByWeight/><Quantity>300.00</Quantity><UnitOfMeasure>גרם     </UnitOfMeasure><QtyInPackage>לא ידוע</QtyInPackage><UnitOfMeasurePrice>0.0577</UnitOfMeasurePrice><AllowDiscount>1</AllowDiscount><ItemStatus>1</ItemStatus><ItemPrice>17.30</ItemPrice></item><item><PriceUpdateDate>2016-08-02 07:34:49</PriceUpdateDate><ItemCode>7290000127170</ItemCode><ItemType>1</ItemType><ItemName>קונפיטור 778 דובדבן</ItemName><ManufacturerName>778</ManufacturerName><ManufactureCountry>ישראל</ManufactureCountry><ManufacturerItemDescription>קונפיטור 778 דובדבן</ManufacturerItemDescription><SoldByWeight/><Quantity>330.00</Quantity><UnitOfMeasure>גרם     </UnitOfMeasure><QtyInPackage>לא ידוע</QtyInPackage><UnitOfMeasurePrice>0.0491</UnitOfMeasurePrice><AllowDiscount>1</AllowDiscount><ItemStatus>1</ItemStatus><ItemPrice>16.20</ItemPrice></item><item><PriceUpdateDate>2016-08-02 07:34:49</PriceUpdateDate><ItemCode>7290000127194</ItemCode><ItemType>1</ItemType><ItemName>קונפיטור 778 משמש 33</ItemName><ManufacturerName>778</ManufacturerName><ManufactureCountry>ישראל</ManufactureCountry><ManufacturerItemDescription>קונפיטור 778 משמש 33</ManufacturerItemDescription><SoldByWeight/><Quantity>330.00</Quantity><UnitOfMeasure>גרם     </UnitOfMeasure><QtyInPackage>לא ידוע</QtyInPackage><UnitOfMeasurePrice>0.0491</UnitOfMeasurePrice><AllowDiscount>1</AllowDiscount><ItemStatus>1</ItemStatus><ItemPrice>16.20</ItemPrice></item><item><PriceUpdateDate>2016-08-02 07:34:49</PriceUpdateDate><ItemCode>7290000127224</ItemCode><ItemType>1</ItemType><ItemName>קונפיטור 778 תות שדה</ItemName><ManufacturerName>778</ManufacturerName><ManufactureCountry>ישראל</ManufactureCountry><ManufacturerItemDescription>קונפיטור 778 תות שדה</ManufacturerItemDescription><SoldByWeight/><Quantity>330.00</Quantity><UnitOfMeasure>גרם     </UnitOfMeasure><QtyInPackage>לא ידוע</QtyInPackage><UnitOfMeasurePrice>0.0491</UnitOfMeasurePrice><AllowDiscount>1</AllowDiscount><ItemStatus>1</ItemStatus><ItemPrice>16.20</ItemPrice></item><item><PriceUpdateDate>2016-08-02 07:34:49</PriceUpdateDate><ItemCode>7290000127651</ItemCode><ItemType>1</ItemType><ItemName>קונפיטור 778 פובידל</ItemName><ManufacturerName>778</ManufacturerName><ManufactureCountry>ישראל</ManufactureCountry><ManufacturerItemDescription>קונפיטור 778 פובידל</ManufacturerItemDescription><SoldByWeight/><Quantity>340.00</Quantity><UnitOfMeasure>גרם     </UnitOfMeasure><QtyInPackage>לא ידוע</QtyInPackage><UnitOfMeasurePrice>0.0476</UnitOfMeasurePrice><AllowDiscount>1</AllowDiscount><ItemStatus>1</ItemStatus><ItemPrice>16.20</ItemPrice></item><item><PriceUpdateDate>2016-03-13 09:41:01</PriceUpdateDate><ItemCode>7290000134123</ItemCode><ItemType>1</ItemType><ItemName>פלפל שחור בצנצנות 40</ItemName><ManufacturerName>תבליני טעם וריח</ManufacturerName><ManufactureCountry>ישראל</ManufactureCountry><ManufacturerItemDescription>פלפל שחור טחון 40 גר מיכל</ManufacturerItemDescription><SoldByWeight/><Quantity>14.00</Quantity><UnitOfMeasure>גרם     </UnitOfMeasure><QtyInPackage>לא ידוע</QtyInPackage><UnitOfMeasurePrice>0.9071</UnitOfMeasurePrice><AllowDiscount>1</AllowDiscount><ItemStatus>1</ItemStatus><ItemPrice>12.70</ItemPrice></item><item><PriceUpdateDate>2015-11-18 13:58:23</PriceUpdateDate><ItemCode>7290000134307</ItemCode><ItemType>1</ItemType><ItemName>קינמון 50 גרם</ItemName><ManufacturerName>טעם וריח</ManufacturerName><ManufactureCountry>ישראל</ManufactureCountry><ManufacturerItemDescription>קינמון טחון 50 גר שקית</ManufacturerItemDescription><SoldByWeight/><Quantity>50.00</Quantity><UnitOfMeasure>גרם     </UnitOfMeasure><QtyInPackage>לא ידוע</QtyInPackage><UnitOfMeasurePrice>0.0900</UnitOfMeasurePrice><AllowDiscount>1</AllowDiscount><ItemStatus>1</ItemStatus><ItemPrice>4.50</ItemPrice></item><item><PriceUpdateDate>2015-10-22 10:37:00</PriceUpdateDate><ItemCode>7290000134376</ItemCode><ItemType>1</ItemType><ItemName>פפריקה מתוקה בשמן</ItemName><ManufacturerName>תבליני טעם וריח</ManufacturerName><ManufactureCountry>ישראל</ManufactureCountry><ManufacturerItemDescription>פפריקה מתוקה בשמן</ManufacturerItemDescription><SoldByWeight/><Quantity>100.00</Quantity><UnitOfMeasure>גרם     </UnitOfMeasure><QtyInPackage>לא ידוע</QtyInPackage><UnitOfMeasurePrice>0.1220</UnitOfMeasurePrice><AllowDiscount>1</AllowDiscount><ItemStatus>1</ItemStatus><ItemPrice>12.20</ItemPrice></item><item><PriceUpdateDate>2014-11-10 06:29:59</PriceUpdateDate><ItemCode>7290000134550</ItemCode><ItemType>1</ItemType><ItemName>עלי דפנה 20 גרם</ItemName><ManufacturerName>תבליני טעם וריח</ManufacturerName><ManufactureCountry>ישראל</ManufactureCountry><ManufacturerItemDescription>עלי דפנה 20 גר  בשקית</ManufacturerItemDescription><SoldByWeight/><Quantity>14.00</Quantity><UnitOfMeasure>גרם     </UnitOfMeasure><QtyInPackage>לא ידוע</QtyInPackage><UnitOfMeasurePrice>0.3143</UnitOfMeasurePrice><AllowDiscount>1</AllowDiscount><ItemStatus>1</ItemStatus><ItemPrice>4.40</ItemPrice></item><item><PriceUpdateDate>2015-11-18 13:58:23</PriceUpdateDate><ItemCode>7290000134840</ItemCode><ItemType>1</ItemType><ItemName>כורכום 100 גרם</ItemName><ManufacturerName>תבליני טעם וריח</ManufacturerName><ManufactureCountry>ישראל</ManufactureCountry><ManufacturerItemDescription>כורכום 100 גרם</ManufacturerItemDescription><SoldByWeight/><Quantity>100.00</Quantity><UnitOfMeasure>גרם     </UnitOfMeasure><QtyInPackage>לא ידוע</QtyInPackage><UnitOfMeasurePrice>0.1230</UnitOfMeasurePrice><AllowDiscount>1</AllowDiscount><ItemStatus>1</ItemStatus><ItemPrice>12.30</ItemPrice></item><item><PriceUpdateDate>2015-10-22 10:37:01</PriceUpdateDate><ItemCode>7290000134857</ItemCode><ItemType>1</ItemType><ItemName>פפריקה מתוקה 100 גרם</ItemName><ManufacturerName>תבליני טעם וריח</ManufacturerName><ManufactureCountry>ישראל</ManufactureCountry><ManufacturerItemDescription>תבלין פפריקה מתוקה 100 גר</ManufacturerItemDescription><SoldByWeight/><Quantity>100.00</Quantity><UnitOfMeasure>גרם     </UnitOfMeasure><QtyInPackage>לא ידוע</QtyInPackage><UnitOfMeasurePrice>0.1220</UnitOfMeasurePrice><AllowDiscount>1</AllowDiscount><ItemStatus>1</ItemStatus><ItemPrice>12.20</ItemPrice></item><item><PriceUpdateDate>2015-10-22 10:37:01</PriceUpdateDate><ItemCode>7290000134864</ItemCode><ItemType>1</ItemType><ItemName>פפריקה חריפה 100 גרם</ItemName><ManufacturerName>טעם וריח</ManufacturerName><ManufactureCountry>ישראל</ManufactureCountry><ManufacturerItemDescription>פפריקה חריפה 100 גרם</ManufacturerItemDescription><SoldByWeight/><Quantity>100.00</Quantity><UnitOfMeasure>גרם     </UnitOfMeasure><QtyInPackage>לא ידוע</QtyInPackage><UnitOfMeasurePrice>0.1220</UnitOfMeasurePrice><AllowDiscount>1</AllowDiscount><ItemStatus>1</ItemStatus><ItemPrice>12.20</ItemPrice></item><item><PriceUpdateDate>2015-11-18 13:58:24</PriceUpdateDate><ItemCode>7290000134987</ItemCode><ItemType>1</ItemType><ItemName>פלפל שחור גרוס 90 גר</ItemName><ManufacturerName>טעם וריח</ManufacturerName><ManufactureCountry>ישראל</ManufactureCountry><ManufacturerItemDescription>פלפל שחור גרוס 90 גר</ManufacturerItemDescription><SoldByWeight/><Quantity>14.00</Quantity><UnitOfMeasure>גרם     </UnitOfMeasure><QtyInPackage>לא ידוע</QtyInPackage><UnitOfMeasurePrice>1.2929</UnitOfMeasurePrice><AllowDiscount>1</AllowDiscount><ItemStatus>1</ItemStatus><ItemPrice>18.10</ItemPrice></item><item><PriceUpdateDate>2016-08-10 08:23:02</PriceUpdateDate><ItemCode>7290000134994</ItemCode><ItemType>1</ItemType><ItemName>טימין 20 גרם</ItemName><ManufacturerName>טעם וריח</ManufacturerName><ManufactureCountry>ישראל</ManufactureCountry><ManufacturerItemDescription>טימין 20 גר  מיכל פלסטיק</ManufacturerItemDescription><SoldByWeight/><Quantity>14.00</Quantity><UnitOfMeasure>גרם     </UnitOfMeasure><QtyInPackage>לא ידוע</QtyInPackage><UnitOfMeasurePrice>0.5286</UnitOfMeasurePrice><AllowDiscount>1</AllowDiscount><ItemStatus>1</ItemStatus><ItemPrice>7.40</ItemPrice></item><item><PriceUpdateDate>2016-07-13 10:37:18</PriceUpdateDate><ItemCode>7290000136004</ItemCode><ItemType>1</ItemType><ItemName>משקה ג'אמפ לימונדה 1</ItemName><ManufacturerName>גאמפ</ManufacturerName><ManufactureCountry>ישראל</ManufactureCountry><ManufacturerItemDescription>משקל גאמפ תפוזים 1.5 ל</ManufacturerItemDescription><SoldByWeight/><Quantity>1500.00</Quantity><UnitOfMeasure>מ"ל</UnitOfMeasure><QtyInPackage>לא ידוע</QtyInPackage><UnitOfMeasurePrice>0.0046</UnitOfMeasurePrice><AllowDiscount>1</AllowDiscount><ItemStatus>1</ItemStatus><ItemPrice>6.90</ItemPrice></item><item><PriceUpdateDate>2016-03-01 06:17:02</PriceUpdateDate><ItemCode>7290000136721</ItemCode><ItemType>1</ItemType><ItemName>משקה ג'אמפ תפוזים 1.</ItemName><ManufacturerName>גאמפ</ManufacturerName><ManufactureCountry>ישראל</ManufactureCountry><ManufacturerItemDescription>משקל גאמפ תפוזים 1.5 ל</ManufacturerItemDescription><SoldByWeight/><Quantity>1500.00</Quantity><UnitOfMeasure>מ"ל</UnitOfMeasure><QtyInPackage>לא ידוע</QtyInPackage><UnitOfMeasurePrice>0.0046</UnitOfMeasurePrice><AllowDiscount>1</AllowDiscount><ItemStatus>1</ItemStatus><ItemPrice>6.90</ItemPrice></item><item><PriceUpdateDate>2016-03-01 06:17:02</PriceUpdateDate><ItemCode>7290000136738</ItemCode><ItemType>1</ItemType><ItemName>משקה ג'אמפ אשכוליות</ItemName><ManufacturerName>גאמפ</ManufacturerName><ManufactureCountry>ישראל</ManufactureCountry><ManufacturerItemDescription>משקל גאמפ אשכוליות 1.5 ל</ManufacturerItemDescription><SoldByWeight/><Quantity>1500.00</Quantity><UnitOfMeasure>מ"ל</UnitOfMeasure><QtyInPackage>לא ידוע</QtyInPackage><UnitOfMeasurePrice>0.0046</UnitOfMeasurePrice><AllowDiscount>1</AllowDiscount><ItemStatus>1</ItemStatus><ItemPrice>6.90</ItemPrice></item><item><PriceUpdateDate>2016-03-01 06:17:02</PriceUpdateDate><ItemCode>7290000136745</ItemCode><ItemType>1</ItemType><ItemName>משקה ג'אמפ תות בננה</ItemName><ManufacturerName>גאמפ</ManufacturerName><ManufactureCountry>ישראל</ManufactureCountry><ManufacturerItemDescription>משקה ג'אמפ תות בננה</ManufacturerItemDescription><SoldByWeight/><Quantity>1500.00</Quantity><UnitOfMeasure>מ"ל</UnitOfMeasure><QtyInPackage>לא ידוע</QtyInPackage><UnitOfMeasurePrice>0.0046</UnitOfMeasurePrice><AllowDiscount>1</AllowDiscount><ItemStatus>1</ItemStatus><ItemPrice>6.90</ItemPrice></item><item><PriceUpdateDate>2016-05-31 07:02:07</PriceUpdateDate><ItemCode>7290000137513</ItemCode><ItemType>1</ItemType><ItemName>גלידונית וניל בציפוי</ItemName><ManufacturerName>קרמיסימו</ManufacturerName><ManufactureCountry>ישראל</ManufactureCountry><ManufacturerItemDescription>גלידונית</ManufacturerItemDescription><SoldByWeight/><Quantity>630.00</Quantity><UnitOfMeasure>גרם     </UnitOfMeasure><QtyInPackage>לא ידוע</QtyInPackage><UnitOfMeasurePrice>0.0681</UnitOfMeasurePrice><AllowDiscount>1</AllowDiscount><ItemStatus>1</ItemStatus><ItemPrice>42.90</ItemPrice></item><item><PriceUpdateDate>2014-11-10 06:30:12</PriceUpdateDate><ItemCode>7290000143132</ItemCode><ItemType>1</ItemType><ItemName>שמפו טום וג'רי 700 מ</ItemName><ManufacturerName>טום אנד גרי</ManufacturerName><ManufactureCountry>ישראל</ManufactureCountry><ManufacturerItemDescription>שמפו טום וג'רי 700 מ</ManufacturerItemDescription><SoldByWeight/><Quantity>700.00</Quantity><UnitOfMeasure>מ"ל</UnitOfMeasure><QtyInPackage>לא ידוע</QtyInPackage><UnitOfMeasurePrice>0.0259</UnitOfMeasurePrice><AllowDiscount>1</AllowDiscount><ItemStatus>1</ItemStatus><ItemPrice>18.10</ItemPrice></item><item><PriceUpdateDate>2016-03-16 18:08:44</PriceUpdateDate><ItemCode>7290000143187</ItemCode><ItemType>1</ItemType><ItemName>שמפו הוואי לגבר 700</ItemName><ManufacturerName>הוואי</ManufacturerName><ManufactureCountry>ישראל</ManufactureCountry><ManufacturerItemDescription>הוואי שמפו לגבר 700 מל</ManufacturerItemDescription><SoldByWeight/><Quantity>700.00</Quantity><UnitOfMeasure>מ"ל</UnitOfMeasure><QtyInPackage>לא ידוע</QtyInPackage><UnitOfMeasurePrice>0.0141</UnitOfMeasurePrice><AllowDiscount>0</AllowDiscount><ItemStatus>1</ItemStatus><ItemPrice>9.90</ItemPrice></item><item><PriceUpdateDate>2016-03-16 18:08:44</PriceUpdateDate><ItemCode>7290000143217</ItemCode><ItemType>1</ItemType><ItemName>שמפו הוואי לשיער יבש</ItemName><ManufacturerName>הוואי</ManufacturerName><ManufactureCountry>ישראל</ManufactureCountry><ManufacturerItemDescription>הוואי שמפו לשיער יבש 700</ManufacturerItemDescription><SoldByWeight/><Quantity>700.00</Quantity><UnitOfMeasure>מ"ל</UnitOfMeasure><QtyInPackage>לא ידוע</QtyInPackage><UnitOfMeasurePrice>0.0141</UnitOfMeasurePrice><AllowDiscount>0</AllowDiscount><ItemStatus>1</ItemStatus><ItemPrice>9.90</ItemPrice></item><item><PriceUpdateDate>2016-03-16 18:08:44</PriceUpdateDate><ItemCode>7290000143255</ItemCode><ItemType>1</ItemType><ItemName>שמפו הוואי לשיער רגי</ItemName><ManufacturerName>הוואי</ManufacturerName><ManufactureCountry>ישראל</ManufactureCountry><ManufacturerItemDescription>הוואי שמפו לשיער רגיל 700</ManufacturerItemDescription><SoldByWeight/><Quantity>700.00</Quantity><UnitOfMeasure>מ"ל</UnitOfMeasure><QtyInPackage>לא ידוע</QtyInPackage><UnitOfMeasurePrice>0.0141</UnitOfMeasurePrice><AllowDiscount>0</AllowDiscount><ItemStatus>1</ItemStatus><ItemPrice>9.90</ItemPrice></item><item><PriceUpdateDate>2016-03-16 18:08:44</PriceUpdateDate><ItemCode>7290000143279</ItemCode><ItemType>1</ItemType><ItemName>שמפו הוואי למניעת קש</ItemName><ManufacturerName>הוואי</ManufacturerName><ManufactureCountry>ישראל</ManufactureCountry><ManufacturerItemDescription>הוואי שמפו למניעת קשקשים7</ManufacturerItemDescription><SoldByWeight/><Quantity>700.00</Quantity><UnitOfMeasure>מ"ל</UnitOfMeasure><QtyInPackage>לא ידוע</QtyInPackage><UnitOfMeasurePrice>0.0141</UnitOfMeasurePrice><AllowDiscount>0</AllowDiscount><ItemStatus>1</ItemStatus><ItemPrice>9.90</ItemPrice></item><item><PriceUpdateDate>2016-03-16 18:08:44</PriceUpdateDate><ItemCode>7290000143286</ItemCode><ItemType>1</ItemType><ItemName>מרכך הוואי לשיער רגי</ItemName><ManufacturerName>הוואי</ManufacturerName><ManufactureCountry>ישראל</ManufactureCountry><ManufacturerItemDescription>הוואי מרכך לשיער רגיל 700</ManufacturerItemDescription><SoldByWeight/><Quantity>700.00</Quantity><UnitOfMeasure>מ"ל</UnitOfMeasure><QtyInPackage>לא ידוע</QtyInPackage><UnitOfMeasurePrice>0.0141</UnitOfMeasurePrice><AllowDiscount>0</AllowDiscount><ItemStatus>1</ItemStatus><ItemPrice>9.90</ItemPrice></item><item><PriceUpdateDate>2016-06-07 15:18:19</PriceUpdateDate><ItemCode>7290000144160</ItemCode><ItemType>1</ItemType><ItemName>שמן זית כתית מעולה א</ItemName><ManufacturerName>עץ הזית</ManufacturerName><ManufactureCountry>ישראל</ManufactureCountry><ManufacturerItemDescription>שמן זית כתית מעולה א</ManufacturerItemDescription><SoldByWeight/><Quantity>750.00</Quantity><UnitOfMeasure>מ"ל</UnitOfMeasure><QtyInPackage>לא ידוע</QtyInPackage><UnitOfMeasurePrice>0.0532</UnitOfMeasurePrice><AllowDiscount>1</AllowDiscount><ItemStatus>1</ItemStatus><ItemPrice>39.90</ItemPrice></item><item><PriceUpdateDate>2016-02-01 20:43:50</PriceUpdateDate><ItemCode>7290000144474</ItemCode><ItemType>1</ItemType><ItemName>שמן בריאות קנולה 1 ל</ItemName><ManufacturerName>עץ הזית</ManufacturerName><ManufactureCountry>ישראל</ManufactureCountry><ManufacturerItemDescription>שמן קנולה בריאות 1 ליטר</ManufacturerItemDescription><SoldByWeight/><Quantity>1000.00</Quantity><UnitOfMeasure>מ"ל</UnitOfMeasure><QtyInPackage>לא ידוע</QtyInPackage><UnitOfMeasurePrice>0.0159</UnitOfMeasurePrice><AllowDiscount>1</AllowDiscount><ItemStatus>1</ItemStatus><ItemPrice>15.90</ItemPrice></item><item><PriceUpdateDate>2015-10-22 10:37:01</PriceUpdateDate><ItemCode>7290000146645</ItemCode><ItemType>1</ItemType><ItemName>סבון מוצק הוואי שחור</ItemName><ManufacturerName>הוואי</ManufacturerName><ManufactureCountry>ישראל</ManufactureCountry><ManufacturerItemDescription>סבון הוואי מוצק שחור100</ManufacturerItemDescription><SoldByWeight/><Quantity>400.00</Quantity><UnitOfMeasure>גרם     </UnitOfMeasure><QtyInPackage>לא ידוע</QtyInPackage><UnitOfMeasurePrice>0.0380</UnitOfMeasurePrice><AllowDiscount>1</AllowDiscount><ItemStatus>1</ItemStatus><ItemPrice>15.20</ItemPrice></item><item><PriceUpdateDate>2015-10-22 10:37:01</PriceUpdateDate><ItemCode>7290000146669</ItemCode><ItemType>1</ItemType><ItemName>סבון מוצק הוואי כחול</ItemName><ManufacturerName>הוואי</ManufacturerName><ManufactureCountry>ישראל</ManufactureCountry><ManufacturerItemDescription>סבון הוואי מוצק כחול</ManufacturerItemDescription><SoldByWeight/><Quantity>400.00</Quantity><UnitOfMeasure>גרם     </UnitOfMeasure><QtyInPackage>לא ידוע</QtyInPackage><UnitOfMeasurePrice>0.0380</UnitOfMeasurePrice><AllowDiscount>1</AllowDiscount><ItemStatus>1</ItemStatus><ItemPrice>15.20</ItemPrice></item><item><PriceUpdateDate>2015-10-22 10:37:01</PriceUpdateDate><ItemCode>7290000146683</ItemCode><ItemType>1</ItemType><ItemName>סבון מוצק הוואי דאוד</ItemName><ManufacturerName>הוואי</ManufacturerName><ManufactureCountry>ישראל</ManufactureCountry><ManufacturerItemDescription>סבון הוואי מוצק לבן</ManufacturerItemDescription><SoldByWeight/><Quantity>400.00</Quantity><UnitOfMeasure>גרם     </UnitOfMeasure><QtyInPackage>לא ידוע</QtyInPackage><UnitOfMeasurePrice>0.0380</UnitOfMeasurePrice><AllowDiscount>1</AllowDiscount><ItemStatus>1</ItemStatus><ItemPrice>15.20</ItemPrice></item><item><PriceUpdateDate>2016-06-28 09:28:42</PriceUpdateDate><ItemCode>7290000146928</ItemCode><ItemType>1</ItemType><ItemName>משחת שינים טום וגרי</ItemName><ManufacturerName>טום אנד גרי</ManufacturerName><ManufactureCountry>ישראל</ManufactureCountry><ManufacturerItemDescription>משחת שינים טום וגרי</ManufacturerItemDescription><SoldByWeight/><Quantity>1.00</Quantity><UnitOfMeasure>יח'</UnitOfMeasure><QtyInPackage>לא ידוע</QtyInPackage><UnitOfMeasurePrice>9.9000</UnitOfMeasurePrice><AllowDiscount>1</AllowDiscount><ItemStatus>1</ItemStatus><ItemPrice>9.90</ItemPrice></item><item><PriceUpdateDate>2016-06-28 09:28:42</PriceUpdateDate><ItemCode>7290000146997</ItemCode><ItemType>1</ItemType><ItemName>משחת שיניים טום וג'ר</ItemName><ManufacturerName>טום אנד גרי</ManufacturerName><ManufactureCountry>ישראל</ManufactureCountry><ManufacturerItemDescription>משחת שיניים טום וג'ר</ManufacturerItemDescription><SoldByWeight/><Quantity>1.00</Quantity><UnitOfMeasure>יח'</UnitOfMeasure><QtyInPackage>לא ידוע</QtyInPackage><UnitOfMeasurePrice>9.9000</UnitOfMeasurePrice><AllowDiscount>1</AllowDiscount><ItemStatus>1</ItemStatus><ItemPrice>9.90</ItemPrice></item><item><PriceUpdateDate>2016-08-02 07:38:50</PriceUpdateDate><ItemCode>7290000148298</ItemCode><ItemType>1</ItemType><ItemName>מב מיץ פריגת סחוט תפ</ItemName><ManufacturerName>פריגת</ManufacturerName><ManufactureCountry>ישראל</ManufactureCountry><ManufacturerItemDescription>מיץ סחוט תפוזים2 ל</ManufacturerItemDescription><SoldByWeight/><Quantity>2000.00</Quantity><UnitOfMeasure>מ"ל</UnitOfMeasure><QtyInPackage>לא ידוע</QtyInPackage><UnitOfMeasurePrice>0.0109</UnitOfMeasurePrice><AllowDiscount>1</AllowDiscount><ItemStatus>1</ItemStatus><ItemPrice>21.90</ItemPrice></item><item><PriceUpdateDate>2015-10-22 10:37:01</PriceUpdateDate><ItemCode>7290000148748</ItemCode><ItemType>1</ItemType><ItemName>גת גרעיני חמניה 200</ItemName><ManufacturerName>ליימן חטיבת המותגים</ManufacturerName><ManufactureCountry>ישראל</ManufactureCountry><ManufacturerItemDescription>גרעיני חמניה 200 גרם</ManufacturerItemDescription><SoldByWeight/><Quantity>200.00</Quantity><UnitOfMeasure>גרם     </UnitOfMeasure><QtyInPackage>לא ידוע</QtyInPackage><UnitOfMeasurePrice>0.0405</UnitOfMeasurePrice><AllowDiscount>0</AllowDiscount><ItemStatus>1</ItemStatus><ItemPrice>8.10</ItemPrice></item><item><PriceUpdateDate>2016-06-28 09:28:42</PriceUpdateDate><ItemCode>7290000148939</ItemCode><ItemType>1</ItemType><ItemName>גת שקד קלוי שקית 200</ItemName><ManufacturerName>ליימן חטיבת המותגים</ManufacturerName><ManufactureCountry>ישראל</ManufactureCountry><ManufacturerItemDescription>שקדים קלויים 200 גרם</ManufacturerItemDescription><SoldByWeight/><Quantity>200.00</Quantity><UnitOfMeasure>גרם     </UnitOfMeasure><QtyInPackage>לא ידוע</QtyInPackage><UnitOfMeasurePrice>0.1135</UnitOfMeasurePrice><AllowDiscount>1</AllowDiscount><ItemStatus>1</ItemStatus><ItemPrice>22.70</ItemPrice></item><item><PriceUpdateDate>2016-06-28 09:28:42</PriceUpdateDate><ItemCode>7290000149615</ItemCode><ItemType>1</ItemType><ItemName>סבון מוצק נקה-7 רביע</ItemName><ManufacturerName>נקה 7</ManufacturerName><ManufactureCountry>ישראל</ManufactureCountry><ManufacturerItemDescription>סבון מוצק נקה-7 רביע</ManufacturerItemDescription><SoldByWeight/><Quantity>400.00</Quantity><UnitOfMeasure>גרם     </UnitOfMeasure><QtyInPackage>לא ידוע</QtyInPackage><UnitOfMeasurePrice>0.0323</UnitOfMeasurePrice><AllowDiscount>1</AllowDiscount><ItemStatus>1</ItemStatus><ItemPrice>12.90</ItemPrice></item><item><PriceUpdateDate>2015-11-18 13:58:25</PriceUpdateDate><ItemCode>7290000149837</ItemCode><ItemType>1</ItemType><ItemName>סבון כביסה סינטבון ל</ItemName><ManufacturerName>סינטבון</ManufacturerName><ManufactureCountry>ישראל</ManufactureCountry><ManufacturerItemDescription>סבון כביסה סינטבון ל</ManufacturerItemDescription><SoldByWeight/><Quantity>230.00</Quantity><UnitOfMeasure>גרם     </UnitOfMeasure><QtyInPackage>לא ידוע</QtyInPackage><UnitOfMeasurePrice>0.0448</UnitOfMeasurePrice><AllowDiscount>1</AllowDiscount><ItemStatus>1</ItemStatus><ItemPrice>10.30</ItemPrice></item><item><PriceUpdateDate>2016-05-01 08:13:12</PriceUpdateDate><ItemCode>7290000150352</ItemCode><ItemType>3</ItemType><ItemName>עוף טוב פסטרמה איטלק</ItemName><ManufacturerName>עוף טוב</ManufacturerName><ManufactureCountry>ישראל</ManufactureCountry><ManufacturerItemDescription>עוף טוב פסטרמה איטלק</ManufacturerItemDescription><SoldByWeight/><Quantity>1.00</Quantity><UnitOfMeasure>ק"ג</UnitOfMeasure><QtyInPackage>לא ידוע</QtyInPackage><UnitOfMeasurePrice>74.9000</UnitOfMeasurePrice><AllowDiscount>1</AllowDiscount><ItemStatus>1</ItemStatus><ItemPrice>74.90</ItemPrice></item><item><PriceUpdateDate>2016-06-28 09:28:42</PriceUpdateDate><ItemCode>7290000151472</ItemCode><ItemType>1</ItemType><ItemName>מב נקניק עוף טוב פסט</ItemName><ManufacturerName>עוף טוב</ManufacturerName><ManufactureCountry>ישראל</ManufactureCountry><ManufacturerItemDescription>פסטרמה אמריקאית 300 גר</ManufacturerItemDescription><SoldByWeight/><Quantity>300.00</Quantity><UnitOfMeasure>גרם     </UnitOfMeasure><QtyInPackage>לא ידוע</QtyInPackage><UnitOfMeasurePrice>0.0730</UnitOfMeasurePrice><AllowDiscount>1</AllowDiscount><ItemStatus>1</ItemStatus><ItemPrice>21.90</ItemPrice></item><item><PriceUpdateDate>2016-08-02 07:34:49</PriceUpdateDate><ItemCode>7290000152288</ItemCode><ItemType>1</ItemType><ItemName>נקניקיות עוף 400 גרם</ItemName><ManufacturerName>עוף טוב</ManufacturerName><ManufactureCountry>ישראל</ManufactureCountry><ManufacturerItemDescription>נקניקיות עוף עוף טוב 400</ManufacturerItemDescription><SoldByWeight/><Quantity>400.00</Quantity><UnitOfMeasure>גרם     </UnitOfMeasure><QtyInPackage>לא ידוע</QtyInPackage><UnitOfMeasurePrice>0.0298</UnitOfMeasurePrice><AllowDiscount>1</AllowDiscount><ItemStatus>1</ItemStatus><ItemPrice>11.90</ItemPrice></item><item><PriceUpdateDate>2015-10-22 10:37:02</PriceUpdateDate><ItemCode>7290000152943</ItemCode><ItemType>1</ItemType><ItemName>עוף טוב סלמי+פסטרמה</ItemName><ManufacturerName>עוף טוב</ManufacturerName><ManufactureCountry>ישראל</ManufactureCountry><ManufacturerItemDescription>מארז פסטרמה כפרית+סלמי כפ</ManufacturerItemDescription><SoldByWeight/><Quantity>700.00</Quantity><UnitOfMeasure>גרם     </UnitOfMeasure><QtyInPackage>לא ידוע</QtyInPackage><UnitOfMeasurePrice>0.0451</UnitOfMeasurePrice><AllowDiscount>1</AllowDiscount><ItemStatus>1</ItemStatus><ItemPrice>31.60</ItemPrice></item><item><PriceUpdateDate>2016-05-01 08:13:12</PriceUpdateDate><ItemCode>7290000155524</ItemCode><ItemType>3</ItemType><ItemName>פסטרמה פולנית במשקל</ItemName><ManufacturerName>עוף טוב</ManufacturerName><ManufactureCountry>ישראל</ManufactureCountry><ManufacturerItemDescription>פסטרמה פולנית במשקל</ManufacturerItemDescription><SoldByWeight/><Quantity>1.00</Quantity><UnitOfMeasure>ק"ג</UnitOfMeasure><QtyInPackage>לא ידוע</QtyInPackage><UnitOfMeasurePrice>74.9000</UnitOfMeasurePrice><AllowDiscount>1</AllowDiscount><ItemStatus>1</ItemStatus><ItemPrice>74.90</ItemPrice></item><item><PriceUpdateDate>2016-08-02 07:38:50</PriceUpdateDate><ItemCode>7290000158082</ItemCode><ItemType>1</ItemType><ItemName>מב עוף טוב שניצל בית</ItemName><ManufacturerName>עוף טוב</ManufacturerName><ManufactureCountry>ישראל</ManufactureCountry><ManufacturerItemDescription>שניצל עוף בציפוי שומשום 7</ManufacturerItemDescription><SoldByWeight/><Quantity>700.00</Quantity><UnitOfMeasure>גרם     </UnitOfMeasure><QtyInPackage>לא ידוע</QtyInPackage><UnitOfMeasurePrice>0.0413</UnitOfMeasurePrice><AllowDiscount>1</AllowDiscount><ItemStatus>1</ItemStatus><ItemPrice>28.90</ItemPrice></item><item><PriceUpdateDate>2016-05-02 14:15:24</PriceUpdateDate><ItemCode>7290000158211</ItemCode><ItemType>1</ItemType><ItemName>שניצל עוף טוב דק ענק</ItemName><ManufacturerName>עוף טוב</ManufacturerName><ManufactureCountry>ישראל</ManufactureCountry><ManufacturerItemDescription>שניצל עוף דק ענק 700 100%</ManufacturerItemDescription><SoldByWeight/><Quantity>700.00</Quantity><UnitOfMeasure>גרם     </UnitOfMeasure><QtyInPackage>לא ידוע</QtyInPackage><UnitOfMeasurePrice>0.0570</UnitOfMeasurePrice><AllowDiscount>1</AllowDiscount><ItemStatus>1</ItemStatus><ItemPrice>39.90</ItemPrice></item><item><PriceUpdateDate>2015-11-17 14:06:35</PriceUpdateDate><ItemCode>7290000160467</ItemCode><ItemType>1</ItemType><ItemName>עוף ולתנור גריל בד"ץ</ItemName><ManufacturerName>קנור</ManufacturerName><ManufactureCountry>ישראל</ManufactureCountry><ManufacturerItemDescription>עוף ולתנור גריל בד"ץ</ManufacturerItemDescription><SoldByWeight/><Quantity>49.00</Quantity><UnitOfMeasure>גרם     </UnitOfMeasure><QtyInPackage>לא ידוע</QtyInPackage><UnitOfMeasurePrice>0.1571</UnitOfMeasurePrice><AllowDiscount>1</AllowDiscount><ItemStatus>1</ItemStatus><ItemPrice>7.70</ItemPrice></item><item><PriceUpdateDate>2016-06-28 09:28:42</PriceUpdateDate><ItemCode>7290000160771</ItemCode><ItemType>1</ItemType><ItemName>כריות וניל 750 גרם</ItemName><ManufacturerName>כריות</ManufacturerName><ManufactureCountry>ישראל</ManufactureCountry><ManufacturerItemDescription>כריות וניל בדצ 750 גרם</ManufacturerItemDescription><SoldByWeight/><Quantity>750.00</Quantity><UnitOfMeasure>גרם     </UnitOfMeasure><QtyInPackage>לא ידוע</QtyInPackage><UnitOfMeasurePrice>0.0380</UnitOfMeasurePrice><AllowDiscount>1</AllowDiscount><ItemStatus>1</ItemStatus><ItemPrice>28.50</ItemPrice></item><item><PriceUpdateDate>2015-02-02 08:44:01</PriceUpdateDate><ItemCode>7290000160801</ItemCode><ItemType>1</ItemType><ItemName>שמפו קליר לשיער רך ן</ItemName><ManufacturerName>קליר שמפו</ManufacturerName><ManufactureCountry>ישראל</ManufactureCountry><ManufacturerItemDescription>שמפו קליר לשיער רך ן</ManufacturerItemDescription><SoldByWeight/><Quantity>400.00</Quantity><UnitOfMeasure>מ"ל</UnitOfMeasure><QtyInPackage>לא ידוע</QtyInPackage><UnitOfMeasurePrice>0.0560</UnitOfMeasurePrice><AllowDiscount>1</AllowDiscount><ItemStatus>1</ItemStatus><ItemPrice>22.40</ItemPrice></item><item><PriceUpdateDate>2015-11-17 14:06:35</PriceUpdateDate><ItemCode>7290000161150</ItemCode><ItemType>1</ItemType><ItemName>גולדבנד גביע 250 גרם</ItemName><ManufacturerName>גולדבנד</ManufacturerName><ManufactureCountry>ישראל</ManufactureCountry><ManufacturerItemDescription>גולדבנד גביע 250 גרם</ManufacturerItemDescription><SoldByWeight/><Quantity>250.00</Quantity><UnitOfMeasure>גרם     </UnitOfMeasure><QtyInPackage>לא ידוע</QtyInPackage><UnitOfMeasurePrice>0.0372</UnitOfMeasurePrice><AllowDiscount>1</AllowDiscount><ItemStatus>1</ItemStatus><ItemPrice>9.30</ItemPrice></item><item><PriceUpdateDate>2015-11-17 14:06:35</PriceUpdateDate><ItemCode>7290000161167</ItemCode><ItemType>1</ItemType><ItemName>מחמאה גביע 250 גרם</ItemName><ManufacturerName>מחמאה</ManufacturerName><ManufactureCountry>ישראל</ManufactureCountry><ManufacturerItemDescription>מחמאה גביע 250 גרם</ManufacturerItemDescription><SoldByWeight/><Quantity>250.00</Quantity><UnitOfMeasure>גרם     </UnitOfMeasure><QtyInPackage>לא ידוע</QtyInPackage><UnitOfMeasurePrice>0.0352</UnitOfMeasurePrice><AllowDiscount>1</AllowDiscount><ItemStatus>1</ItemStatus><ItemPrice>8.80</ItemPrice></item><item><PriceUpdateDate>2016-05-01 08:13:12</PriceUpdateDate><ItemCode>7290000161358</ItemCode><ItemType>1</ItemType><ItemName>מיונז אמיתי משמן קנו</ItemName><ManufacturerName>תלמה</ManufacturerName><ManufactureCountry>ישראל</ManufactureCountry><ManufacturerItemDescription>מיונז אמיתי משמן קנו</ManufacturerItemDescription><SoldByWeight/><Quantity>500.00</Quantity><UnitOfMeasure>גרם     </UnitOfMeasure><QtyInPackage>לא ידוע</QtyInPackage><UnitOfMeasurePrice>0.0318</UnitOfMeasurePrice><AllowDiscount>1</AllowDiscount><ItemStatus>1</ItemStatus><ItemPrice>15.90</ItemPrice></item><item><PriceUpdateDate>2014-11-10 06:29:24</PriceUpdateDate><ItemCode>7290000162012</ItemCode><ItemType>1</ItemType><ItemName>דגל לרכב</ItemName><ManufacturerName>לא ממותג</ManufacturerName><ManufactureCountry>ישראל</ManufactureCountry><ManufacturerItemDescription>דגל לרכב</ManufacturerItemDescription><SoldByWeight/><Quantity>0.00</Quantity><UnitOfMeasure>יח'</UnitOfMeasure><QtyInPackage>לא ידוע</QtyInPackage><UnitOfMeasurePrice>0.0000</UnitOfMeasurePrice><AllowDiscount>1</AllowDiscount><ItemStatus>1</ItemStatus><ItemPrice>5.00</ItemPrice></item><item><PriceUpdateDate>2015-03-06 08:15:29</PriceUpdateDate><ItemCode>7290000162029</ItemCode><ItemType>1</ItemType><ItemName>דגל לאום 80/110 ס"מ</ItemName><ManufacturerName>.N.Y.C</ManufacturerName><ManufactureCountry>ישראל</ManufactureCountry><ManufacturerItemDescription>דגל לאום 80/110 ס"מ</ManufacturerItemDescription><SoldByWeight/><Quantity>0.00</Quantity><UnitOfMeasure>יח'</UnitOfMeasure><QtyInPackage>לא ידוע</QtyInPackage><UnitOfMeasurePrice>0.0000</UnitOfMeasurePrice><AllowDiscount>1</AllowDiscount><ItemStatus>1</ItemStatus><ItemPrice>14.90</ItemPrice></item><item><PriceUpdateDate>2016-06-28 09:30:46</PriceUpdateDate><ItemCode>7290000162386</ItemCode><ItemType>1</ItemType><ItemName>מב רוטב הלמנס לסלט ש</ItemName><ManufacturerName>הלמנס</ManufacturerName><ManufactureCountry>ישראל</ManufactureCountry><ManufacturerItemDescription>מב רוטב הלמנס לסלט ש</ManufacturerItemDescription><SoldByWeight/><Quantity>300.00</Quantity><UnitOfMeasure>גרם     </UnitOfMeasure><QtyInPackage>לא ידוע</QtyInPackage><UnitOfMeasurePrice>0.0333</UnitOfMeasurePrice><AllowDiscount>1</AllowDiscount><ItemStatus>1</ItemStatus><ItemPrice>10.00</ItemPrice></item><item><PriceUpdateDate>2016-08-10 08:23:03</PriceUpdateDate><ItemCode>7290000162515</ItemCode><ItemType>1</ItemType><ItemName>קורנפלקס וניל 500 גר</ItemName><ManufacturerName>קורנפלקס תלמה</ManufacturerName><ManufactureCountry>ישראל</ManufactureCountry><ManufacturerItemDescription>קורנפלקס וניל 500 גר</ManufacturerItemDescription><SoldByWeight/><Quantity>500.00</Quantity><UnitOfMeasure>גרם     </UnitOfMeasure><QtyInPackage>לא ידוע</QtyInPackage><UnitOfMeasurePrice>0.0438</UnitOfMeasurePrice><AllowDiscount>1</AllowDiscount><ItemStatus>1</ItemStatus><ItemPrice>21.90</ItemPrice></item><item><PriceUpdateDate>2016-08-10 08:23:03</PriceUpdateDate><ItemCode>7290000162560</ItemCode><ItemType>1</ItemType><ItemName>קורנפלקס דבש 500 גרם</ItemName><ManufacturerName>לא ממותג</ManufacturerName><ManufactureCountry>ישראל</ManufactureCountry><ManufacturerItemDescription>קורנפלקס דבש 500 בדצ</ManufacturerItemDescription><SoldByWeight/><Quantity>500.00</Quantity><UnitOfMeasure>גרם     </UnitOfMeasure><QtyInPackage>לא ידוע</QtyInPackage><UnitOfMeasurePrice>0.0398</UnitOfMeasurePrice><AllowDiscount>1</AllowDiscount><ItemStatus>1</ItemStatus><ItemPrice>19.90</ItemPrice></item><item><PriceUpdateDate>2016-06-28 09:30:46</PriceUpdateDate><ItemCode>7290000163024</ItemCode><ItemType>1</ItemType><ItemName>מב הלמנס רוטב חרדל ל</ItemName><ManufacturerName>הלמנס</ManufacturerName><ManufactureCountry>ישראל</ManufactureCountry><ManufacturerItemDescription>מב הלמנס רוטב חרדל ל</ManufacturerItemDescription><SoldByWeight/><Quantity>300.00</Quantity><UnitOfMeasure>גרם     </UnitOfMeasure><QtyInPackage>לא ידוע</QtyInPackage><UnitOfMeasurePrice>0.0333</UnitOfMeasurePrice><AllowDiscount>1</AllowDiscount><ItemStatus>1</ItemStatus><ItemPrice>10.00</ItemPrice></item><item><PriceUpdateDate>2016-02-08 10:37:31</PriceUpdateDate><ItemCode>7290000165073</ItemCode><ItemType>1</ItemType><ItemName>קרם ניקוי סיף 500 מ'</ItemName><ManufacturerName>סיף-פנטסטיק</ManufacturerName><ManufactureCountry>ישראל</ManufactureCountry><ManufacturerItemDescription>סיף קרם לימון   מון 500מ</ManufacturerItemDescription><SoldByWeight/><Quantity>500.00</Quantity><UnitOfMeasure>מ"ל</UnitOfMeasure><QtyInPackage>לא ידוע</QtyInPackage><UnitOfMeasurePrice>0.0318</UnitOfMeasurePrice><AllowDiscount>1</AllowDiscount><ItemStatus>1</ItemStatus><ItemPrice>15.90</ItemPrice></item><item><PriceUpdateDate>2016-03-29 07:03:52</PriceUpdateDate><ItemCode>7290000165684</ItemCode><ItemType>1</ItemType><ItemName>שמפו פינוק שמן אבוקד</ItemName><ManufacturerName>פינוק</ManufacturerName><ManufactureCountry>ישראל</ManufactureCountry><ManufacturerItemDescription>שמפו פינוק שמן אבוקד</ManufacturerItemDescription><SoldByWeight/><Quantity>700.00</Quantity><UnitOfMeasure>מ"ל</UnitOfMeasure><QtyInPackage>לא ידוע</QtyInPackage><UnitOfMeasurePrice>0.0184</UnitOfMeasurePrice><AllowDiscount>1</AllowDiscount><ItemStatus>1</ItemStatus><ItemPrice>12.90</ItemPrice></item><item><PriceUpdateDate>2016-03-29 07:03:52</PriceUpdateDate><ItemCode>7290000165691</ItemCode><ItemType>1</ItemType><ItemName>מרכך פינוק שמן אבוקד</ItemName><ManufacturerName>פינוק</ManufacturerName><ManufactureCountry>ישראל</ManufactureCountry><ManufacturerItemDescription>מרכך פינוק שמן אבוקד</ManufacturerItemDescription><SoldByWeight/><Quantity>700.00</Quantity><UnitOfMeasure>מ"ל</UnitOfMeasure><QtyInPackage>לא ידוע</QtyInPackage><UnitOfMeasurePrice>0.0184</UnitOfMeasurePrice><AllowDiscount>1</AllowDiscount><ItemStatus>1</ItemStatus><ItemPrice>12.90</ItemPrice></item><item><PriceUpdateDate>2016-05-31 07:02:08</PriceUpdateDate><ItemCode>7290000166605</ItemCode><ItemType>1</ItemType><ItemName>סיף פנטסטיק לניקוי כ</ItemName><ManufacturerName>סיף</ManufacturerName><ManufactureCountry>ישראל</ManufactureCountry><ManufacturerItemDescription>סיף פנטסטיק לניקוי כ</ManufacturerItemDescription><SoldByWeight/><Quantity>4000.00</Quantity><UnitOfMeasure>מ"ל</UnitOfMeasure><QtyInPackage>לא ידוע</QtyInPackage><UnitOfMeasurePrice>0.0055</UnitOfMeasurePrice><AllowDiscount>1</AllowDiscount><ItemStatus>1</ItemStatus><ItemPrice>21.90</ItemPrice></item><item><PriceUpdateDate>2016-05-01 08:13:13</PriceUpdateDate><ItemCode>7290000166711</ItemCode><ItemType>1</ItemType><ItemName>דגני בוקר שוגי 20% מ</ItemName><ManufacturerName>שוגי</ManufacturerName><ManufactureCountry>ישראל</ManufactureCountry><ManufacturerItemDescription>דגני בוקר שוגי 20% מ</ManufacturerItemDescription><SoldByWeight/><Quantity>500.00</Quantity><UnitOfMeasure>גרם     </UnitOfMeasure><QtyInPackage>לא ידוע</QtyInPackage><UnitOfMeasurePrice>0.0458</UnitOfMeasurePrice><AllowDiscount>1</AllowDiscount><ItemStatus>1</ItemStatus><ItemPrice>22.90</ItemPrice></item><item><PriceUpdateDate>2016-05-01 08:13:13</PriceUpdateDate><ItemCode>7290000166728</ItemCode><ItemType>1</ItemType><ItemName>קוקומן כדורים 20% פח</ItemName><ManufacturerName>קוקומן</ManufacturerName><ManufactureCountry>ישראל</ManufactureCountry><ManufacturerItemDescription>קוקומן כדורים 20% פח</ManufacturerItemDescription><SoldByWeight/><Quantity>500.00</Quantity><UnitOfMeasure>גרם     </UnitOfMeasure><QtyInPackage>לא ידוע</QtyInPackage><UnitOfMeasurePrice>0.0464</UnitOfMeasurePrice><AllowDiscount>1</AllowDiscount><ItemStatus>1</ItemStatus><ItemPrice>23.20</ItemPrice></item><item><PriceUpdateDate>2016-08-10 08:23:03</PriceUpdateDate><ItemCode>7290000167039</ItemCode><ItemType>1</ItemType><ItemName>חטיף כיפלי מעושן 70</ItemName><ManufacturerName>כיפלי</ManufacturerName><ManufactureCountry>ישראל</ManufactureCountry><ManufacturerItemDescription>חטיף כיפלי מעושן 70</ManufacturerItemDescription><SoldByWeight/><Quantity>70.00</Quantity><UnitOfMeasure>גרם     </UnitOfMeasure><QtyInPackage>לא ידוע</QtyInPackage><UnitOfMeasurePrice>0.0971</UnitOfMeasurePrice><AllowDiscount>1</AllowDiscount><ItemStatus>1</ItemStatus><ItemPrice>6.80</ItemPrice></item><item><PriceUpdateDate>2016-03-29 07:03:53</PriceUpdateDate><ItemCode>7290000168296</ItemCode><ItemType>1</ItemType><ItemName>מרכך פינוק שמן מרוקא</ItemName><ManufacturerName>פינוק</ManufacturerName><ManufactureCountry>ישראל</ManufactureCountry><ManufacturerItemDescription>מרכך פינוק שמן מרוקא</ManufacturerItemDescription><SoldByWeight/><Quantity>700.00</Quantity><UnitOfMeasure>מ"ל</UnitOfMeasure><QtyInPackage>לא ידוע</QtyInPackage><UnitOfMeasurePrice>0.0184</UnitOfMeasurePrice><AllowDiscount>1</AllowDiscount><ItemStatus>1</ItemStatus><ItemPrice>12.90</ItemPrice></item><item><PriceUpdateDate>2016-06-28 09:28:43</PriceUpdateDate><ItemCode>7290000168425</ItemCode><ItemType>1</ItemType><ItemName>רוטב צ'ילי מתוק מופח</ItemName><ManufacturerName>קנור</ManufacturerName><ManufactureCountry>ישראל</ManufactureCountry><ManufacturerItemDescription>רוטב צ'ילי מתוק מופח</ManufacturerItemDescription><SoldByWeight/><Quantity>300.00</Quantity><UnitOfMeasure>מ"ל</UnitOfMeasure><QtyInPackage>לא ידוע</QtyInPackage><UnitOfMeasurePrice>0.0463</UnitOfMeasurePrice><AllowDiscount>1</AllowDiscount><ItemStatus>1</ItemStatus><ItemPrice>13.90</ItemPrice></item><item><PriceUpdateDate>2016-06-28 09:28:43</PriceUpdateDate><ItemCode>7290000168838</ItemCode><ItemType>1</ItemType><ItemName>כריות וניל ועוגיות</ItemName><ManufacturerName>כריות</ManufacturerName><ManufactureCountry>ישראל</ManufactureCountry><ManufacturerItemDescription>כריות וניל עוגיות 750 גרם</ManufacturerItemDescription><SoldByWeight/><Quantity>750.00</Quantity><UnitOfMeasure>גרם     </UnitOfMeasure><QtyInPackage>לא ידוע</QtyInPackage><UnitOfMeasurePrice>0.0380</UnitOfMeasurePrice><AllowDiscount>1</AllowDiscount><ItemStatus>1</ItemStatus><ItemPrice>28.50</ItemPrice></item><item><PriceUpdateDate>2016-03-01 06:12:57</PriceUpdateDate><ItemCode>7290000169149</ItemCode><ItemType>1</ItemType><ItemName>דאו' רקסונה ספרי אקט</ItemName><ManufacturerName>רקסונה</ManufacturerName><ManufactureCountry>ישראל</ManufactureCountry><ManufacturerItemDescription>דאו.רקסונה      יב150מ</ManufacturerItemDescription><SoldByWeight/><Quantity>150.00</Quantity><UnitOfMeasure>מ"ל</UnitOfMeasure><QtyInPackage>לא ידוע</QtyInPackage><UnitOfMeasurePrice>0.1627</UnitOfMeasurePrice><AllowDiscount>1</AllowDiscount><ItemStatus>1</ItemStatus><ItemPrice>24.40</ItemPrice></item><item><PriceUpdateDate>2015-10-11 20:34:08</PriceUpdateDate><ItemCode>7290000169521</ItemCode><ItemType>1</ItemType><ItemName>מרק נמס בכוס ירקות 5</ItemName><ManufacturerName>קנור</ManufacturerName><ManufactureCountry>ישראל</ManufactureCountry><ManufacturerItemDescription>מרק נמס בכוס ירקות קרוטונ</ManufacturerItemDescription><SoldByWeight/><Quantity>14.00</Quantity><UnitOfMeasure>גרם     </UnitOfMeasure><QtyInPackage>לא ידוע</QtyInPackage><UnitOfMeasurePrice>0.5929</UnitOfMeasurePrice><AllowDiscount>1</AllowDiscount><ItemStatus>1</ItemStatus><ItemPrice>8.30</ItemPrice></item><item><PriceUpdateDate>2016-06-28 09:30:46</PriceUpdateDate><ItemCode>7290000169712</ItemCode><ItemType>1</ItemType><ItemName>מב קורנפלקס מלא 500</ItemName><ManufacturerName>קורנפלקס תלמה</ManufacturerName><ManufactureCountry>ישראל</ManufactureCountry><ManufacturerItemDescription>קורנפלקס דגנים מלאים 500</ManufacturerItemDescription><SoldByWeight/><Quantity>500.00</Quantity><UnitOfMeasure>גרם     </UnitOfMeasure><QtyInPackage>לא ידוע</QtyInPackage><UnitOfMeasurePrice>0.0298</UnitOfMeasurePrice><AllowDiscount>1</AllowDiscount><ItemStatus>1</ItemStatus><ItemPrice>14.90</ItemPrice></item><item><PriceUpdateDate>2016-05-01 08:13:13</PriceUpdateDate><ItemCode>7290000169743</ItemCode><ItemType>1</ItemType><ItemName>קוקומן חום לבן 20% פ</ItemName><ManufacturerName>קוקומן</ManufacturerName><ManufactureCountry>ישראל</ManufactureCountry><ManufacturerItemDescription>קוקומן חום לבן מופחת 20%</ManufacturerItemDescription><SoldByWeight/><Quantity>375.00</Quantity><UnitOfMeasure>גרם     </UnitOfMeasure><QtyInPackage>לא ידוע</QtyInPackage><UnitOfMeasurePrice>0.0659</UnitOfMeasurePrice><AllowDiscount>1</AllowDiscount><ItemStatus>1</ItemStatus><ItemPrice>24.70</ItemPrice></item><item><PriceUpdateDate>2016-05-31 07:02:10</PriceUpdateDate><ItemCode>7290000170053</ItemCode><ItemType>1</ItemType><ItemName>שוקולד פרה חלב 100 ג</ItemName><ManufacturerName>פרה</ManufacturerName><ManufactureCountry>ישראל</ManufactureCountry><ManufacturerItemDescription>שוקולד פרה חלב שטוח 100 ג</ManufacturerItemDescription><SoldByWeight/><Quantity>100.00</Quantity><UnitOfMeasure>גרם     </UnitOfMeasure><QtyInPackage>לא ידוע</QtyInPackage><UnitOfMeasurePrice>0.0540</UnitOfMeasurePrice><AllowDiscount>0</AllowDiscount><ItemStatus>1</ItemStatus><ItemPrice>5.40</ItemPrice></item><item><PriceUpdateDate>2016-05-31 07:02:10</PriceUpdateDate><ItemCode>7290000170077</ItemCode><ItemType>1</ItemType><ItemName>שוקולד פרה מריר 100</ItemName><ManufacturerName>פרה</ManufacturerName><ManufactureCountry>ישראל</ManufactureCountry><ManufacturerItemDescription>שוקולד פרה מריר שטוח 100</ManufacturerItemDescription><SoldByWeight/><Quantity>100.00</Quantity><UnitOfMeasure>גרם     </UnitOfMeasure><QtyInPackage>לא ידוע</QtyInPackage><UnitOfMeasurePrice>0.0540</UnitOfMeasurePrice><AllowDiscount>0</AllowDiscount><ItemStatus>1</ItemStatus><ItemPrice>5.40</ItemPrice></item><item><PriceUpdateDate>2015-10-11 20:34:08</PriceUpdateDate><ItemCode>7290000171470</ItemCode><ItemType>1</ItemType><ItemName>חטיף כיף כף בודד 45</ItemName><ManufacturerName>כיף כף</ManufacturerName><ManufactureCountry>ישראל</ManufactureCountry><ManufacturerItemDescription>חטיף כיף כף45 גר</ManufacturerItemDescription><SoldByWeight/><Quantity>0.00</Quantity><UnitOfMeasure>גרם     </UnitOfMeasure><QtyInPackage>לא ידוע</QtyInPackage><UnitOfMeasurePrice>0.0000</UnitOfMeasurePrice><AllowDiscount>1</AllowDiscount><ItemStatus>1</ItemStatus><ItemPrice>5.00</ItemPrice></item><item><PriceUpdateDate>2016-05-31 07:02:10</PriceUpdateDate><ItemCode>7290000174044</ItemCode><ItemType>1</ItemType><ItemName>בפלות שוקולד 1 ק"ג ע</ItemName><ManufacturerName>עלית</ManufacturerName><ManufactureCountry>ישראל</ManufactureCountry><ManufacturerItemDescription>בפלות שוקולד 1 ק"ג ע</ManufacturerItemDescription><SoldByWeight/><Quantity>1000.00</Quantity><UnitOfMeasure>גרם     </UnitOfMeasure><QtyInPackage>לא ידוע</QtyInPackage><UnitOfMeasurePrice>0.0193</UnitOfMeasurePrice><AllowDiscount>1</AllowDiscount><ItemStatus>1</ItemStatus><ItemPrice>19.30</ItemPrice></item><item><PriceUpdateDate>2016-05-01 08:19:14</PriceUpdateDate><ItemCode>7290000174099</ItemCode><ItemType>1</ItemType><ItemName>בפלות בטעם שוקו 500</ItemName><ManufacturerName>עלית</ManufacturerName><ManufactureCountry>ישראל</ManufactureCountry><ManufacturerItemDescription>וופל שוקולד 500 גר</ManufacturerItemDescription><SoldByWeight/><Quantity>500.00</Quantity><UnitOfMeasure>גרם     </UnitOfMeasure><QtyInPackage>לא ידוע</QtyInPackage><UnitOfMeasurePrice>0.0278</UnitOfMeasurePrice><AllowDiscount>1</AllowDiscount><ItemStatus>1</ItemStatus><ItemPrice>13.90</ItemPrice></item><item><PriceUpdateDate>2016-05-31 07:02:10</PriceUpdateDate><ItemCode>7290000174723</ItemCode><ItemType>1</ItemType><ItemName>אבקת שוקולית 500 גרם</ItemName><ManufacturerName>שוקולית</ManufacturerName><ManufactureCountry>ישראל</ManufactureCountry><ManufacturerItemDescription>שוקולית עלית 500 גרם</ManufacturerItemDescription><SoldByWeight/><Quantity>500.00</Quantity><UnitOfMeasure>גרם     </UnitOfMeasure><QtyInPackage>לא ידוע</QtyInPackage><UnitOfMeasurePrice>0.0270</UnitOfMeasurePrice><AllowDiscount>1</AllowDiscount><ItemStatus>1</ItemStatus><ItemPrice>13.50</ItemPrice></item><item><PriceUpdateDate>2016-08-02 07:38:51</PriceUpdateDate><ItemCode>7290000175027</ItemCode><ItemType>1</ItemType><ItemName>מב ממרחית שוקולד עלי</ItemName><ManufacturerName>פרה</ManufacturerName><ManufactureCountry>ישראל</ManufactureCountry><ManufacturerItemDescription>ממרחית 500 גר</ManufacturerItemDescription><SoldByWeight/><Quantity>500.00</Quantity><UnitOfMeasure>גרם     </UnitOfMeasure><QtyInPackage>לא ידוע</QtyInPackage><UnitOfMeasurePrice>0.0158</UnitOfMeasurePrice><AllowDiscount>1</AllowDiscount><ItemStatus>1</ItemStatus><ItemPrice>7.90</ItemPrice></item><item><PriceUpdateDate>2016-03-16 18:08:45</PriceUpdateDate><ItemCode>7290000176062</ItemCode><ItemType>1</ItemType><ItemName>קפה טורקי עלית בשקית</ItemName><ManufacturerName>עלית</ManufacturerName><ManufactureCountry>ישראל</ManufactureCountry><ManufacturerItemDescription>קפה טורקי בצלופן 100 גרם</ManufacturerItemDescription><SoldByWeight/><Quantity>100.00</Quantity><UnitOfMeasure>גרם     </UnitOfMeasure><QtyInPackage>לא ידוע</QtyInPackage><UnitOfMeasurePrice>0.0880</UnitOfMeasurePrice><AllowDiscount>0</AllowDiscount><ItemStatus>1</ItemStatus><ItemPrice>8.80</ItemPrice></item><item><PriceUpdateDate>2016-02-16 20:38:17</PriceUpdateDate><ItemCode>7290000176079</ItemCode><ItemType>1</ItemType><ItemName>קפה טורקי עלית עם הל</ItemName><ManufacturerName>טורקי עלית</ManufacturerName><ManufactureCountry>ישראל</ManufactureCountry><ManufacturerItemDescription>קפה עם הל 100 גר</ManufacturerItemDescription><SoldByWeight/><Quantity>100.00</Quantity><UnitOfMeasure>גרם     </UnitOfMeasure><QtyInPackage>לא ידוע</QtyInPackage><UnitOfMeasurePrice>0.0990</UnitOfMeasurePrice><AllowDiscount>1</AllowDiscount><ItemStatus>1</ItemStatus><ItemPrice>9.90</ItemPrice></item><item><PriceUpdateDate>2016-08-04 11:36:03</PriceUpdateDate><ItemCode>7290000176192</ItemCode><ItemType>1</ItemType><ItemName>מב קפה האג בואקום 20</ItemName><ManufacturerName>האג</ManufacturerName><ManufactureCountry>ישראל</ManufactureCountry><ManufacturerItemDescription>מב קפה האג בואקום 20</ManufacturerItemDescription><SoldByWeight/><Quantity>200.00</Quantity><UnitOfMeasure>גרם     </UnitOfMeasure><QtyInPackage>לא ידוע</QtyInPackage><UnitOfMeasurePrice>0.1095</UnitOfMeasurePrice><AllowDiscount>1</AllowDiscount><ItemStatus>1</ItemStatus><ItemPrice>21.90</ItemPrice></item><item><PriceUpdateDate>2016-06-02 11:51:19</PriceUpdateDate><ItemCode>7290000176413</ItemCode><ItemType>1</ItemType><ItemName>קפה נמס עלית 50 גרם</ItemName><ManufacturerName>עלית נמס</ManufacturerName><ManufactureCountry>ישראל</ManufactureCountry><ManufacturerItemDescription>קפה נמס עלית 50 גר</ManufacturerItemDescription><SoldByWeight/><Quantity>14.00</Quantity><UnitOfMeasure>גרם     </UnitOfMeasure><QtyInPackage>לא ידוע</QtyInPackage><UnitOfMeasurePrice>0.7071</UnitOfMeasurePrice><AllowDiscount>0</AllowDiscount><ItemStatus>1</ItemStatus><ItemPrice>9.90</ItemPrice></item><item><PriceUpdateDate>2016-03-17 09:36:46</PriceUpdateDate><ItemCode>7290000176420</ItemCode><ItemType>1</ItemType><ItemName>קפה נמס עלית 200 גרם</ItemName><ManufacturerName>עלית נמס</ManufacturerName><ManufactureCountry>ישראל</ManufactureCountry><ManufacturerItemDescription>קפה נמס עלית פחית 200 גר</ManufacturerItemDescription><SoldByWeight/><Quantity>200.00</Quantity><UnitOfMeasure>גרם     </UnitOfMeasure><QtyInPackage>לא ידוע</QtyInPackage><UnitOfMeasurePrice>0.0995</UnitOfMeasurePrice><AllowDiscount>1</AllowDiscount><ItemStatus>1</ItemStatus><ItemPrice>19.90</ItemPrice></item><item><PriceUpdateDate>2016-03-14 09:48:45</PriceUpdateDate><ItemCode>7290000176468</ItemCode><ItemType>1</ItemType><ItemName>קפה נמס האג 50 גרם</ItemName><ManufacturerName>עלית</ManufacturerName><ManufactureCountry>ישראל</ManufactureCountry><ManufacturerItemDescription>קפה נמס האג עלית 50 גר</ManufacturerItemDescription><SoldByWeight/><Quantity>50.00</Quantity><UnitOfMeasure>גרם     </UnitOfMeasure><QtyInPackage>לא ידוע</QtyInPackage><UnitOfMeasurePrice>0.2380</UnitOfMeasurePrice><AllowDiscount>1</AllowDiscount><ItemStatus>1</ItemStatus><ItemPrice>11.90</ItemPrice></item><item><PriceUpdateDate>2016-05-31 07:02:10</PriceUpdateDate><ItemCode>7290000176857</ItemCode><ItemType>1</ItemType><ItemName>שוקולד פרה לבן 100 ג</ItemName><ManufacturerName>פרה</ManufacturerName><ManufactureCountry>ישראל</ManufactureCountry><ManufacturerItemDescription>שוקולד פרה לבן 100 גר</ManufacturerItemDescription><SoldByWeight/><Quantity>100.00</Quantity><UnitOfMeasure>גרם     </UnitOfMeasure><QtyInPackage>לא ידוע</QtyInPackage><UnitOfMeasurePrice>0.0540</UnitOfMeasurePrice><AllowDiscount>0</AllowDiscount><ItemStatus>1</ItemStatus><ItemPrice>5.40</ItemPrice></item><item><PriceUpdateDate>2016-05-31 06:54:57</PriceUpdateDate><ItemCode>7290000177694</ItemCode><ItemType>1</ItemType><ItemName>קפה טורקי עלית בואקו</ItemName><ManufacturerName>עלית</ManufacturerName><ManufactureCountry>ישראל</ManufactureCountry><ManufacturerItemDescription>קפה טורקי קלוי טחוןבואקום</ManufacturerItemDescription><SoldByWeight/><Quantity>200.00</Quantity><UnitOfMeasure>גרם     </UnitOfMeasure><QtyInPackage>לא ידוע</QtyInPackage><UnitOfMeasurePrice>0.0945</UnitOfMeasurePrice><AllowDiscount>1</AllowDiscount><ItemStatus>1</ItemStatus><ItemPrice>18.90</ItemPrice></item><item><PriceUpdateDate>2015-11-18 13:58:26</PriceUpdateDate><ItemCode>7290000178660</ItemCode><ItemType>1</ItemType><ItemName>וופל שוקו מצופה שוקו</ItemName><ManufacturerName>עלית</ManufacturerName><ManufactureCountry>ישראל</ManufactureCountry><ManufacturerItemDescription>וופל שוקו מצופה שוקו</ManufacturerItemDescription><SoldByWeight/><Quantity>500.00</Quantity><UnitOfMeasure>גרם     </UnitOfMeasure><QtyInPackage>לא ידוע</QtyInPackage><UnitOfMeasurePrice>0.0356</UnitOfMeasurePrice><AllowDiscount>1</AllowDiscount><ItemStatus>1</ItemStatus><ItemPrice>17.80</ItemPrice></item><item><PriceUpdateDate>2015-10-01 06:16:50</PriceUpdateDate><ItemCode>7290000178707</ItemCode><ItemType>1</ItemType><ItemName>חטיף תפוציפס טבעי 50</ItemName><ManufacturerName>תפוצ'יפס</ManufacturerName><ManufactureCountry>ישראל</ManufactureCountry><ManufacturerItemDescription>תפוציפס מלוח 50 גר</ManufacturerItemDescription><SoldByWeight/><Quantity>14.00</Quantity><UnitOfMeasure>גרם     </UnitOfMeasure><QtyInPackage>לא ידוע</QtyInPackage><UnitOfMeasurePrice>0.2786</UnitOfMeasurePrice><AllowDiscount>1</AllowDiscount><ItemStatus>1</ItemStatus><ItemPrice>3.90</ItemPrice></item><item><PriceUpdateDate>2016-06-28 09:28:43</PriceUpdateDate><ItemCode>7290000178721</ItemCode><ItemType>1</ItemType><ItemName>תפוצ'יפס טבעי 200 גר</ItemName><ManufacturerName>תפוצ'יפס</ManufacturerName><ManufactureCountry>ישראל</ManufactureCountry><ManufacturerItemDescription>תפוציפס מלוח 200 גר</ManufacturerItemDescription><SoldByWeight/><Quantity>200.00</Quantity><UnitOfMeasure>גרם     </UnitOfMeasure><QtyInPackage>לא ידוע</QtyInPackage><UnitOfMeasurePrice>0.0610</UnitOfMeasurePrice><AllowDiscount>1</AllowDiscount><ItemStatus>1</ItemStatus><ItemPrice>12.20</ItemPrice></item><item><PriceUpdateDate>2015-12-16 09:04:34</PriceUpdateDate><ItemCode>7290000181103</ItemCode><ItemType>1</ItemType><ItemName>ביסקוויט עד חצות חלב</ItemName><ManufacturerName>פרה</ManufacturerName><ManufactureCountry>ישראל</ManufactureCountry><ManufacturerItemDescription>ביסקוויט חלב 200 גר</ManufacturerItemDescription><SoldByWeight/><Quantity>200.00</Quantity><UnitOfMeasure>גרם     </UnitOfMeasure><QtyInPackage>לא ידוע</QtyInPackage><UnitOfMeasurePrice>0.0745</UnitOfMeasurePrice><AllowDiscount>1</AllowDiscount><ItemStatus>1</ItemStatus><ItemPrice>14.90</ItemPrice></item><item><PriceUpdateDate>2016-08-02 07:38:51</PriceUpdateDate><ItemCode>7290000182766</ItemCode><ItemType>1</ItemType><ItemName>מב ממרחית חלב עלית 5</ItemName><ManufacturerName>פרה</ManufacturerName><ManufactureCountry>ישראל</ManufactureCountry><ManufacturerItemDescription>ממרח חלב500 גר</ManufacturerItemDescription><SoldByWeight/><Quantity>500.00</Quantity><UnitOfMeasure>גרם     </UnitOfMeasure><QtyInPackage>לא ידוע</QtyInPackage><UnitOfMeasurePrice>0.0158</UnitOfMeasurePrice><AllowDiscount>1</AllowDiscount><ItemStatus>1</ItemStatus><ItemPrice>7.90</ItemPrice></item><item><PriceUpdateDate>2016-06-30 11:53:00</PriceUpdateDate><ItemCode>7290000184708</ItemCode><ItemType>1</ItemType><ItemName>וופל שוקו ללא סוכר 5</ItemName><ManufacturerName>מנעמים</ManufacturerName><ManufactureCountry>ישראל</ManufactureCountry><ManufacturerItemDescription>וופל שוקולד ללא סוכר 500</ManufacturerItemDescription><SoldByWeight/><Quantity>500.00</Quantity><UnitOfMeasure>גרם     </UnitOfMeasure><QtyInPackage>לא ידוע</QtyInPackage><UnitOfMeasurePrice>0.0418</UnitOfMeasurePrice><AllowDiscount>1</AllowDiscount><ItemStatus>1</ItemStatus><ItemPrice>20.90</ItemPrice></item><item><PriceUpdateDate>2016-03-18 09:09:02</PriceUpdateDate><ItemCode>7290000185460</ItemCode><ItemType>1</ItemType><ItemName>חרוסת 250 גרם</ItemName><ManufacturerName>לא ממותג</ManufacturerName><ManufactureCountry>ישראל</ManufactureCountry><ManufacturerItemDescription>חרוסת 250 גרם</ManufacturerItemDescription><SoldByWeight/><Quantity>250.00</Quantity><UnitOfMeasure>גרם     </UnitOfMeasure><QtyInPackage>לא ידוע</QtyInPackage><UnitOfMeasurePrice>0.0436</UnitOfMeasurePrice><AllowDiscount>1</AllowDiscount><ItemStatus>1</ItemStatus><ItemPrice>10.90</ItemPrice></item><item><PriceUpdateDate>2016-05-31 07:02:10</PriceUpdateDate><ItemCode>7290000187921</ItemCode><ItemType>1</ItemType><ItemName>נ.טואלט לילי קלאסיק</ItemName><ManufacturerName>לילי</ManufacturerName><ManufactureCountry>ישראל</ManufactureCountry><ManufacturerItemDescription>נייר טואלט לילי לבן 32 יח</ManufacturerItemDescription><SoldByWeight/><Quantity>589.00</Quantity><UnitOfMeasure>מטר</UnitOfMeasure><QtyInPackage>לא ידוע</QtyInPackage><UnitOfMeasurePrice>0.0657</UnitOfMeasurePrice><AllowDiscount>1</AllowDiscount><ItemStatus>1</ItemStatus><ItemPrice>38.70</ItemPrice></item><item><PriceUpdateDate>2016-08-02 07:34:49</PriceUpdateDate><ItemCode>7290000187938</ItemCode><ItemType>1</ItemType><ItemName>נייר טואלט לילי פסטל</ItemName><ManufacturerName>לילי</ManufacturerName><ManufactureCountry>ישראל</ManufactureCountry><ManufacturerItemDescription>נייר טואלט לילי פסטל</ManufacturerItemDescription><SoldByWeight/><Quantity>589.00</Quantity><UnitOfMeasure>מטר</UnitOfMeasure><QtyInPackage>לא ידוע</QtyInPackage><UnitOfMeasurePrice>0.0691</UnitOfMeasurePrice><AllowDiscount>1</AllowDiscount><ItemStatus>1</ItemStatus><ItemPrice>40.70</ItemPrice></item><item><PriceUpdateDate>2016-08-10 08:23:03</PriceUpdateDate><ItemCode>7290000187952</ItemCode><ItemType>1</ItemType><ItemName>נייר טואלט לילי טריו</ItemName><ManufacturerName>לילי</ManufacturerName><ManufactureCountry>ישראל</ManufactureCountry><ManufacturerItemDescription>לילי טריו 32 יחידות</ManufacturerItemDescription><SoldByWeight/><Quantity>535.00</Quantity><UnitOfMeasure>מטר</UnitOfMeasure><QtyInPackage>לא ידוע</QtyInPackage><UnitOfMeasurePrice>0.0933</UnitOfMeasurePrice><AllowDiscount>1</AllowDiscount><ItemStatus>1</ItemStatus><ItemPrice>49.90</ItemPrice></item><item><PriceUpdateDate>2016-06-28 09:28:43</PriceUpdateDate><ItemCode>7290000188065</ItemCode><ItemType>1</ItemType><ItemName>מב מגיני תחתון קוטקס</ItemName><ManufacturerName>קוטקס</ManufacturerName><ManufactureCountry>סין</ManufactureCountry><ManufacturerItemDescription>דאודורנט דאב    פפונ169.</ManufacturerItemDescription><SoldByWeight/><Quantity>62.00</Quantity><UnitOfMeasure>חב'</UnitOfMeasure><QtyInPackage>לא ידוע</QtyInPackage><UnitOfMeasurePrice>0.2887</UnitOfMeasurePrice><AllowDiscount>1</AllowDiscount><ItemStatus>1</ItemStatus><ItemPrice>17.90</ItemPrice></item><item><PriceUpdateDate>2016-01-05 09:20:25</PriceUpdateDate><ItemCode>7290000188355</ItemCode><ItemType>1</ItemType><ItemName>מב מגבת נייר ניקול ש</ItemName><ManufacturerName>ניקול</ManufacturerName><ManufactureCountry>ישראל</ManufactureCountry><ManufacturerItemDescription>מגבת נייר ניקול</ManufacturerItemDescription><SoldByWeight/><Quantity>6.00</Quantity><UnitOfMeasure>מטר</UnitOfMeasure><QtyInPackage>לא ידוע</QtyInPackage><UnitOfMeasurePrice>1.6500</UnitOfMeasurePrice><AllowDiscount>1</AllowDiscount><ItemStatus>1</ItemStatus><ItemPrice>9.90</ItemPrice></item><item><PriceUpdateDate>2016-08-02 07:38:52</PriceUpdateDate><ItemCode>7290000189079</ItemCode><ItemType>1</ItemType><ItemName>מב מגשיות אלומיניום</ItemName><ManufacturerName>ניקול</ManufacturerName><ManufactureCountry>ישראל</ManufactureCountry><ManufacturerItemDescription>מב מגשיות אלומיניום</ManufacturerItemDescription><SoldByWeight/><Quantity>6.00</Quantity><UnitOfMeasure>יח'</UnitOfMeasure><QtyInPackage>לא ידוע</QtyInPackage><UnitOfMeasurePrice>1.8167</UnitOfMeasurePrice><AllowDiscount>1</AllowDiscount><ItemStatus>1</ItemStatus><ItemPrice>10.90</ItemPrice></item><item><PriceUpdateDate>2016-05-01 08:13:14</PriceUpdateDate><ItemCode>7290000189192</ItemCode><ItemType>1</ItemType><ItemName>ניקול סופר מטלית</ItemName><ManufacturerName>ניקול</ManufacturerName><ManufactureCountry>ישראל</ManufactureCountry><ManufacturerItemDescription>מגבת ניקול סופר מטלית</ManufacturerItemDescription><SoldByWeight/><Quantity>1.00</Quantity><UnitOfMeasure>יח'</UnitOfMeasure><QtyInPackage>לא ידוע</QtyInPackage><UnitOfMeasurePrice>19.9000</UnitOfMeasurePrice><AllowDiscount>1</AllowDiscount><ItemStatus>1</ItemStatus><ItemPrice>19.90</ItemPrice></item><item><PriceUpdateDate>2014-11-10 06:29:27</PriceUpdateDate><ItemCode>7290000189772</ItemCode><ItemType>1</ItemType><ItemName>מטליות לחות שושן צחו</ItemName><ManufacturerName>ניקול</ManufacturerName><ManufactureCountry>ישראל</ManufactureCountry><ManufacturerItemDescription>מטליות לחות שושן צחו</ManufacturerItemDescription><SoldByWeight/><Quantity>0.00</Quantity><UnitOfMeasure>יח'</UnitOfMeasure><QtyInPackage>לא ידוע</QtyInPackage><UnitOfMeasurePrice>0.0000</UnitOfMeasurePrice><AllowDiscount>1</AllowDiscount><ItemStatus>1</ItemStatus><ItemPrice>6.90</ItemPrice></item><item><PriceUpdateDate>2016-05-31 07:02:10</PriceUpdateDate><ItemCode>7290000189871</ItemCode><ItemType>1</ItemType><ItemName>אשפתון 60 שקיות ניקו</ItemName><ManufacturerName>ניקול</ManufacturerName><ManufactureCountry>ישראל</ManufactureCountry><ManufacturerItemDescription>ש.אשפה מתכלות 60 יח</ManufacturerItemDescription><SoldByWeight/><Quantity>60.00</Quantity><UnitOfMeasure>חב'</UnitOfMeasure><QtyInPackage>לא ידוע</QtyInPackage><UnitOfMeasurePrice>0.3650</UnitOfMeasurePrice><AllowDiscount>1</AllowDiscount><ItemStatus>1</ItemStatus><ItemPrice>21.90</ItemPrice></item><item><PriceUpdateDate>2016-05-01 08:13:14</PriceUpdateDate><ItemCode>7290000190150</ItemCode><ItemType>1</ItemType><ItemName>מפיות ניקול 3  שכבות</ItemName><ManufacturerName>ניקול</ManufacturerName><ManufactureCountry>ישראל</ManufactureCountry><ManufacturerItemDescription>מפיות ניקול 3  שכבות</ManufacturerItemDescription><SoldByWeight/><Quantity>20.00</Quantity><UnitOfMeasure>חב'</UnitOfMeasure><QtyInPackage>לא ידוע</QtyInPackage><UnitOfMeasurePrice>0.5700</UnitOfMeasurePrice><AllowDiscount>1</AllowDiscount><ItemStatus>1</ItemStatus><ItemPrice>11.40</ItemPrice></item><item><PriceUpdateDate>2016-08-02 07:38:53</PriceUpdateDate><ItemCode>7290000190174</ItemCode><ItemType>1</ItemType><ItemName>מב זוג מפיות חלקות ח</ItemName><ManufacturerName>ניקול</ManufacturerName><ManufactureCountry>ישראל</ManufactureCountry><ManufacturerItemDescription>מב זוג מפיות חלקות ח</ManufacturerItemDescription><SoldByWeight/><Quantity>170.00</Quantity><UnitOfMeasure>יח'</UnitOfMeasure><QtyInPackage>לא ידוע</QtyInPackage><UnitOfMeasurePrice>0.0676</UnitOfMeasurePrice><AllowDiscount>1</AllowDiscount><ItemStatus>1</ItemStatus><ItemPrice>11.50</ItemPrice></item><item><PriceUpdateDate>2016-05-01 08:19:15</PriceUpdateDate><ItemCode>7290000191546</ItemCode><ItemType>1</ItemType><ItemName>מב מארז שלישייה מגבו</ItemName><ManufacturerName>לילי</ManufacturerName><ManufactureCountry>ישראל</ManufactureCountry><ManufacturerItemDescription>מגבוני לילי צבעוני בניילו</ManufacturerItemDescription><SoldByWeight/><Quantity>0.00</Quantity><UnitOfMeasure>יח'</UnitOfMeasure><QtyInPackage>לא ידוע</QtyInPackage><UnitOfMeasurePrice>0.0000</UnitOfMeasurePrice><AllowDiscount>1</AllowDiscount><ItemStatus>1</ItemStatus><ItemPrice>8.90</ItemPrice></item><item><PriceUpdateDate>2016-05-31 07:02:10</PriceUpdateDate><ItemCode>7290000191560</ItemCode><ItemType>1</ItemType><ItemName>מב מגבת נייר ניקול ש</ItemName><ManufacturerName>ניקול</ManufacturerName><ManufactureCountry>ישראל</ManufactureCountry><ManufacturerItemDescription>מגבות נייר גליל כפול ניקו</ManufacturerItemDescription><SoldByWeight/><Quantity>0.00</Quantity><UnitOfMeasure>יח'</UnitOfMeasure><QtyInPackage>לא ידוע</QtyInPackage><UnitOfMeasurePrice>0.0000</UnitOfMeasurePrice><AllowDiscount>1</AllowDiscount><ItemStatus>1</ItemStatus><ItemPrice>9.90</ItemPrice></item><item><PriceUpdateDate>2015-11-18 13:58:26</PriceUpdateDate><ItemCode>7290000193014</ItemCode><ItemType>1</ItemType><ItemName>תחבושות לילי אינטרלו</ItemName><ManufacturerName>לילי</ManufacturerName><ManufactureCountry>ישראל</ManufactureCountry><ManufacturerItemDescription>תחבושות לילי אינטרלו</ManufacturerItemDescription><SoldByWeight/><Quantity>50.00</Quantity><UnitOfMeasure>בודד</UnitOfMeasure><QtyInPackage>לא ידוע</QtyInPackage><UnitOfMeasurePrice>0.2480</UnitOfMeasurePrice><AllowDiscount>1</AllowDiscount><ItemStatus>1</ItemStatus><ItemPrice>12.40</ItemPrice></item><item><PriceUpdateDate>2015-10-22 10:37:06</PriceUpdateDate><ItemCode>7290000193083</ItemCode><ItemType>1</ItemType><ItemName>תחבושות נובה לי 28 י</ItemName><ManufacturerName>לא ידוע</ManufacturerName><ManufactureCountry>ישראל</ManufactureCountry><ManufacturerItemDescription>תחבושות נובה לי בודד 28 י</ManufacturerItemDescription><SoldByWeight/><Quantity>28.00</Quantity><UnitOfMeasure>בודד</UnitOfMeasure><QtyInPackage>לא ידוע</QtyInPackage><UnitOfMeasurePrice>0.4714</UnitOfMeasurePrice><AllowDiscount>1</AllowDiscount><ItemStatus>1</ItemStatus><ItemPrice>13.20</ItemPrice></item><item><PriceUpdateDate>2014-11-10 06:29:27</PriceUpdateDate><ItemCode>7290000193182</ItemCode><ItemType>1</ItemType><ItemName>תחבושת ליליסופר פלוס</ItemName><ManufacturerName>לילי</ManufacturerName><ManufactureCountry>ישראל</ManufactureCountry><ManufacturerItemDescription>תחבושת ליליסופר פלוס</ManufacturerItemDescription><SoldByWeight/><Quantity>16.00</Quantity><UnitOfMeasure>בודד</UnitOfMeasure><QtyInPackage>לא ידוע</QtyInPackage><UnitOfMeasurePrice>0.6312</UnitOfMeasurePrice><AllowDiscount>1</AllowDiscount><ItemStatus>1</ItemStatus><ItemPrice>10.10</ItemPrice></item><item><PriceUpdateDate>2016-01-10 12:59:57</PriceUpdateDate><ItemCode>7290000193205</ItemCode><ItemType>1</ItemType><ItemName>תחבושות לילי 20 יחי</ItemName><ManufacturerName>לילי</ManufacturerName><ManufactureCountry>ישראל</ManufactureCountry><ManufacturerItemDescription>תחבושות לילי 20 יחי</ManufacturerItemDescription><SoldByWeight/><Quantity>20.00</Quantity><UnitOfMeasure>בודד</UnitOfMeasure><QtyInPackage>לא ידוע</QtyInPackage><UnitOfMeasurePrice>0.9800</UnitOfMeasurePrice><AllowDiscount>1</AllowDiscount><ItemStatus>1</ItemStatus><ItemPrice>19.60</ItemPrice></item><item><PriceUpdateDate>2016-01-10 12:59:57</PriceUpdateDate><ItemCode>7290000193540</ItemCode><ItemType>1</ItemType><ItemName>מגן תחתון  לילי לונג</ItemName><ManufacturerName>לילי</ManufacturerName><ManufactureCountry>ישראל</ManufactureCountry><ManufacturerItemDescription>מגן תחתון  לילי לונג</ManufacturerItemDescription><SoldByWeight/><Quantity>52.00</Quantity><UnitOfMeasure>בודד</UnitOfMeasure><QtyInPackage>לא ידוע</QtyInPackage><UnitOfMeasurePrice>0.3769</UnitOfMeasurePrice><AllowDiscount>1</AllowDiscount><ItemStatus>1</ItemStatus><ItemPrice>19.60</ItemPrice></item><item><PriceUpdateDate>2016-01-04 21:05:57</PriceUpdateDate><ItemCode>7290000193649</ItemCode><ItemType>1</ItemType><ItemName>תחבושות לילי נורמל +</ItemName><ManufacturerName>לילי</ManufacturerName><ManufactureCountry>ישראל</ManufactureCountry><ManufacturerItemDescription>תחבושות לילי נורמל +</ManufacturerItemDescription><SoldByWeight/><Quantity>24.00</Quantity><UnitOfMeasure>בודד</UnitOfMeasure><QtyInPackage>לא ידוע</QtyInPackage><UnitOfMeasurePrice>0.8167</UnitOfMeasurePrice><AllowDiscount>1</AllowDiscount><ItemStatus>1</ItemStatus><ItemPrice>19.60</ItemPrice></item><item><PriceUpdateDate>2016-01-04 21:05:57</PriceUpdateDate><ItemCode>7290000193656</ItemCode><ItemType>1</ItemType><ItemName>תחבושות לילי סופר +</ItemName><ManufacturerName>לילי</ManufacturerName><ManufactureCountry>ישראל</ManufactureCountry><ManufacturerItemDescription>תחבושות לילי סופר +</ManufacturerItemDescription><SoldByWeight/><Quantity>24.00</Quantity><UnitOfMeasure>בודד</UnitOfMeasure><QtyInPackage>לא ידוע</QtyInPackage><UnitOfMeasurePrice>0.8167</UnitOfMeasurePrice><AllowDiscount>1</AllowDiscount><ItemStatus>1</ItemStatus><ItemPrice>19.60</ItemPrice></item><item><PriceUpdateDate>2016-01-10 12:59:57</PriceUpdateDate><ItemCode>7290000193793</ItemCode><ItemType>1</ItemType><ItemName>תחבושות לילי נורמל 2</ItemName><ManufacturerName>לא ידוע</ManufacturerName><ManufactureCountry>ישראל</ManufactureCountry><ManufacturerItemDescription>תחבושות לילי נורמל 2</ManufacturerItemDescription><SoldByWeight/><Quantity>24.00</Quantity><UnitOfMeasure>בודד</UnitOfMeasure><QtyInPackage>לא ידוע</QtyInPackage><UnitOfMeasurePrice>0.8167</UnitOfMeasurePrice><AllowDiscount>1</AllowDiscount><ItemStatus>1</ItemStatus><ItemPrice>19.60</ItemPrice></item><item><PriceUpdateDate>2015-10-22 10:37:08</PriceUpdateDate><ItemCode>7290000196763</ItemCode><ItemType>1</ItemType><ItemName>שקית חזקה ניקול עם ר</ItemName><ManufacturerName>ניקול</ManufacturerName><ManufactureCountry>ישראל</ManufactureCountry><ManufacturerItemDescription>השקית החזקה ניקול 40 יח</ManufacturerItemDescription><SoldByWeight/><Quantity>40.00</Quantity><UnitOfMeasure>חב'</UnitOfMeasure><QtyInPackage>לא ידוע</QtyInPackage><UnitOfMeasurePrice>0.7700</UnitOfMeasurePrice><AllowDiscount>1</AllowDiscount><ItemStatus>1</ItemStatus><ItemPrice>30.80</ItemPrice></item><item><PriceUpdateDate>2016-05-01 08:13:14</PriceUpdateDate><ItemCode>7290000197326</ItemCode><ItemType>1</ItemType><ItemName>זוג רדיד אלומיניום ק</ItemName><ManufacturerName>ניקול</ManufacturerName><ManufactureCountry>ישראל</ManufactureCountry><ManufacturerItemDescription>רדיד אלומיניום 7.5*30 זוג</ManufacturerItemDescription><SoldByWeight/><Quantity>2.00</Quantity><UnitOfMeasure>יח'</UnitOfMeasure><QtyInPackage>לא ידוע</QtyInPackage><UnitOfMeasurePrice>5.4500</UnitOfMeasurePrice><AllowDiscount>1</AllowDiscount><ItemStatus>1</ItemStatus><ItemPrice>10.90</ItemPrice></item><item><PriceUpdateDate>2016-05-31 07:02:11</PriceUpdateDate><ItemCode>7290000197425</ItemCode><ItemType>1</ItemType><ItemName>חיתולי האגיס פרידום</ItemName><ManufacturerName>האגיס</ManufacturerName><ManufactureCountry>לא ידוע</ManufactureCountry><ManufacturerItemDescription>חיתולי האגיס פרידום</ManufacturerItemDescription><SoldByWeight/><Quantity>54.00</Quantity><UnitOfMeasure>בודד</UnitOfMeasure><QtyInPackage>לא ידוע</QtyInPackage><UnitOfMeasurePrice>0.7944</UnitOfMeasurePrice><AllowDiscount>1</AllowDiscount><ItemStatus>1</ItemStatus><ItemPrice>42.90</ItemPrice></item><item><PriceUpdateDate>2016-03-16 18:08:45</PriceUpdateDate><ItemCode>7290000197432</ItemCode><ItemType>1</ItemType><ItemName>סנדויצון ניקול זוגות</ItemName><ManufacturerName>ניקול</ManufacturerName><ManufactureCountry>ישראל</ManufactureCountry><ManufacturerItemDescription>שקיות סנדביצון 150 יח זוג</ManufacturerItemDescription><SoldByWeight/><Quantity>300.00</Quantity><UnitOfMeasure>בודד</UnitOfMeasure><QtyInPackage>לא ידוע</QtyInPackage><UnitOfMeasurePrice>0.0463</UnitOfMeasurePrice><AllowDiscount>1</AllowDiscount><ItemStatus>1</ItemStatus><ItemPrice>13.90</ItemPrice></item><item><PriceUpdateDate>2016-05-31 07:02:11</PriceUpdateDate><ItemCode>7290000197463</ItemCode><ItemType>1</ItemType><ItemName>חיתולי האגיס פרידום</ItemName><ManufacturerName>האגיס</ManufacturerName><ManufactureCountry>לא ידוע</ManufactureCountry><ManufacturerItemDescription>חיתולי האגיס פרידום</ManufacturerItemDescription><SoldByWeight/><Quantity>42.00</Quantity><UnitOfMeasure>בודד</UnitOfMeasure><QtyInPackage>לא ידוע</QtyInPackage><UnitOfMeasurePrice>1.0214</UnitOfMeasurePrice><AllowDiscount>1</AllowDiscount><ItemStatus>1</ItemStatus><ItemPrice>42.90</ItemPrice></item><item><PriceUpdateDate>2016-05-31 07:02:11</PriceUpdateDate><ItemCode>7290000197548</ItemCode><ItemType>1</ItemType><ItemName>חיתולי האגיס פרידום</ItemName><ManufacturerName>האגיס</ManufacturerName><ManufactureCountry>לא ידוע</ManufactureCountry><ManufacturerItemDescription>חיתולי האגיס פרידום</ManufacturerItemDescription><SoldByWeight/><Quantity>38.00</Quantity><UnitOfMeasure>בודד</UnitOfMeasure><QtyInPackage>לא ידוע</QtyInPackage><UnitOfMeasurePrice>1.1289</UnitOfMeasurePrice><AllowDiscount>1</AllowDiscount><ItemStatus>1</ItemStatus><ItemPrice>42.90</ItemPrice></item><item><PriceUpdateDate>2016-08-02 07:38:53</PriceUpdateDate><ItemCode>7290000197654</ItemCode><ItemType>1</ItemType><ItemName>מב אשפתון ניקול 50 י</ItemName><ManufacturerName>ניקול</ManufacturerName><ManufactureCountry>ישראל</ManufactureCountry><ManufacturerItemDescription>אשפתון ענק 50 75*90 יחידו</ManufacturerItemDescription><SoldByWeight/><Quantity>50.00</Quantity><UnitOfMeasure>בודד</UnitOfMeasure><QtyInPackage>לא ידוע</QtyInPackage><UnitOfMeasurePrice>0.4380</UnitOfMeasurePrice><AllowDiscount>1</AllowDiscount><ItemStatus>1</ItemStatus><ItemPrice>21.90</ItemPrice></item><item><PriceUpdateDate>2016-05-31 07:02:11</PriceUpdateDate><ItemCode>7290000197678</ItemCode><ItemType>1</ItemType><ItemName>חיתולי האגיס פרידום</ItemName><ManufacturerName>האגיס</ManufacturerName><ManufactureCountry>לא ידוע</ManufactureCountry><ManufacturerItemDescription>חיתולי האגיס פרידום</ManufacturerItemDescription><SoldByWeight/><Quantity>34.00</Quantity><UnitOfMeasure>בודד</UnitOfMeasure><QtyInPackage>לא ידוע</QtyInPackage><UnitOfMeasurePrice>1.2618</UnitOfMeasurePrice><AllowDiscount>1</AllowDiscount><ItemStatus>1</ItemStatus><ItemPrice>42.90</ItemPrice></item><item><PriceUpdateDate>2016-06-28 09:30:47</PriceUpdateDate><ItemCode>7290000197876</ItemCode><ItemType>1</ItemType><ItemName>מב תבניות אפייה חד פ</ItemName><ManufacturerName>ניקול</ManufacturerName><ManufactureCountry>ישראל</ManufactureCountry><ManufacturerItemDescription>תבנית אלומיניום קטן 4 יח</ManufacturerItemDescription><SoldByWeight/><Quantity>4.00</Quantity><UnitOfMeasure>יח'</UnitOfMeasure><QtyInPackage>לא ידוע</QtyInPackage><UnitOfMeasurePrice>1.9750</UnitOfMeasurePrice><AllowDiscount>1</AllowDiscount><ItemStatus>1</ItemStatus><ItemPrice>7.90</ItemPrice></item><item><PriceUpdateDate>2016-06-28 09:30:47</PriceUpdateDate><ItemCode>7290000197883</ItemCode><ItemType>1</ItemType><ItemName>מב תבניות אפייה חד פ</ItemName><ManufacturerName>ניקול</ManufacturerName><ManufactureCountry>ישראל</ManufactureCountry><ManufacturerItemDescription>תבנית אלומיניום גדול 4 יח</ManufacturerItemDescription><SoldByWeight/><Quantity>0.00</Quantity><UnitOfMeasure>יח'</UnitOfMeasure><QtyInPackage>לא ידוע</QtyInPackage><UnitOfMeasurePrice>0.0000</UnitOfMeasurePrice><AllowDiscount>1</AllowDiscount><ItemStatus>1</ItemStatus><ItemPrice>7.90</ItemPrice></item><item><PriceUpdateDate>2016-06-28 09:30:47</PriceUpdateDate><ItemCode>7290000197951</ItemCode><ItemType>1</ItemType><ItemName>מב תבנית אפיה חד פעמ</ItemName><ManufacturerName>ניקול</ManufacturerName><ManufactureCountry>ישראל</ManufactureCountry><ManufacturerItemDescription>תבנית אלומיניום ענק 2 יח</ManufacturerItemDescription><SoldByWeight/><Quantity>1.00</Quantity><UnitOfMeasure>יח'</UnitOfMeasure><QtyInPackage>לא ידוע</QtyInPackage><UnitOfMeasurePrice>7.9000</UnitOfMeasurePrice><AllowDiscount>1</AllowDiscount><ItemStatus>1</ItemStatus><ItemPrice>7.90</ItemPrice></item><item><PriceUpdateDate>2016-05-31 07:02:11</PriceUpdateDate><ItemCode>7290000201832</ItemCode><ItemType>1</ItemType><ItemName>טיטולים פרמיום שלב 3</ItemName><ManufacturerName>טיטולים פרמיום</ManufacturerName><ManufactureCountry>ישראל</ManufactureCountry><ManufacturerItemDescription>טיטולים פרמיום שלב 3</ManufacturerItemDescription><SoldByWeight/><Quantity>52.00</Quantity><UnitOfMeasure>בודד</UnitOfMeasure><QtyInPackage>לא ידוע</QtyInPackage><UnitOfMeasurePrice>0.6327</UnitOfMeasurePrice><AllowDiscount>1</AllowDiscount><ItemStatus>1</ItemStatus><ItemPrice>32.90</ItemPrice></item><item><PriceUpdateDate>2016-05-31 07:02:11</PriceUpdateDate><ItemCode>7290000201849</ItemCode><ItemType>1</ItemType><ItemName>טיטולים פרמיום שלב 4</ItemName><ManufacturerName>טיטולים פרמיום</ManufacturerName><ManufactureCountry>ישראל</ManufactureCountry><ManufacturerItemDescription>טיטולים פרמיום שלב 4</ManufacturerItemDescription><SoldByWeight/><Quantity>42.00</Quantity><UnitOfMeasure>בודד</UnitOfMeasure><QtyInPackage>לא ידוע</QtyInPackage><UnitOfMeasurePrice>0.7833</UnitOfMeasurePrice><AllowDiscount>1</AllowDiscount><ItemStatus>1</ItemStatus><ItemPrice>32.90</ItemPrice></item><item><PriceUpdateDate>2016-05-31 07:02:11</PriceUpdateDate><ItemCode>7290000201856</ItemCode><ItemType>1</ItemType><ItemName>טיטולים פרמיום שלב 4</ItemName><ManufacturerName>טיטולים פרמיום</ManufacturerName><ManufactureCountry>ישראל</ManufactureCountry><ManufacturerItemDescription>טיטולים פרמיום שלב 4</ManufacturerItemDescription><SoldByWeight/><Quantity>40.00</Quantity><UnitOfMeasure>בודד</UnitOfMeasure><QtyInPackage>לא ידוע</QtyInPackage><UnitOfMeasurePrice>0.8225</UnitOfMeasurePrice><AllowDiscount>1</AllowDiscount><ItemStatus>1</ItemStatus><ItemPrice>32.90</ItemPrice></item><item><PriceUpdateDate>2016-05-31 07:02:12</PriceUpdateDate><ItemCode>7290000201863</ItemCode><ItemType>1</ItemType><ItemName>טיטולים פרמיום שלב 5</ItemName><ManufacturerName>טיטולים פרמיום</ManufacturerName><ManufactureCountry>ישראל</ManufactureCountry><ManufacturerItemDescription>טיטולים פרמיום שלב 5</ManufacturerItemDescription><SoldByWeight/><Quantity>36.00</Quantity><UnitOfMeasure>בודד</UnitOfMeasure><QtyInPackage>לא ידוע</QtyInPackage><UnitOfMeasurePrice>0.9139</UnitOfMeasurePrice><AllowDiscount>1</AllowDiscount><ItemStatus>1</ItemStatus><ItemPrice>32.90</ItemPrice></item><item><PriceUpdateDate>2016-05-31 07:02:12</PriceUpdateDate><ItemCode>7290000201870</ItemCode><ItemType>1</ItemType><ItemName>טיטולים פרמיום שלב 6</ItemName><ManufacturerName>טיטולים פרמיום</ManufacturerName><ManufactureCountry>ישראל</ManufactureCountry><ManufacturerItemDescription>טיטולים פרמיום שלב 6</ManufacturerItemDescription><SoldByWeight/><Quantity>34.00</Quantity><UnitOfMeasure>בודד</UnitOfMeasure><QtyInPackage>לא ידוע</QtyInPackage><UnitOfMeasurePrice>0.9676</UnitOfMeasurePrice><AllowDiscount>1</AllowDiscount><ItemStatus>1</ItemStatus><ItemPrice>32.90</ItemPrice></item><item><PriceUpdateDate>2015-10-11 20:34:08</PriceUpdateDate><ItemCode>7290000203188</ItemCode><ItemType>1</ItemType><ItemName>נייר טואלט לילי לבן</ItemName><ManufacturerName>לילי</ManufacturerName><ManufactureCountry>ישראל</ManufactureCountry><ManufacturerItemDescription>נייר טואלט לילי קומפקט 32</ManufacturerItemDescription><SoldByWeight/><Quantity>0.00</Quantity><UnitOfMeasure>מטר</UnitOfMeasure><QtyInPackage>לא ידוע</QtyInPackage><UnitOfMeasurePrice>0.0000</UnitOfMeasurePrice><AllowDiscount>1</AllowDiscount><ItemStatus>1</ItemStatus><ItemPrice>46.90</ItemPrice></item><item><PriceUpdateDate>2015-11-18 13:58:28</PriceUpdateDate><ItemCode>7290000204147</ItemCode><ItemType>1</ItemType><ItemName>כריות יפניות 2 ב-1 נ</ItemName><ManufacturerName>ניקול</ManufacturerName><ManufactureCountry>ישראל</ManufactureCountry><ManufacturerItemDescription>כרית יפנית עבה ניקול</ManufacturerItemDescription><SoldByWeight/><Quantity>0.00</Quantity><UnitOfMeasure>יח'</UnitOfMeasure><QtyInPackage>לא ידוע</QtyInPackage><UnitOfMeasurePrice>0.0000</UnitOfMeasurePrice><AllowDiscount>1</AllowDiscount><ItemStatus>1</ItemStatus><ItemPrice>16.30</ItemPrice></item><item><PriceUpdateDate>2016-05-01 08:19:15</PriceUpdateDate><ItemCode>7290000204215</ItemCode><ItemType>1</ItemType><ItemName>כרית יפנית שישייה ני</ItemName><ManufacturerName>ניקול</ManufacturerName><ManufactureCountry>ישראל</ManufactureCountry><ManufacturerItemDescription>כרית יפנית 2+4 ניקול</ManufacturerItemDescription><SoldByWeight/><Quantity>0.00</Quantity><UnitOfMeasure>יח'</UnitOfMeasure><QtyInPackage>לא ידוע</QtyInPackage><UnitOfMeasurePrice>0.0000</UnitOfMeasurePrice><AllowDiscount>1</AllowDiscount><ItemStatus>1</ItemStatus><ItemPrice>10.90</ItemPrice></item><item><PriceUpdateDate>2016-05-01 08:19:15</PriceUpdateDate><ItemCode>7290000204253</ItemCode><ItemType>1</ItemType><ItemName>מטליות רב שימושי ניק</ItemName><ManufacturerName>ניקול</ManufacturerName><ManufactureCountry>ישראל</ManufactureCountry><ManufacturerItemDescription>מטלית ניקול</ManufacturerItemDescription><SoldByWeight/><Quantity>1.00</Quantity><UnitOfMeasure>יח'</UnitOfMeasure><QtyInPackage>לא ידוע</QtyInPackage><UnitOfMeasurePrice>10.9000</UnitOfMeasurePrice><AllowDiscount>1</AllowDiscount><ItemStatus>1</ItemStatus><ItemPrice>10.90</ItemPrice></item><item><PriceUpdateDate>2016-08-02 07:38:54</PriceUpdateDate><ItemCode>7290000204307</ItemCode><ItemType>1</ItemType><ItemName>מב מטליות רב שימושיו</ItemName><ManufacturerName>ניקול</ManufacturerName><ManufactureCountry>ישראל</ManufactureCountry><ManufacturerItemDescription>מב מטליות רב שימושיו</ManufacturerItemDescription><SoldByWeight/><Quantity>40.00</Quantity><UnitOfMeasure>חב'</UnitOfMeasure><QtyInPackage>לא ידוע</QtyInPackage><UnitOfMeasurePrice>0.4225</UnitOfMeasurePrice><AllowDiscount>1</AllowDiscount><ItemStatus>1</ItemStatus><ItemPrice>16.90</ItemPrice></item><item><PriceUpdateDate>2016-04-08 09:30:00</PriceUpdateDate><ItemCode>7290000207162</ItemCode><ItemType>1</ItemType><ItemName>רסק עגבניות יכין 100</ItemName><ManufacturerName>יכין</ManufacturerName><ManufactureCountry>ישראל</ManufactureCountry><ManufacturerItemDescription>רסק עגבניות יכין 100</ManufacturerItemDescription><SoldByWeight/><Quantity>100.00</Quantity><UnitOfMeasure>גרם     </UnitOfMeasure><QtyInPackage>לא ידוע</QtyInPackage><UnitOfMeasurePrice>0.0200</UnitOfMeasurePrice><AllowDiscount>0</AllowDiscount><ItemStatus>1</ItemStatus><ItemPrice>2.00</ItemPrice></item><item><PriceUpdateDate>2016-08-10 08:23:03</PriceUpdateDate><ItemCode>7290000208077</ItemCode><ItemType>1</ItemType><ItemName>אפונה רגילה גדול 560</ItemName><ManufacturerName>יכין</ManufacturerName><ManufactureCountry>ישראל</ManufactureCountry><ManufacturerItemDescription>אפונה גדולה560 גר .יכין</ManufacturerItemDescription><SoldByWeight/><Quantity>335.00</Quantity><UnitOfMeasure>גרם     </UnitOfMeasure><QtyInPackage>לא ידוע</QtyInPackage><UnitOfMeasurePrice>0.0251</UnitOfMeasurePrice><AllowDiscount>1</AllowDiscount><ItemStatus>1</ItemStatus><ItemPrice>8.40</ItemPrice></item><item><PriceUpdateDate>2015-11-18 13:58:29</PriceUpdateDate><ItemCode>7290000208213</ItemCode><ItemType>1</ItemType><ItemName>שעועית אפויה A2 560</ItemName><ManufacturerName>יכין</ManufacturerName><ManufactureCountry>ישראל</ManufactureCountry><ManufacturerItemDescription>שעועית אפויה A2 560</ManufacturerItemDescription><SoldByWeight/><Quantity>560.00</Quantity><UnitOfMeasure>גרם     </UnitOfMeasure><QtyInPackage>לא ידוע</QtyInPackage><UnitOfMeasurePrice>0.0157</UnitOfMeasurePrice><AllowDiscount>0</AllowDiscount><ItemStatus>1</ItemStatus><ItemPrice>8.80</ItemPrice></item><item><PriceUpdateDate>2016-08-10 08:23:03</PriceUpdateDate><ItemCode>7290000208220</ItemCode><ItemType>1</ItemType><ItemName>צ'ילי שעועית אפויה 3</ItemName><ManufacturerName>לא ידוע</ManufacturerName><ManufactureCountry>ישראל</ManufactureCountry><ManufacturerItemDescription>צ'ילי שעועית אפויה 3</ManufacturerItemDescription><SoldByWeight/><Quantity>335.00</Quantity><UnitOfMeasure>גרם     </UnitOfMeasure><QtyInPackage>לא ידוע</QtyInPackage><UnitOfMeasurePrice>0.0266</UnitOfMeasurePrice><AllowDiscount>1</AllowDiscount><ItemStatus>1</ItemStatus><ItemPrice>8.90</ItemPrice></item><item><PriceUpdateDate>2016-02-08 10:37:31</PriceUpdateDate><ItemCode>7290000208312</ItemCode><ItemType>1</ItemType><ItemName>תירס ווקום 12 אונס 2</ItemName><ManufacturerName>לא ממותג</ManufacturerName><ManufactureCountry>ישראל</ManufactureCountry><ManufacturerItemDescription>תירס גרעינים 340 גרם</ManufacturerItemDescription><SoldByWeight/><Quantity>285.00</Quantity><UnitOfMeasure>גרם     </UnitOfMeasure><QtyInPackage>לא ידוע</QtyInPackage><UnitOfMeasurePrice>0.0242</UnitOfMeasurePrice><AllowDiscount>0</AllowDiscount><ItemStatus>1</ItemStatus><ItemPrice>6.90</ItemPrice></item><item><PriceUpdateDate>2016-05-31 07:02:12</PriceUpdateDate><ItemCode>7290000208329</ItemCode><ItemType>1</ItemType><ItemName>תירס גרעינים A2 560</ItemName><ManufacturerName>יכין</ManufacturerName><ManufactureCountry>ישראל</ManufactureCountry><ManufacturerItemDescription>תירס גרעינים560 גר .יכין</ManufacturerItemDescription><SoldByWeight/><Quantity>335.00</Quantity><UnitOfMeasure>גרם     </UnitOfMeasure><QtyInPackage>לא ידוע</QtyInPackage><UnitOfMeasurePrice>0.0176</UnitOfMeasurePrice><AllowDiscount>1</AllowDiscount><ItemStatus>1</ItemStatus><ItemPrice>5.90</ItemPrice></item><item><PriceUpdateDate>2015-10-11 20:34:09</PriceUpdateDate><ItemCode>7290000208336</ItemCode><ItemType>1</ItemType><ItemName>רסק 22% יכין 260 גרם</ItemName><ManufacturerName>יכין</ManufacturerName><ManufactureCountry>ישראל</ManufactureCountry><ManufacturerItemDescription>רסק עגבניות 260 22% ג</ManufacturerItemDescription><SoldByWeight/><Quantity>260.00</Quantity><UnitOfMeasure>גרם     </UnitOfMeasure><QtyInPackage>לא ידוע</QtyInPackage><UnitOfMeasurePrice>0.0208</UnitOfMeasurePrice><AllowDiscount>1</AllowDiscount><ItemStatus>1</ItemStatus><ItemPrice>5.40</ItemPrice></item><item><PriceUpdateDate>2014-11-10 06:29:57</PriceUpdateDate><ItemCode>7290000208404</ItemCode><ItemType>1</ItemType><ItemName>פול מצרי A2 560 גרם</ItemName><ManufacturerName>יכין</ManufacturerName><ManufactureCountry>ישראל</ManufactureCountry><ManufacturerItemDescription>פול מצרי 560 גרם A2 יכין</ManufacturerItemDescription><SoldByWeight/><Quantity>350.00</Quantity><UnitOfMeasure>גרם     </UnitOfMeasure><QtyInPackage>לא ידוע</QtyInPackage><UnitOfMeasurePrice>0.0203</UnitOfMeasurePrice><AllowDiscount>1</AllowDiscount><ItemStatus>1</ItemStatus><ItemPrice>7.10</ItemPrice></item><item><PriceUpdateDate>2016-05-31 07:02:12</PriceUpdateDate><ItemCode>7290000208428</ItemCode><ItemType>1</ItemType><ItemName>חומוס גרעינים A2 560</ItemName><ManufacturerName>יכין</ManufacturerName><ManufactureCountry>ישראל</ManufactureCountry><ManufacturerItemDescription>חומוס560 גר .יכין</ManufacturerItemDescription><SoldByWeight/><Quantity>290.00</Quantity><UnitOfMeasure>גרם     </UnitOfMeasure><QtyInPackage>לא ידוע</QtyInPackage><UnitOfMeasurePrice>0.0203</UnitOfMeasurePrice><AllowDiscount>0</AllowDiscount><ItemStatus>1</ItemStatus><ItemPrice>5.90</ItemPrice></item><item><PriceUpdateDate>2015-10-11 20:34:09</PriceUpdateDate><ItemCode>7290000208947</ItemCode><ItemType>1</ItemType><ItemName>עגבניות מרוסקות יכין</ItemName><ManufacturerName>יכין</ManufacturerName><ManufactureCountry>ישראל</ManufactureCountry><ManufacturerItemDescription>עגבניות מרוסקות 260 גרם</ManufacturerItemDescription><SoldByWeight/><Quantity>260.00</Quantity><UnitOfMeasure>גרם     </UnitOfMeasure><QtyInPackage>לא ידוע</QtyInPackage><UnitOfMeasurePrice>0.0254</UnitOfMeasurePrice><AllowDiscount>0</AllowDiscount><ItemStatus>1</ItemStatus><ItemPrice>6.60</ItemPrice></item><item><PriceUpdateDate>2016-06-28 09:28:44</PriceUpdateDate><ItemCode>7290000209012</ItemCode><ItemType>1</ItemType><ItemName>חומץ יכין 1 ליטר</ItemName><ManufacturerName>יכין</ManufacturerName><ManufactureCountry>ישראל</ManufactureCountry><ManufacturerItemDescription>חומץ יכין 1 ליטר</ManufacturerItemDescription><SoldByWeight/><Quantity>1000.00</Quantity><UnitOfMeasure>מ"ל</UnitOfMeasure><QtyInPackage>לא ידוע</QtyInPackage><UnitOfMeasurePrice>0.0071</UnitOfMeasurePrice><AllowDiscount>1</AllowDiscount><ItemStatus>1</ItemStatus><ItemPrice>7.10</ItemPrice></item><item><PriceUpdateDate>2016-08-10 08:23:03</PriceUpdateDate><ItemCode>7290000209043</ItemCode><ItemType>1</ItemType><ItemName>מיץ לימון משומר יכין</ItemName><ManufacturerName>לא ממותג</ManufacturerName><ManufactureCountry>ישראל</ManufactureCountry><ManufacturerItemDescription>מיץ לימון משומר 1 ל</ManufacturerItemDescription><SoldByWeight/><Quantity>1000.00</Quantity><UnitOfMeasure>מ"ל</UnitOfMeasure><QtyInPackage>לא ידוע</QtyInPackage><UnitOfMeasurePrice>0.0082</UnitOfMeasurePrice><AllowDiscount>1</AllowDiscount><ItemStatus>1</ItemStatus><ItemPrice>8.20</ItemPrice></item><item><PriceUpdateDate>2016-05-31 06:54:58</PriceUpdateDate><ItemCode>7290000209371</ItemCode><ItemType>1</ItemType><ItemName>שלישיית תירס מתוק יכ</ItemName><ManufacturerName>יכין</ManufacturerName><ManufactureCountry>לא ידוע</ManufactureCountry><ManufacturerItemDescription>שלישיית תירס מתוק יכ</ManufacturerItemDescription><SoldByWeight/><Quantity>165.00</Quantity><UnitOfMeasure>גרם     </UnitOfMeasure><QtyInPackage>לא ידוע</QtyInPackage><UnitOfMeasurePrice>0.0861</UnitOfMeasurePrice><AllowDiscount>1</AllowDiscount><ItemStatus>1</ItemStatus><ItemPrice>14.20</ItemPrice></item><item><PriceUpdateDate>2016-05-31 06:54:58</PriceUpdateDate><ItemCode>7290000209388</ItemCode><ItemType>1</ItemType><ItemName>שלישיית תירס לייט יכ</ItemName><ManufacturerName>יכין</ManufacturerName><ManufactureCountry>לא ידוע</ManufactureCountry><ManufacturerItemDescription>שלישיית תירס לייט יכ</ManufacturerItemDescription><SoldByWeight/><Quantity>165.00</Quantity><UnitOfMeasure>גרם     </UnitOfMeasure><QtyInPackage>לא ידוע</QtyInPackage><UnitOfMeasurePrice>0.0861</UnitOfMeasurePrice><AllowDiscount>1</AllowDiscount><ItemStatus>1</ItemStatus><ItemPrice>14.20</ItemPrice></item><item><PriceUpdateDate>2015-10-11 20:34:09</PriceUpdateDate><ItemCode>7290000209708</ItemCode><ItemType>1</ItemType><ItemName>עגבניות מרוסקות בזיל</ItemName><ManufacturerName>יכין</ManufacturerName><ManufactureCountry>ישראל</ManufactureCountry><ManufacturerItemDescription>עגבניות מרוסקות בזיל</ManufacturerItemDescription><SoldByWeight/><Quantity>260.00</Quantity><UnitOfMeasure>גרם     </UnitOfMeasure><QtyInPackage>לא ידוע</QtyInPackage><UnitOfMeasurePrice>0.0254</UnitOfMeasurePrice><AllowDiscount>0</AllowDiscount><ItemStatus>1</ItemStatus><ItemPrice>6.60</ItemPrice></item><item><PriceUpdateDate>2014-11-10 06:29:57</PriceUpdateDate><ItemCode>7290000209715</ItemCode><ItemType>1</ItemType><ItemName>רסק עגבניות 22% A2 5</ItemName><ManufacturerName>לא ידוע</ManufacturerName><ManufactureCountry>ישראל</ManufactureCountry><ManufacturerItemDescription>רסק עגבניות 22% A2 5</ManufacturerItemDescription><SoldByWeight/><Quantity>560.00</Quantity><UnitOfMeasure>גרם     </UnitOfMeasure><QtyInPackage>לא ידוע</QtyInPackage><UnitOfMeasurePrice>0.0145</UnitOfMeasurePrice><AllowDiscount>1</AllowDiscount><ItemStatus>1</ItemStatus><ItemPrice>8.10</ItemPrice></item><item><PriceUpdateDate>2016-05-31 07:02:12</PriceUpdateDate><ItemCode>7290000209722</ItemCode><ItemType>1</ItemType><ItemName>רסק פריכוז 28% A2 58</ItemName><ManufacturerName>יכין</ManufacturerName><ManufactureCountry>ישראל</ManufactureCountry><ManufacturerItemDescription>רסק עגבניות פריכוז 580 יכ</ManufacturerItemDescription><SoldByWeight/><Quantity>580.00</Quantity><UnitOfMeasure>גרם     </UnitOfMeasure><QtyInPackage>לא ידוע</QtyInPackage><UnitOfMeasurePrice>0.0134</UnitOfMeasurePrice><AllowDiscount>1</AllowDiscount><ItemStatus>1</ItemStatus><ItemPrice>7.80</ItemPrice></item><item><PriceUpdateDate>2015-10-22 10:37:08</PriceUpdateDate><ItemCode>7290000209951</ItemCode><ItemType>1</ItemType><ItemName>רוטב לפיצה 260 גרם</ItemName><ManufacturerName>יכין</ManufacturerName><ManufactureCountry>ישראל</ManufactureCountry><ManufacturerItemDescription>רוטב פיצה 260 גרם</ManufacturerItemDescription><SoldByWeight/><Quantity>260.00</Quantity><UnitOfMeasure>גרם     </UnitOfMeasure><QtyInPackage>לא ידוע</QtyInPackage><UnitOfMeasurePrice>0.0258</UnitOfMeasurePrice><AllowDiscount>1</AllowDiscount><ItemStatus>1</ItemStatus><ItemPrice>6.70</ItemPrice></item><item><PriceUpdateDate>2015-10-22 10:37:08</PriceUpdateDate><ItemCode>7290000209968</ItemCode><ItemType>1</ItemType><ItemName>רוטב לזניה 260 גרם</ItemName><ManufacturerName>יכין</ManufacturerName><ManufactureCountry>ישראל</ManufactureCountry><ManufacturerItemDescription>רוטב לזניה 260 גרם</ManufacturerItemDescription><SoldByWeight/><Quantity>260.00</Quantity><UnitOfMeasure>גרם     </UnitOfMeasure><QtyInPackage>לא ידוע</QtyInPackage><UnitOfMeasurePrice>0.0258</UnitOfMeasurePrice><AllowDiscount>1</AllowDiscount><ItemStatus>1</ItemStatus><ItemPrice>6.70</ItemPrice></item><item><PriceUpdateDate>2015-10-22 10:37:08</PriceUpdateDate><ItemCode>7290000210896</ItemCode><ItemType>1</ItemType><ItemName>רוטב בולונז 260 גרם</ItemName><ManufacturerName>יכין</ManufacturerName><ManufactureCountry>ישראל</ManufactureCountry><ManufacturerItemDescription>רוטב בולונז 260 גרם</ManufacturerItemDescription><SoldByWeight/><Quantity>260.00</Quantity><UnitOfMeasure>גרם     </UnitOfMeasure><QtyInPackage>לא ידוע</QtyInPackage><UnitOfMeasurePrice>0.0258</UnitOfMeasurePrice><AllowDiscount>1</AllowDiscount><ItemStatus>1</ItemStatus><ItemPrice>6.70</ItemPrice></item><item><PriceUpdateDate>2016-03-01 06:17:05</PriceUpdateDate><ItemCode>7290000211169</ItemCode><ItemType>1</ItemType><ItemName>אורז תאילנדי 1 ק"ג</ItemName><ManufacturerName>סוגת</ManufacturerName><ManufactureCountry>ישראל</ManufactureCountry><ManufacturerItemDescription>אורז תאילנדי 1 קג</ManufacturerItemDescription><SoldByWeight/><Quantity>1000.00</Quantity><UnitOfMeasure>גרם     </UnitOfMeasure><QtyInPackage>לא ידוע</QtyInPackage><UnitOfMeasurePrice>0.0069</UnitOfMeasurePrice><AllowDiscount>1</AllowDiscount><ItemStatus>1</ItemStatus><ItemPrice>6.90</ItemPrice></item><item><PriceUpdateDate>2016-08-10 08:23:03</PriceUpdateDate><ItemCode>7290000211374</ItemCode><ItemType>1</ItemType><ItemName>קמח מלא סוגת  1 ק'ג</ItemName><ManufacturerName>סוגת</ManufacturerName><ManufactureCountry>ישראל</ManufactureCountry><ManufacturerItemDescription>קמח מלא 1 קג</ManufacturerItemDescription><SoldByWeight/><Quantity>1000.00</Quantity><UnitOfMeasure>גרם     </UnitOfMeasure><QtyInPackage>לא ידוע</QtyInPackage><UnitOfMeasurePrice>0.0094</UnitOfMeasurePrice><AllowDiscount>1</AllowDiscount><ItemStatus>1</ItemStatus><ItemPrice>9.40</ItemPrice></item><item><PriceUpdateDate>2016-03-16 18:08:45</PriceUpdateDate><ItemCode>7290000211442</ItemCode><ItemType>1</ItemType><ItemName>אורז פרסי קלאסי 1 קג</ItemName><ManufacturerName>וילי פוד</ManufacturerName><ManufactureCountry>ישראל</ManufactureCountry><ManufacturerItemDescription>אורז פרסי אחד אחד1 קג</ManufacturerItemDescription><SoldByWeight/><Quantity>1000.00</Quantity><UnitOfMeasure>גרם     </UnitOfMeasure><QtyInPackage>לא ידוע</QtyInPackage><UnitOfMeasurePrice>0.0088</UnitOfMeasurePrice><AllowDiscount>1</AllowDiscount><ItemStatus>1</ItemStatus><ItemPrice>8.80</ItemPrice></item><item><PriceUpdateDate>2016-03-17 09:36:46</PriceUpdateDate><ItemCode>7290000211503</ItemCode><ItemType>1</ItemType><ItemName>סוכר 1 ק"ג</ItemName><ManufacturerName>סוגת</ManufacturerName><ManufactureCountry>ישראל</ManufactureCountry><ManufacturerItemDescription>סוכר לבן ארוז בשקית 1 קג</ManufacturerItemDescription><SoldByWeight/><Quantity>1000.00</Quantity><UnitOfMeasure>גרם     </UnitOfMeasure><QtyInPackage>לא ידוע</QtyInPackage><UnitOfMeasurePrice>0.0039</UnitOfMeasurePrice><AllowDiscount>1</AllowDiscount><ItemStatus>1</ItemStatus><ItemPrice>3.90</ItemPrice></item><item><PriceUpdateDate>2015-11-17 14:07:12</PriceUpdateDate><ItemCode>7290000211626</ItemCode><ItemType>1</ItemType><ItemName>אורז סוגת חיש 1 ק"ג</ItemName><ManufacturerName>סוגת</ManufacturerName><ManufactureCountry>ישראל</ManufactureCountry><ManufacturerItemDescription>אורז סוגת חיש 1 ק"ג</ManufacturerItemDescription><SoldByWeight/><Quantity>1000.00</Quantity><UnitOfMeasure>גרם     </UnitOfMeasure><QtyInPackage>לא ידוע</QtyInPackage><UnitOfMeasurePrice>0.0154</UnitOfMeasurePrice><AllowDiscount>1</AllowDiscount><ItemStatus>1</ItemStatus><ItemPrice>15.40</ItemPrice></item><item><PriceUpdateDate>2016-06-28 09:28:45</PriceUpdateDate><ItemCode>7290000212579</ItemCode><ItemType>1</ItemType><ItemName>וופל "סטינג" מצופה 4</ItemName><ManufacturerName>מנעמים</ManufacturerName><ManufactureCountry>ישראל</ManufactureCountry><ManufacturerItemDescription>וופל "סטינג" מצופה 4</ManufacturerItemDescription><SoldByWeight/><Quantity>800.00</Quantity><UnitOfMeasure>גרם     </UnitOfMeasure><QtyInPackage>לא ידוע</QtyInPackage><UnitOfMeasurePrice>0.0249</UnitOfMeasurePrice><AllowDiscount>1</AllowDiscount><ItemStatus>1</ItemStatus><ItemPrice>19.90</ItemPrice></item><item><PriceUpdateDate>2016-06-06 12:23:24</PriceUpdateDate><ItemCode>7290000212593</ItemCode><ItemType>1</ItemType><ItemName>גביעי גלידה 30 יח' מ</ItemName><ManufacturerName>מנעמים</ManufacturerName><ManufactureCountry>ישראל</ManufactureCountry><ManufacturerItemDescription>גביעי גלידה 30 יח</ManufacturerItemDescription><SoldByWeight/><Quantity>30.00</Quantity><UnitOfMeasure>יח'</UnitOfMeasure><QtyInPackage>לא ידוע</QtyInPackage><UnitOfMeasurePrice>0.2967</UnitOfMeasurePrice><AllowDiscount>1</AllowDiscount><ItemStatus>1</ItemStatus><ItemPrice>8.90</ItemPrice></item><item><PriceUpdateDate>2016-06-06 12:23:24</PriceUpdateDate><ItemCode>7290000212975</ItemCode><ItemType>1</ItemType><ItemName>וופל שוקו 1 ק"ג מנעמ</ItemName><ManufacturerName>מנעמים</ManufacturerName><ManufactureCountry>ישראל</ManufactureCountry><ManufacturerItemDescription>וופל שוקו 1 ק"ג מנעמ</ManufacturerItemDescription><SoldByWeight/><Quantity>1000.00</Quantity><UnitOfMeasure>גרם     </UnitOfMeasure><QtyInPackage>לא ידוע</QtyInPackage><UnitOfMeasurePrice>0.0179</UnitOfMeasurePrice><AllowDiscount>1</AllowDiscount><ItemStatus>1</ItemStatus><ItemPrice>17.90</ItemPrice></item><item><PriceUpdateDate>2016-08-10 08:23:03</PriceUpdateDate><ItemCode>7290000214115</ItemCode><ItemType>1</ItemType><ItemName>מרק עוף צנצנת 400 גר</ItemName><ManufacturerName>ויטה</ManufacturerName><ManufactureCountry>ישראל</ManufactureCountry><ManufacturerItemDescription>מרק עוף צנצנת 400 גרם</ManufacturerItemDescription><SoldByWeight/><Quantity>400.00</Quantity><UnitOfMeasure>גרם     </UnitOfMeasure><QtyInPackage>לא ידוע</QtyInPackage><UnitOfMeasurePrice>0.0413</UnitOfMeasurePrice><AllowDiscount>1</AllowDiscount><ItemStatus>1</ItemStatus><ItemPrice>16.50</ItemPrice></item><item><PriceUpdateDate>2016-05-31 07:02:13</PriceUpdateDate><ItemCode>7290000238029</ItemCode><ItemType>1</ItemType><ItemName>בצק עלים מרודד 1 ק'ג</ItemName><ManufacturerName>מעדנות</ManufacturerName><ManufactureCountry>ישראל</ManufactureCountry><ManufacturerItemDescription>בצק עלים 1 קג</ManufacturerItemDescription><SoldByWeight/><Quantity>1000.00</Quantity><UnitOfMeasure>גרם     </UnitOfMeasure><QtyInPackage>לא ידוע</QtyInPackage><UnitOfMeasurePrice>0.0199</UnitOfMeasurePrice><AllowDiscount>1</AllowDiscount><ItemStatus>1</ItemStatus><ItemPrice>19.90</ItemPrice></item><item><PriceUpdateDate>2016-08-02 07:34:51</PriceUpdateDate><ItemCode>7290000238036</ItemCode><ItemType>1</ItemType><ItemName>מלווח מעדנות 700 גרם</ItemName><ManufacturerName>מעדנות</ManufacturerName><ManufactureCountry>ישראל</ManufactureCountry><ManufacturerItemDescription>מלווח 700 גר</ManufacturerItemDescription><SoldByWeight/><Quantity>700.00</Quantity><UnitOfMeasure>גרם     </UnitOfMeasure><QtyInPackage>לא ידוע</QtyInPackage><UnitOfMeasurePrice>0.0270</UnitOfMeasurePrice><AllowDiscount>1</AllowDiscount><ItemStatus>1</ItemStatus><ItemPrice>18.90</ItemPrice></item><item><PriceUpdateDate>2016-05-31 07:02:13</PriceUpdateDate><ItemCode>7290000238173</ItemCode><ItemType>1</ItemType><ItemName>בורקס גבינה 800 גרם</ItemName><ManufacturerName>מעדנות</ManufacturerName><ManufactureCountry>ישראל</ManufactureCountry><ManufacturerItemDescription>בורקס גבינה 800 גרם</ManufacturerItemDescription><SoldByWeight/><Quantity>800.00</Quantity><UnitOfMeasure>גרם     </UnitOfMeasure><QtyInPackage>לא ידוע</QtyInPackage><UnitOfMeasurePrice>0.0249</UnitOfMeasurePrice><AllowDiscount>1</AllowDiscount><ItemStatus>1</ItemStatus><ItemPrice>19.90</ItemPrice></item><item><PriceUpdateDate>2016-08-10 08:23:03</PriceUpdateDate><ItemCode>7290000238180</ItemCode><ItemType>1</ItemType><ItemName>בורקס תפו"א מעדנות 8</ItemName><ManufacturerName>מעדנות</ManufacturerName><ManufactureCountry>ישראל</ManufactureCountry><ManufacturerItemDescription>בורקס תפוא800 גר .יחידה</ManufacturerItemDescription><SoldByWeight/><Quantity>800.00</Quantity><UnitOfMeasure>גרם     </UnitOfMeasure><QtyInPackage>לא ידוע</QtyInPackage><UnitOfMeasurePrice>0.0308</UnitOfMeasurePrice><AllowDiscount>1</AllowDiscount><ItemStatus>1</ItemStatus><ItemPrice>24.60</ItemPrice></item><item><PriceUpdateDate>2016-06-28 09:28:45</PriceUpdateDate><ItemCode>7290000240541</ItemCode><ItemType>1</ItemType><ItemName>ריבועי בצק עלים 800</ItemName><ManufacturerName>מעדנות</ManufacturerName><ManufactureCountry>ישראל</ManufactureCountry><ManufacturerItemDescription>ריבועי בצק עלים 800</ManufacturerItemDescription><SoldByWeight/><Quantity>800.00</Quantity><UnitOfMeasure>גרם     </UnitOfMeasure><QtyInPackage>לא ידוע</QtyInPackage><UnitOfMeasurePrice>0.0317</UnitOfMeasurePrice><AllowDiscount>1</AllowDiscount><ItemStatus>1</ItemStatus><ItemPrice>25.40</ItemPrice></item><item><PriceUpdateDate>2016-05-01 08:13:15</PriceUpdateDate><ItemCode>7290000243566</ItemCode><ItemType>1</ItemType><ItemName>שמן קנולה בריאות "עץ</ItemName><ManufacturerName>עץ הזית</ManufacturerName><ManufactureCountry>ישראל</ManufactureCountry><ManufacturerItemDescription>שמן קנולה בריאות "עץ</ManufacturerItemDescription><SoldByWeight/><Quantity>750.00</Quantity><UnitOfMeasure>מ"ל</UnitOfMeasure><QtyInPackage>לא ידוע</QtyInPackage><UnitOfMeasurePrice>0.0185</UnitOfMeasurePrice><AllowDiscount>1</AllowDiscount><ItemStatus>1</ItemStatus><ItemPrice>13.90</ItemPrice></item><item><PriceUpdateDate>2016-06-30 06:41:29</PriceUpdateDate><ItemCode>7290000244051</ItemCode><ItemType>1</ItemType><ItemName>אל סבון נוזלי הוואי</ItemName><ManufacturerName>הוואי</ManufacturerName><ManufactureCountry>ישראל</ManufactureCountry><ManufacturerItemDescription>אל סבון נוזלי הוואי</ManufacturerItemDescription><SoldByWeight/><Quantity>1500.00</Quantity><UnitOfMeasure>מ"ל</UnitOfMeasure><QtyInPackage>לא ידוע</QtyInPackage><UnitOfMeasurePrice>0.0119</UnitOfMeasurePrice><AllowDiscount>1</AllowDiscount><ItemStatus>1</ItemStatus><ItemPrice>17.90</ItemPrice></item><item><PriceUpdateDate>2016-03-16 18:08:45</PriceUpdateDate><ItemCode>7290000244112</ItemCode><ItemType>1</ItemType><ItemName>שמפו הוואי לשיער צבו</ItemName><ManufacturerName>הוואי</ManufacturerName><ManufactureCountry>ישראל</ManufactureCountry><ManufacturerItemDescription>שמפו הוואי לשיער צבו</ManufacturerItemDescription><SoldByWeight/><Quantity>700.00</Quantity><UnitOfMeasure>מ"ל</UnitOfMeasure><QtyInPackage>לא ידוע</QtyInPackage><UnitOfMeasurePrice>0.0141</UnitOfMeasurePrice><AllowDiscount>0</AllowDiscount><ItemStatus>1</ItemStatus><ItemPrice>9.90</ItemPrice></item><item><PriceUpdateDate>2016-03-16 18:08:45</PriceUpdateDate><ItemCode>7290000244129</ItemCode><ItemType>1</ItemType><ItemName>מרכך הוואי לשיער צבו</ItemName><ManufacturerName>הוואי</ManufacturerName><ManufactureCountry>ישראל</ManufactureCountry><ManufacturerItemDescription>מרכך הוואי לשיער צבו</ManufacturerItemDescription><SoldByWeight/><Quantity>700.00</Quantity><UnitOfMeasure>מ"ל</UnitOfMeasure><QtyInPackage>לא ידוע</QtyInPackage><UnitOfMeasurePrice>0.0141</UnitOfMeasurePrice><AllowDiscount>0</AllowDiscount><ItemStatus>1</ItemStatus><ItemPrice>9.90</ItemPrice></item><item><PriceUpdateDate>2016-06-28 09:28:45</PriceUpdateDate><ItemCode>7290000244761</ItemCode><ItemType>1</ItemType><ItemName>קרם ידיים ולווטה 100</ItemName><ManufacturerName>ולוטה</ManufacturerName><ManufactureCountry>ישראל</ManufactureCountry><ManufacturerItemDescription>קרם ולוטה 80 גר</ManufacturerItemDescription><SoldByWeight/><Quantity>100.00</Quantity><UnitOfMeasure>גרם     </UnitOfMeasure><QtyInPackage>לא ידוע</QtyInPackage><UnitOfMeasurePrice>0.1390</UnitOfMeasurePrice><AllowDiscount>1</AllowDiscount><ItemStatus>1</ItemStatus><ItemPrice>13.90</ItemPrice></item><item><PriceUpdateDate>2016-08-02 07:38:55</PriceUpdateDate><ItemCode>7290000245287</ItemCode><ItemType>1</ItemType><ItemName>מב אבקת כביסה פרסיל</ItemName><ManufacturerName>פרסיל</ManufacturerName><ManufactureCountry>ישראל</ManufactureCountry><ManufacturerItemDescription>אב.כביסה פרסיל קולור 1.25</ManufacturerItemDescription><SoldByWeight/><Quantity>1250.00</Quantity><UnitOfMeasure>גרם     </UnitOfMeasure><QtyInPackage>לא ידוע</QtyInPackage><UnitOfMeasurePrice>0.0103</UnitOfMeasurePrice><AllowDiscount>0</AllowDiscount><ItemStatus>1</ItemStatus><ItemPrice>12.90</ItemPrice></item><item><PriceUpdateDate>2016-02-08 10:37:31</PriceUpdateDate><ItemCode>7290000245300</ItemCode><ItemType>1</ItemType><ItemName>אבקת כביסה אור ביו י</ItemName><ManufacturerName>ביו אור</ManufacturerName><ManufactureCountry>ישראל</ManufactureCountry><ManufacturerItemDescription>אבקת כביסה אור ביו י</ManufacturerItemDescription><SoldByWeight/><Quantity>1000.00</Quantity><UnitOfMeasure>גרם     </UnitOfMeasure><QtyInPackage>לא ידוע</QtyInPackage><UnitOfMeasurePrice>0.0189</UnitOfMeasurePrice><AllowDiscount>1</AllowDiscount><ItemStatus>1</ItemStatus><ItemPrice>18.90</ItemPrice></item><item><PriceUpdateDate>2016-02-08 10:37:31</PriceUpdateDate><ItemCode>7290000245478</ItemCode><ItemType>1</ItemType><ItemName>אבקת כביסה סוד בייבי</ItemName><ManufacturerName>סוד</ManufacturerName><ManufactureCountry>ישראל</ManufactureCountry><ManufacturerItemDescription>אבקת כביסה סוד בייבי</ManufacturerItemDescription><SoldByWeight/><Quantity>1250.00</Quantity><UnitOfMeasure>גרם     </UnitOfMeasure><QtyInPackage>לא ידוע</QtyInPackage><UnitOfMeasurePrice>0.0119</UnitOfMeasurePrice><AllowDiscount>1</AllowDiscount><ItemStatus>1</ItemStatus><ItemPrice>14.90</ItemPrice></item><item><PriceUpdateDate>2016-08-02 07:38:55</PriceUpdateDate><ItemCode>7290000245782</ItemCode><ItemType>1</ItemType><ItemName>מב מרכך כביסה סוד ור</ItemName><ManufacturerName>סוד</ManufacturerName><ManufactureCountry>ישראל</ManufactureCountry><ManufacturerItemDescription>מב מרכך כביסה סוד ור</ManufacturerItemDescription><SoldByWeight/><Quantity>4000.00</Quantity><UnitOfMeasure>מ"ל</UnitOfMeasure><QtyInPackage>לא ידוע</QtyInPackage><UnitOfMeasurePrice>0.0042</UnitOfMeasurePrice><AllowDiscount>1</AllowDiscount><ItemStatus>1</ItemStatus><ItemPrice>16.90</ItemPrice></item><item><PriceUpdateDate>2016-05-31 07:02:13</PriceUpdateDate><ItemCode>7290000253220</ItemCode><ItemType>1</ItemType><ItemName>שוקו צ'יפס פרווה 300</ItemName><ManufacturerName>אופנהיימר</ManufacturerName><ManufactureCountry>ישראל</ManufactureCountry><ManufacturerItemDescription>שוקולד ציפס חום 300 גר</ManufacturerItemDescription><SoldByWeight/><Quantity>300.00</Quantity><UnitOfMeasure>גרם     </UnitOfMeasure><QtyInPackage>לא ידוע</QtyInPackage><UnitOfMeasurePrice>0.0377</UnitOfMeasurePrice><AllowDiscount>1</AllowDiscount><ItemStatus>1</ItemStatus><ItemPrice>11.30</ItemPrice></item><item><PriceUpdateDate>2016-05-31 07:02:13</PriceUpdateDate><ItemCode>7290000253251</ItemCode><ItemType>1</ItemType><ItemName>שוקו צ'יפס לבן 300 ג</ItemName><ManufacturerName>אופנהיימר</ManufacturerName><ManufactureCountry>ישראל</ManufactureCountry><ManufacturerItemDescription>שוקו צ'יפס לבן 300 ג</ManufacturerItemDescription><SoldByWeight/><Quantity>300.00</Quantity><UnitOfMeasure>גרם     </UnitOfMeasure><QtyInPackage>לא ידוע</QtyInPackage><UnitOfMeasurePrice>0.0377</UnitOfMeasurePrice><AllowDiscount>1</AllowDiscount><ItemStatus>1</ItemStatus><ItemPrice>11.30</ItemPrice></item><item><PriceUpdateDate>2016-02-16 20:38:17</PriceUpdateDate><ItemCode>7290000255897</ItemCode><ItemType>1</ItemType><ItemName>שוקולד פרה חלב עם פצ</ItemName><ManufacturerName>פרה</ManufacturerName><ManufactureCountry>ישראל</ManufactureCountry><ManufacturerItemDescription>שוקולד חלב פרה+פצפוצי אור</ManufacturerItemDescription><SoldByWeight/><Quantity>100.00</Quantity><UnitOfMeasure>גרם     </UnitOfMeasure><QtyInPackage>לא ידוע</QtyInPackage><UnitOfMeasurePrice>0.0690</UnitOfMeasurePrice><AllowDiscount>0</AllowDiscount><ItemStatus>1</ItemStatus><ItemPrice>6.90</ItemPrice></item><item><PriceUpdateDate>2015-11-18 13:58:29</PriceUpdateDate><ItemCode>7290000256085</ItemCode><ItemType>1</ItemType><ItemName>גלילי ופל רול עדין 1</ItemName><ManufacturerName>עדין</ManufacturerName><ManufactureCountry>ישראל</ManufactureCountry><ManufacturerItemDescription>גליל רול עדין 100 גר</ManufacturerItemDescription><SoldByWeight/><Quantity>100.00</Quantity><UnitOfMeasure>גרם     </UnitOfMeasure><QtyInPackage>לא ידוע</QtyInPackage><UnitOfMeasurePrice>0.0500</UnitOfMeasurePrice><AllowDiscount>0</AllowDiscount><ItemStatus>1</ItemStatus><ItemPrice>5.00</ItemPrice></item><item><PriceUpdateDate>2016-05-31 07:02:13</PriceUpdateDate><ItemCode>7290000256252</ItemCode><ItemType>1</ItemType><ItemName>מב פיצפוצית אורז ליי</ItemName><ManufacturerName>לא ממותג</ManufacturerName><ManufactureCountry>ישראל</ManufactureCountry><ManufacturerItemDescription>מב פיצפוצית אורז ליי</ManufacturerItemDescription><SoldByWeight/><Quantity>450.00</Quantity><UnitOfMeasure>גרם     </UnitOfMeasure><QtyInPackage>לא ידוע</QtyInPackage><UnitOfMeasurePrice>0.0287</UnitOfMeasurePrice><AllowDiscount>1</AllowDiscount><ItemStatus>1</ItemStatus><ItemPrice>12.90</ItemPrice></item><item><PriceUpdateDate>2016-05-31 07:02:13</PriceUpdateDate><ItemCode>7290000256269</ItemCode><ItemType>1</ItemType><ItemName>מב פיצפוצית אורז רגי</ItemName><ManufacturerName>לא ממותג</ManufacturerName><ManufactureCountry>ישראל</ManufactureCountry><ManufacturerItemDescription>מב פיצפוצית אורז רגי</ManufacturerItemDescription><SoldByWeight/><Quantity>450.00</Quantity><UnitOfMeasure>יח'</UnitOfMeasure><QtyInPackage>לא ידוע</QtyInPackage><UnitOfMeasurePrice>0.0287</UnitOfMeasurePrice><AllowDiscount>1</AllowDiscount><ItemStatus>1</ItemStatus><ItemPrice>12.90</ItemPrice></item><item><PriceUpdateDate>2015-11-18 13:58:29</PriceUpdateDate><ItemCode>7290000256511</ItemCode><ItemType>1</ItemType><ItemName>וופל שוקו נייר הכסף</ItemName><ManufacturerName>עדין</ManufacturerName><ManufactureCountry>ישראל</ManufactureCountry><ManufacturerItemDescription>וופל שוקו נייר הכסף</ManufacturerItemDescription><SoldByWeight/><Quantity>200.00</Quantity><UnitOfMeasure>גרם     </UnitOfMeasure><QtyInPackage>לא ידוע</QtyInPackage><UnitOfMeasurePrice>0.0200</UnitOfMeasurePrice><AllowDiscount>1</AllowDiscount><ItemStatus>1</ItemStatus><ItemPrice>4.00</ItemPrice></item><item><PriceUpdateDate>2016-05-31 07:02:14</PriceUpdateDate><ItemCode>7290000260839</ItemCode><ItemType>1</ItemType><ItemName>ספרינג 1.5 ליטר תפוז</ItemName><ManufacturerName>ספרינג</ManufacturerName><ManufactureCountry>ישראל</ManufactureCountry><ManufacturerItemDescription>ספרינג תפוזים 1.5 ל</ManufacturerItemDescription><SoldByWeight/><Quantity>1500.00</Quantity><UnitOfMeasure>מ"ל</UnitOfMeasure><QtyInPackage>לא ידוע</QtyInPackage><UnitOfMeasurePrice>0.0039</UnitOfMeasurePrice><AllowDiscount>1</AllowDiscount><ItemStatus>1</ItemStatus><ItemPrice>5.90</ItemPrice></item><item><PriceUpdateDate>2016-05-31 07:02:14</PriceUpdateDate><ItemCode>7290000260853</ItemCode><ItemType>1</ItemType><ItemName>ספרינג 1.5 ליטר טעם</ItemName><ManufacturerName>ספרינג</ManufacturerName><ManufactureCountry>ישראל</ManufactureCountry><ManufacturerItemDescription>ספרינג מנגו 1.5 ל</ManufacturerItemDescription><SoldByWeight/><Quantity>1500.00</Quantity><UnitOfMeasure>מ"ל</UnitOfMeasure><QtyInPackage>לא ידוע</QtyInPackage><UnitOfMeasurePrice>0.0039</UnitOfMeasurePrice><AllowDiscount>1</AllowDiscount><ItemStatus>1</ItemStatus><ItemPrice>5.90</ItemPrice></item><item><PriceUpdateDate>2016-05-31 07:02:14</PriceUpdateDate><ItemCode>7290000260860</ItemCode><ItemType>1</ItemType><ItemName>ספרינג 1.5 ליטר טעם</ItemName><ManufacturerName>ספרינג</ManufacturerName><ManufactureCountry>ישראל</ManufactureCountry><ManufacturerItemDescription>ספרינג אפרסק 1.5 ל</ManufacturerItemDescription><SoldByWeight/><Quantity>1500.00</Quantity><UnitOfMeasure>מ"ל</UnitOfMeasure><QtyInPackage>לא ידוע</QtyInPackage><UnitOfMeasurePrice>0.0039</UnitOfMeasurePrice><AllowDiscount>1</AllowDiscount><ItemStatus>1</ItemStatus><ItemPrice>5.90</ItemPrice></item><item><PriceUpdateDate>2016-05-31 07:02:14</PriceUpdateDate><ItemCode>7290000260969</ItemCode><ItemType>1</ItemType><ItemName>ספרינג 1.5 ליטר דיאט</ItemName><ManufacturerName>ספרינג</ManufacturerName><ManufactureCountry>ישראל</ManufactureCountry><ManufacturerItemDescription>ספרינג 1.5 ליטר דיאט</ManufacturerItemDescription><SoldByWeight/><Quantity>1500.00</Quantity><UnitOfMeasure>מ"ל</UnitOfMeasure><QtyInPackage>לא ידוע</QtyInPackage><UnitOfMeasurePrice>0.0039</UnitOfMeasurePrice><AllowDiscount>1</AllowDiscount><ItemStatus>1</ItemStatus><ItemPrice>5.90</ItemPrice></item><item><PriceUpdateDate>2016-08-10 08:23:03</PriceUpdateDate><ItemCode>7290000262031</ItemCode><ItemType>1</ItemType><ItemName>נייר טואלט מולט 32 ג</ItemName><ManufacturerName>מולט</ManufacturerName><ManufactureCountry>ישראל</ManufactureCountry><ManufacturerItemDescription>נ.ט.מולט לבבות 32 יחידות</ManufacturerItemDescription><SoldByWeight/><Quantity>0.00</Quantity><UnitOfMeasure>יח'</UnitOfMeasure><QtyInPackage>לא ידוע</QtyInPackage><UnitOfMeasurePrice>0.0000</UnitOfMeasurePrice><AllowDiscount>1</AllowDiscount><ItemStatus>1</ItemStatus><ItemPrice>32.00</ItemPrice></item><item><PriceUpdateDate>2016-08-02 07:34:51</PriceUpdateDate><ItemCode>7290000263250</ItemCode><ItemType>1</ItemType><ItemName>מב מגבונים לחים טיטו</ItemName><ManufacturerName>טיטולים פרמיום</ManufacturerName><ManufactureCountry>ישראל</ManufactureCountry><ManufacturerItemDescription>מב מגבונים לחים טיטו</ManufacturerItemDescription><SoldByWeight/><Quantity>4.00</Quantity><UnitOfMeasure>יח'</UnitOfMeasure><QtyInPackage>לא ידוע</QtyInPackage><UnitOfMeasurePrice>3.9750</UnitOfMeasurePrice><AllowDiscount>1</AllowDiscount><ItemStatus>1</ItemStatus><ItemPrice>15.90</ItemPrice></item><item><PriceUpdateDate>2015-11-18 13:58:29</PriceUpdateDate><ItemCode>7290000263359</ItemCode><ItemType>1</ItemType><ItemName>חיתולי האגיס ליטל בי</ItemName><ManufacturerName>האגיס</ManufacturerName><ManufactureCountry>ישראל</ManufactureCountry><ManufacturerItemDescription>ח.האגיס מידה 40 1 יחידות</ManufacturerItemDescription><SoldByWeight/><Quantity>40.00</Quantity><UnitOfMeasure>בודד</UnitOfMeasure><QtyInPackage>לא ידוע</QtyInPackage><UnitOfMeasurePrice>0.9925</UnitOfMeasurePrice><AllowDiscount>1</AllowDiscount><ItemStatus>1</ItemStatus><ItemPrice>39.70</ItemPrice></item><item><PriceUpdateDate>2016-05-31 07:02:14</PriceUpdateDate><ItemCode>7290000272696</ItemCode><ItemType>1</ItemType><ItemName>מיץ לימון טבעי עסיס</ItemName><ManufacturerName>עסיס</ManufacturerName><ManufactureCountry>ישראל</ManufactureCountry><ManufacturerItemDescription>מיץ לימון טבעי עסיס</ManufacturerItemDescription><SoldByWeight/><Quantity>1000.00</Quantity><UnitOfMeasure>מ"ל</UnitOfMeasure><QtyInPackage>לא ידוע</QtyInPackage><UnitOfMeasurePrice>0.0094</UnitOfMeasurePrice><AllowDiscount>1</AllowDiscount><ItemStatus>1</ItemStatus><ItemPrice>9.40</ItemPrice></item><item><PriceUpdateDate>2016-03-16 18:08:46</PriceUpdateDate><ItemCode>7290000272726</ItemCode><ItemType>1</ItemType><ItemName>חומץ עסיס 1 ליטר</ItemName><ManufacturerName>עסיס</ManufacturerName><ManufactureCountry>ישראל</ManufactureCountry><ManufacturerItemDescription>חומץ עסיס 1 ליטר</ManufacturerItemDescription><SoldByWeight/><Quantity>1000.00</Quantity><UnitOfMeasure>מ"ל</UnitOfMeasure><QtyInPackage>לא ידוע</QtyInPackage><UnitOfMeasurePrice>0.0069</UnitOfMeasurePrice><AllowDiscount>1</AllowDiscount><ItemStatus>1</ItemStatus><ItemPrice>6.90</ItemPrice></item><item><PriceUpdateDate>2016-08-03 11:58:27</PriceUpdateDate><ItemCode>7290000281252</ItemCode><ItemType>1</ItemType><ItemName>ס.פרלמנט ארוך בודד</ItemName><ManufacturerName>פארלמנט</ManufacturerName><ManufactureCountry>ישראל</ManufactureCountry><ManufacturerItemDescription>ס.פרלמנט ארוך בודד</ManufacturerItemDescription><SoldByWeight/><Quantity>0.00</Quantity><UnitOfMeasure>יח'</UnitOfMeasure><QtyInPackage>לא ידוע</QtyInPackage><UnitOfMeasurePrice>0.0000</UnitOfMeasurePrice><AllowDiscount>1</AllowDiscount><ItemStatus>1</ItemStatus><ItemPrice>36.90</ItemPrice></item><item><PriceUpdateDate>2016-08-03 11:58:27</PriceUpdateDate><ItemCode>7290000281492</ItemCode><ItemType>1</ItemType><ItemName>ס.פרלמנט קצר בודד</ItemName><ManufacturerName>פארלמנט</ManufacturerName><ManufactureCountry>ישראל</ManufactureCountry><ManufacturerItemDescription>ס.פרלמנט קצר בודד</ManufacturerItemDescription><SoldByWeight/><Quantity>0.00</Quantity><UnitOfMeasure>יח'</UnitOfMeasure><QtyInPackage>לא ידוע</QtyInPackage><UnitOfMeasurePrice>0.0000</UnitOfMeasurePrice><AllowDiscount>1</AllowDiscount><ItemStatus>1</ItemStatus><ItemPrice>36.90</ItemPrice></item><item><PriceUpdateDate>2016-08-03 11:58:27</PriceUpdateDate><ItemCode>7290000283352</ItemCode><ItemType>1</ItemType><ItemName>ס.מרלבורו רד קצר בוק</ItemName><ManufacturerName>מרלבורו</ManufacturerName><ManufactureCountry>ישראל</ManufactureCountry><ManufacturerItemDescription>ס.מרלבורו רד קצר בוק</ManufacturerItemDescription><SoldByWeight/><Quantity>0.00</Quantity><UnitOfMeasure>יח'</UnitOfMeasure><QtyInPackage>לא ידוע</QtyInPackage><UnitOfMeasurePrice>0.0000</UnitOfMeasurePrice><AllowDiscount>1</AllowDiscount><ItemStatus>1</ItemStatus><ItemPrice>33.90</ItemPrice></item><item><PriceUpdateDate>2015-10-01 06:16:53</PriceUpdateDate><ItemCode>7290000284316</ItemCode><ItemType>1</ItemType><ItemName>קוקה קולה 1.5 ליטר</ItemName><ManufacturerName>קוקה קולה</ManufacturerName><ManufactureCountry>ישראל</ManufactureCountry><ManufacturerItemDescription>קוקה קולה 1.5 ליטר</ManufacturerItemDescription><SoldByWeight/><Quantity>1500.00</Quantity><UnitOfMeasure>מ"ל</UnitOfMeasure><QtyInPackage>לא ידוע</QtyInPackage><UnitOfMeasurePrice>0.0043</UnitOfMeasurePrice><AllowDiscount>1</AllowDiscount><ItemStatus>1</ItemStatus><ItemPrice>6.40</ItemPrice></item><item><PriceUpdateDate>2016-08-10 08:23:04</PriceUpdateDate><ItemCode>7290000284347</ItemCode><ItemType>1</ItemType><ItemName>קינלי סודה 1.5 ליטר</ItemName><ManufacturerName>קינלי</ManufacturerName><ManufactureCountry>ישראל</ManufactureCountry><ManufacturerItemDescription>סודה קינלי 1.5 ליטר</ManufacturerItemDescription><SoldByWeight/><Quantity>1500.00</Quantity><UnitOfMeasure>מ"ל</UnitOfMeasure><QtyInPackage>לא ידוע</QtyInPackage><UnitOfMeasurePrice>0.0030</UnitOfMeasurePrice><AllowDiscount>1</AllowDiscount><ItemStatus>1</ItemStatus><ItemPrice>4.50</ItemPrice></item><item><PriceUpdateDate>2016-05-31 07:02:14</PriceUpdateDate><ItemCode>7290000284361</ItemCode><ItemType>1</ItemType><ItemName>קוקה קולה דיאט 1.5 ל</ItemName><ManufacturerName>דיאט קוקה קולה</ManufacturerName><ManufactureCountry>ישראל</ManufactureCountry><ManufacturerItemDescription>קולה דיאט 1.5 ל</ManufacturerItemDescription><SoldByWeight/><Quantity>1500.00</Quantity><UnitOfMeasure>מ"ל</UnitOfMeasure><QtyInPackage>לא ידוע</QtyInPackage><UnitOfMeasurePrice>0.0043</UnitOfMeasurePrice><AllowDiscount>1</AllowDiscount><ItemStatus>1</ItemStatus><ItemPrice>6.40</ItemPrice></item><item><PriceUpdateDate>2016-03-16 18:08:47</PriceUpdateDate><ItemCode>7290000284743</ItemCode><ItemType>1</ItemType><ItemName>קוקה קולה נטול קופאי</ItemName><ManufacturerName>דיאט קולה נטול קופאי</ManufacturerName><ManufactureCountry>ישראל</ManufactureCountry><ManufacturerItemDescription>קולה דיאט נטול קפאין 1.5</ManufacturerItemDescription><SoldByWeight/><Quantity>1500.00</Quantity><UnitOfMeasure>מ"ל</UnitOfMeasure><QtyInPackage>לא ידוע</QtyInPackage><UnitOfMeasurePrice>0.0046</UnitOfMeasurePrice><AllowDiscount>1</AllowDiscount><ItemStatus>1</ItemStatus><ItemPrice>6.90</ItemPrice></item><item><PriceUpdateDate>2016-08-03 11:58:27</PriceUpdateDate><ItemCode>7290000285272</ItemCode><ItemType>1</ItemType><ItemName>ס.אל אם בלו קצר בודד</ItemName><ManufacturerName>אל אם</ManufacturerName><ManufactureCountry>ישראל</ManufactureCountry><ManufacturerItemDescription>ס.אל אם בלו קצר בודד</ManufacturerItemDescription><SoldByWeight/><Quantity>0.00</Quantity><UnitOfMeasure>יח'</UnitOfMeasure><QtyInPackage>לא ידוע</QtyInPackage><UnitOfMeasurePrice>0.0000</UnitOfMeasurePrice><AllowDiscount>1</AllowDiscount><ItemStatus>1</ItemStatus><ItemPrice>30.50</ItemPrice></item><item><PriceUpdateDate>2016-08-03 11:58:27</PriceUpdateDate><ItemCode>7290000285452</ItemCode><ItemType>1</ItemType><ItemName>ס.אל אם רד קצר בודד</ItemName><ManufacturerName>אל אם</ManufacturerName><ManufactureCountry>ישראל</ManufactureCountry><ManufacturerItemDescription>ס.אל אם רד קצר בודד</ManufacturerItemDescription><SoldByWeight/><Quantity>0.00</Quantity><UnitOfMeasure>יח'</UnitOfMeasure><QtyInPackage>לא ידוע</QtyInPackage><UnitOfMeasurePrice>0.0000</UnitOfMeasurePrice><AllowDiscount>1</AllowDiscount><ItemStatus>1</ItemStatus><ItemPrice>30.50</ItemPrice></item><item><PriceUpdateDate>2016-08-10 08:23:04</PriceUpdateDate><ItemCode>7290000285849</ItemCode><ItemType>1</ItemType><ItemName>שוופס סודה 5. 1 ליטר</ItemName><ManufacturerName>שוופס</ManufacturerName><ManufactureCountry>ישראל</ManufactureCountry><ManufacturerItemDescription>סודה שוופס 1.5 ל</ManufacturerItemDescription><SoldByWeight/><Quantity>1500.00</Quantity><UnitOfMeasure>מ"ל</UnitOfMeasure><QtyInPackage>לא ידוע</QtyInPackage><UnitOfMeasurePrice>0.0033</UnitOfMeasurePrice><AllowDiscount>1</AllowDiscount><ItemStatus>1</ItemStatus><ItemPrice>4.90</ItemPrice></item><item><PriceUpdateDate>2014-11-10 06:30:12</PriceUpdateDate><ItemCode>7290000286525</ItemCode><ItemType>1</ItemType><ItemName>ספוג דו צדדי פירנה מ</ItemName><ManufacturerName>כיף</ManufacturerName><ManufactureCountry>ישראל</ManufactureCountry><ManufacturerItemDescription>ספוג דו צדדי פירנה מ</ManufacturerItemDescription><SoldByWeight/><Quantity>0.00</Quantity><UnitOfMeasure>יח'</UnitOfMeasure><QtyInPackage>לא ידוע</QtyInPackage><UnitOfMeasurePrice>0.0000</UnitOfMeasurePrice><AllowDiscount>1</AllowDiscount><ItemStatus>1</ItemStatus><ItemPrice>12.10</ItemPrice></item><item><PriceUpdateDate>2016-06-28 09:28:45</PriceUpdateDate><ItemCode>7290000286549</ItemCode><ItemType>1</ItemType><ItemName>מטלית לניקוי כללי 9</ItemName><ManufacturerName>סנו סושי</ManufacturerName><ManufactureCountry>ישראל</ManufactureCountry><ManufacturerItemDescription>מטלית סנו סושי לכל 9 יח</ManufacturerItemDescription><SoldByWeight/><Quantity>9.00</Quantity><UnitOfMeasure>בודד</UnitOfMeasure><QtyInPackage>לא ידוע</QtyInPackage><UnitOfMeasurePrice>1.4333</UnitOfMeasurePrice><AllowDiscount>1</AllowDiscount><ItemStatus>1</ItemStatus><ItemPrice>12.90</ItemPrice></item><item><PriceUpdateDate>2014-11-10 06:30:12</PriceUpdateDate><ItemCode>7290000286631</ItemCode><ItemType>1</ItemType><ItemName>סנו X אבקה למילוי לנ</ItemName><ManufacturerName>לא ידוע</ManufacturerName><ManufactureCountry>ישראל</ManufactureCountry><ManufacturerItemDescription>סנו X אבקה למילוי לנ</ManufacturerItemDescription><SoldByWeight/><Quantity>600.00</Quantity><UnitOfMeasure>גרם     </UnitOfMeasure><QtyInPackage>לא ידוע</QtyInPackage><UnitOfMeasurePrice>0.0135</UnitOfMeasurePrice><AllowDiscount>1</AllowDiscount><ItemStatus>1</ItemStatus><ItemPrice>8.10</ItemPrice></item><item><PriceUpdateDate>2016-05-01 08:13:16</PriceUpdateDate><ItemCode>7290000287409</ItemCode><ItemType>1</ItemType><ItemName>סנו סנובון שלישיות צ</ItemName><ManufacturerName>סנובון</ManufacturerName><ManufactureCountry>ישראל</ManufactureCountry><ManufacturerItemDescription>סנו סנובון שלישיות צ</ManufacturerItemDescription><SoldByWeight/><Quantity>14.00</Quantity><UnitOfMeasure>גרם     </UnitOfMeasure><QtyInPackage>לא ידוע</QtyInPackage><UnitOfMeasurePrice>1.1357</UnitOfMeasurePrice><AllowDiscount>1</AllowDiscount><ItemStatus>1</ItemStatus><ItemPrice>15.90</ItemPrice></item><item><PriceUpdateDate>2016-06-28 09:28:45</PriceUpdateDate><ItemCode>7290000287492</ItemCode><ItemType>1</ItemType><ItemName>סנו סנובון נוזלי 750</ItemName><ManufacturerName>סנובון</ManufacturerName><ManufactureCountry>ישראל</ManufactureCountry><ManufacturerItemDescription>סנובון נוזלי לימון 750 מל</ManufacturerItemDescription><SoldByWeight/><Quantity>750.00</Quantity><UnitOfMeasure>מ"ל</UnitOfMeasure><QtyInPackage>לא ידוע</QtyInPackage><UnitOfMeasurePrice>0.0199</UnitOfMeasurePrice><AllowDiscount>1</AllowDiscount><ItemStatus>1</ItemStatus><ItemPrice>14.90</ItemPrice></item><item><PriceUpdateDate>2016-06-28 09:28:46</PriceUpdateDate><ItemCode>7290000287621</ItemCode><ItemType>1</ItemType><ItemName>סנו אנטי קאלק מנקה א</ItemName><ManufacturerName>סנו</ManufacturerName><ManufactureCountry>ישראל</ManufactureCountry><ManufacturerItemDescription>מנקה אסלות אנטי קאלק 750</ManufacturerItemDescription><SoldByWeight/><Quantity>750.00</Quantity><UnitOfMeasure>מ"ל</UnitOfMeasure><QtyInPackage>לא ידוע</QtyInPackage><UnitOfMeasurePrice>0.0199</UnitOfMeasurePrice><AllowDiscount>1</AllowDiscount><ItemStatus>1</ItemStatus><ItemPrice>14.90</ItemPrice></item><item><PriceUpdateDate>2016-08-10 08:23:04</PriceUpdateDate><ItemCode>7290000288017</ItemCode><ItemType>1</ItemType><ItemName>סנו ז'אוול אקונומיקה</ItemName><ManufacturerName>ז'אוול</ManufacturerName><ManufactureCountry>ישראל</ManufactureCountry><ManufacturerItemDescription>אקונומיקה JAVEL ל.לימון</ManufacturerItemDescription><SoldByWeight/><Quantity>1000.00</Quantity><UnitOfMeasure>מ"ל</UnitOfMeasure><QtyInPackage>לא ידוע</QtyInPackage><UnitOfMeasurePrice>0.0094</UnitOfMeasurePrice><AllowDiscount>1</AllowDiscount><ItemStatus>1</ItemStatus><ItemPrice>9.40</ItemPrice></item><item><PriceUpdateDate>2016-05-31 06:54:59</PriceUpdateDate><ItemCode>7290000288024</ItemCode><ItemType>1</ItemType><ItemName>סנו ז'אוול אקונומיקה</ItemName><ManufacturerName>ז'אוול</ManufacturerName><ManufactureCountry>ישראל</ManufactureCountry><ManufacturerItemDescription>אקונומיקה JAVEL ל .לימון</ManufacturerItemDescription><SoldByWeight/><Quantity>4000.00</Quantity><UnitOfMeasure>מ"ל</UnitOfMeasure><QtyInPackage>לא ידוע</QtyInPackage><UnitOfMeasurePrice>0.0040</UnitOfMeasurePrice><AllowDiscount>0</AllowDiscount><ItemStatus>1</ItemStatus><ItemPrice>15.90</ItemPrice></item><item><PriceUpdateDate>2015-11-18 13:58:30</PriceUpdateDate><ItemCode>7290000288031</ItemCode><ItemType>1</ItemType><ItemName>סנו אקונומיקה תו תקן</ItemName><ManufacturerName>ז'אוול</ManufacturerName><ManufactureCountry>ישראל</ManufactureCountry><ManufacturerItemDescription>סנו אקונומיקה תו תקן</ManufacturerItemDescription><SoldByWeight/><Quantity>4000.00</Quantity><UnitOfMeasure>מ"ל</UnitOfMeasure><QtyInPackage>לא ידוע</QtyInPackage><UnitOfMeasurePrice>0.0034</UnitOfMeasurePrice><AllowDiscount>1</AllowDiscount><ItemStatus>1</ItemStatus><ItemPrice>13.40</ItemPrice></item><item><PriceUpdateDate>2016-06-30 06:41:29</PriceUpdateDate><ItemCode>7290000288079</ItemCode><ItemType>1</ItemType><ItemName>סנו ז'אוול אקונומיקה</ItemName><ManufacturerName>ז'אוול</ManufacturerName><ManufactureCountry>ישראל</ManufactureCountry><ManufacturerItemDescription>סנו ז'אוול אקונומיקה</ManufacturerItemDescription><SoldByWeight/><Quantity>2000.00</Quantity><UnitOfMeasure>מ"ל</UnitOfMeasure><QtyInPackage>לא ידוע</QtyInPackage><UnitOfMeasurePrice>0.0050</UnitOfMeasurePrice><AllowDiscount>1</AllowDiscount><ItemStatus>1</ItemStatus><ItemPrice>10.00</ItemPrice></item><item><PriceUpdateDate>2016-06-28 09:28:46</PriceUpdateDate><ItemCode>7290000288109</ItemCode><ItemType>1</ItemType><ItemName>אבקת כביסה מקסימה אפ</ItemName><ManufacturerName>סנו מקסימה</ManufacturerName><ManufactureCountry>ישראל</ManufactureCountry><ManufacturerItemDescription>אבק.כביסה קומפקט מקסימה</ManufacturerItemDescription><SoldByWeight/><Quantity>1250.00</Quantity><UnitOfMeasure>גרם     </UnitOfMeasure><QtyInPackage>לא ידוע</QtyInPackage><UnitOfMeasurePrice>0.0135</UnitOfMeasurePrice><AllowDiscount>1</AllowDiscount><ItemStatus>1</ItemStatus><ItemPrice>16.90</ItemPrice></item><item><PriceUpdateDate>2016-08-03 11:58:27</PriceUpdateDate><ItemCode>7290000288192</ItemCode><ItemType>1</ItemType><ItemName>ס.מרלבורו גולד ארוך</ItemName><ManufacturerName>מרלבורו</ManufacturerName><ManufactureCountry>ישראל</ManufactureCountry><ManufacturerItemDescription>ס.מרלבורו גולד ארוך</ManufacturerItemDescription><SoldByWeight/><Quantity>0.00</Quantity><UnitOfMeasure>יח'</UnitOfMeasure><QtyInPackage>לא ידוע</QtyInPackage><UnitOfMeasurePrice>0.0000</UnitOfMeasurePrice><AllowDiscount>1</AllowDiscount><ItemStatus>1</ItemStatus><ItemPrice>33.90</ItemPrice></item><item><PriceUpdateDate>2015-03-09 09:50:56</PriceUpdateDate><ItemCode>7290000288307</ItemCode><ItemType>1</ItemType><ItemName>מכשיר סנומט + טבליות</ItemName><ManufacturerName>סנו</ManufacturerName><ManufactureCountry>איטליה</ManufactureCountry><ManufacturerItemDescription>פתית תירס       ל"פ200גר</ManufacturerItemDescription><SoldByWeight/><Quantity>0.00</Quantity><UnitOfMeasure>יח'</UnitOfMeasure><QtyInPackage>לא ידוע</QtyInPackage><UnitOfMeasurePrice>0.0000</UnitOfMeasurePrice><AllowDiscount>1</AllowDiscount><ItemStatus>1</ItemStatus><ItemPrice>25.90</ItemPrice></item><item><PriceUpdateDate>2016-05-31 07:02:14</PriceUpdateDate><ItemCode>7290000288352</ItemCode><ItemType>1</ItemType><ItemName>סנו K300 קוטל חרקים</ItemName><ManufacturerName>K-300</ManufacturerName><ManufactureCountry>ישראל</ManufactureCountry><ManufacturerItemDescription>משמיד חרקים K300 סמק</ManufacturerItemDescription><SoldByWeight/><Quantity>630.00</Quantity><UnitOfMeasure>מ"ל</UnitOfMeasure><QtyInPackage>לא ידוע</QtyInPackage><UnitOfMeasurePrice>0.0330</UnitOfMeasurePrice><AllowDiscount>1</AllowDiscount><ItemStatus>1</ItemStatus><ItemPrice>20.80</ItemPrice></item><item><PriceUpdateDate>2016-03-29 07:14:34</PriceUpdateDate><ItemCode>7290000288383</ItemCode><ItemType>1</ItemType><ItemName>מב סנו ק 500 ספריי 6</ItemName><ManufacturerName>K-500</ManufacturerName><ManufactureCountry>ישראל</ManufactureCountry><ManufacturerItemDescription>משמיד זוחלים K500 מל</ManufacturerItemDescription><SoldByWeight/><Quantity>400.00</Quantity><UnitOfMeasure>מ"ל</UnitOfMeasure><QtyInPackage>לא ידוע</QtyInPackage><UnitOfMeasurePrice>0.0547</UnitOfMeasurePrice><AllowDiscount>1</AllowDiscount><ItemStatus>1</ItemStatus><ItemPrice>21.90</ItemPrice></item><item><PriceUpdateDate>2016-03-29 07:14:34</PriceUpdateDate><ItemCode>7290000288390</ItemCode><ItemType>1</ItemType><ItemName>מב סנו ק 600 יבש 630</ItemName><ManufacturerName>לא ידוע</ManufacturerName><ManufactureCountry>ישראל</ManufactureCountry><ManufacturerItemDescription>משמיד זבובים יתושים K600</ManufacturerItemDescription><SoldByWeight/><Quantity>500.00</Quantity><UnitOfMeasure>מ"ל</UnitOfMeasure><QtyInPackage>לא ידוע</QtyInPackage><UnitOfMeasurePrice>0.0438</UnitOfMeasurePrice><AllowDiscount>1</AllowDiscount><ItemStatus>1</ItemStatus><ItemPrice>21.90</ItemPrice></item><item><PriceUpdateDate>2016-06-28 09:28:46</PriceUpdateDate><ItemCode>7290000288642</ItemCode><ItemType>1</ItemType><ItemName>מרכך כביסה מקסימה ור</ItemName><ManufacturerName>סנו מקסימה</ManufacturerName><ManufactureCountry>ישראל</ManufactureCountry><ManufacturerItemDescription>מרכך כביסה מקסימה ור</ManufacturerItemDescription><SoldByWeight/><Quantity>4000.00</Quantity><UnitOfMeasure>מ"ל</UnitOfMeasure><QtyInPackage>לא ידוע</QtyInPackage><UnitOfMeasurePrice>0.0057</UnitOfMeasurePrice><AllowDiscount>1</AllowDiscount><ItemStatus>1</ItemStatus><ItemPrice>22.90</ItemPrice></item><item><PriceUpdateDate>2016-08-03 11:58:27</PriceUpdateDate><ItemCode>7290000288692</ItemCode><ItemType>1</ItemType><ItemName>ס.מרלבורו גולד קצר ב</ItemName><ManufacturerName>מרלבורו</ManufacturerName><ManufactureCountry>ישראל</ManufactureCountry><ManufacturerItemDescription>ס.מרלבורו גולד קצר ב</ManufacturerItemDescription><SoldByWeight/><Quantity>0.00</Quantity><UnitOfMeasure>יח'</UnitOfMeasure><QtyInPackage>לא ידוע</QtyInPackage><UnitOfMeasurePrice>0.0000</UnitOfMeasurePrice><AllowDiscount>1</AllowDiscount><ItemStatus>1</ItemStatus><ItemPrice>33.90</ItemPrice></item><item><PriceUpdateDate>2016-06-28 09:28:46</PriceUpdateDate><ItemCode>7290000288727</ItemCode><ItemType>1</ItemType><ItemName>אבקת כביסה מקסימה מא</ItemName><ManufacturerName>סנו מקסימה</ManufacturerName><ManufactureCountry>ישראל</ManufactureCountry><ManufacturerItemDescription>אבקת כביסה מקסימה מא</ManufacturerItemDescription><SoldByWeight/><Quantity>1250.00</Quantity><UnitOfMeasure>גרם     </UnitOfMeasure><QtyInPackage>לא ידוע</QtyInPackage><UnitOfMeasurePrice>0.0135</UnitOfMeasurePrice><AllowDiscount>1</AllowDiscount><ItemStatus>1</ItemStatus><ItemPrice>16.90</ItemPrice></item><item><PriceUpdateDate>2016-06-28 09:28:46</PriceUpdateDate><ItemCode>7290000289748</ItemCode><ItemType>1</ItemType><ItemName>מסיר שומנים פורטה פל</ItemName><ManufacturerName>סנו</ManufacturerName><ManufactureCountry>ישראל</ManufactureCountry><ManufacturerItemDescription>מסיר שומנים פורטה פלוס750</ManufacturerItemDescription><SoldByWeight/><Quantity>750.00</Quantity><UnitOfMeasure>מ"ל</UnitOfMeasure><QtyInPackage>לא ידוע</QtyInPackage><UnitOfMeasurePrice>0.0265</UnitOfMeasurePrice><AllowDiscount>1</AllowDiscount><ItemStatus>1</ItemStatus><ItemPrice>19.90</ItemPrice></item><item><PriceUpdateDate>2016-06-30 06:40:55</PriceUpdateDate><ItemCode>7290000289885</ItemCode><ItemType>1</ItemType><ItemName>סנו פרש יבש 375 מ''ל</ItemName><ManufacturerName>סנו פרש</ManufacturerName><ManufactureCountry>ישראל</ManufactureCountry><ManufacturerItemDescription>מ.אויר סנופרש ענק אושנברי</ManufacturerItemDescription><SoldByWeight/><Quantity>375.00</Quantity><UnitOfMeasure>מ"ל</UnitOfMeasure><QtyInPackage>לא ידוע</QtyInPackage><UnitOfMeasurePrice>0.0384</UnitOfMeasurePrice><AllowDiscount>1</AllowDiscount><ItemStatus>1</ItemStatus><ItemPrice>14.40</ItemPrice></item><item><PriceUpdateDate>2016-06-30 06:40:55</PriceUpdateDate><ItemCode>7290000289915</ItemCode><ItemType>1</ItemType><ItemName>סנו פרש יבש 375 מ''ל</ItemName><ManufacturerName>סנו פרש</ManufacturerName><ManufactureCountry>ישראל</ManufactureCountry><ManufacturerItemDescription>סנו פרש יבש 375 מ''ל</ManufacturerItemDescription><SoldByWeight/><Quantity>300.00</Quantity><UnitOfMeasure>מ"ל</UnitOfMeasure><QtyInPackage>לא ידוע</QtyInPackage><UnitOfMeasurePrice>0.0480</UnitOfMeasurePrice><AllowDiscount>1</AllowDiscount><ItemStatus>1</ItemStatus><ItemPrice>14.40</ItemPrice></item><item><PriceUpdateDate>2015-03-09 09:50:57</PriceUpdateDate><ItemCode>7290000292540</ItemCode><ItemType>1</ItemType><ItemName>סנומט נוזלי 45 יום+מ</ItemName><ManufacturerName>סנומט</ManufacturerName><ManufactureCountry>ישראל</ManufactureCountry><ManufacturerItemDescription>סנומט נוזלי 45 יום+מ</ManufacturerItemDescription><SoldByWeight/><Quantity>1.00</Quantity><UnitOfMeasure>יח'</UnitOfMeasure><QtyInPackage>לא ידוע</QtyInPackage><UnitOfMeasurePrice>39.9000</UnitOfMeasurePrice><AllowDiscount>1</AllowDiscount><ItemStatus>1</ItemStatus><ItemPrice>39.90</ItemPrice></item><item><PriceUpdateDate>2016-06-30 06:41:29</PriceUpdateDate><ItemCode>7290000292687</ItemCode><ItemType>1</ItemType><ItemName>סנובון שלישיה כחול 5</ItemName><ManufacturerName>סנובון</ManufacturerName><ManufactureCountry>ישראל</ManufactureCountry><ManufacturerItemDescription>סנובון לאסלה כחול</ManufacturerItemDescription><SoldByWeight/><Quantity>55.00</Quantity><UnitOfMeasure>גרם     </UnitOfMeasure><QtyInPackage>לא ידוע</QtyInPackage><UnitOfMeasurePrice>0.3000</UnitOfMeasurePrice><AllowDiscount>1</AllowDiscount><ItemStatus>1</ItemStatus><ItemPrice>16.50</ItemPrice></item><item><PriceUpdateDate>2014-11-10 06:30:13</PriceUpdateDate><ItemCode>7290000292939</ItemCode><ItemType>1</ItemType><ItemName>סנו אקוה בלו 100 גרם</ItemName><ManufacturerName>לא ידוע</ManufacturerName><ManufactureCountry>ישראל</ManufactureCountry><ManufacturerItemDescription>סנו אקוה בלו 100 גרם</ManufacturerItemDescription><SoldByWeight/><Quantity>100.00</Quantity><UnitOfMeasure>גרם     </UnitOfMeasure><QtyInPackage>לא ידוע</QtyInPackage><UnitOfMeasurePrice>0.1260</UnitOfMeasurePrice><AllowDiscount>1</AllowDiscount><ItemStatus>1</ItemStatus><ItemPrice>12.60</ItemPrice></item><item><PriceUpdateDate>2016-05-31 06:55:00</PriceUpdateDate><ItemCode>7290000294773</ItemCode><ItemType>1</ItemType><ItemName>סנו ז'אוול אקונומיקה</ItemName><ManufacturerName>ז'אוול</ManufacturerName><ManufactureCountry>ישראל</ManufactureCountry><ManufacturerItemDescription>אקונומיקה JAVEL ל לבנדר</ManufacturerItemDescription><SoldByWeight/><Quantity>4000.00</Quantity><UnitOfMeasure>מ"ל</UnitOfMeasure><QtyInPackage>לא ידוע</QtyInPackage><UnitOfMeasurePrice>0.0040</UnitOfMeasurePrice><AllowDiscount>0</AllowDiscount><ItemStatus>1</ItemStatus><ItemPrice>15.90</ItemPrice></item><item><PriceUpdateDate>2016-05-31 06:55:00</PriceUpdateDate><ItemCode>7290000294780</ItemCode><ItemType>1</ItemType><ItemName>סנו ז'אוול אקונומיקה</ItemName><ManufacturerName>ז'אוול</ManufacturerName><ManufactureCountry>ישראל</ManufactureCountry><ManufacturerItemDescription>אקונומיקה JAVEL ל .סמיכה</ManufacturerItemDescription><SoldByWeight/><Quantity>4000.00</Quantity><UnitOfMeasure>מ"ל</UnitOfMeasure><QtyInPackage>לא ידוע</QtyInPackage><UnitOfMeasurePrice>0.0040</UnitOfMeasurePrice><AllowDiscount>0</AllowDiscount><ItemStatus>1</ItemStatus><ItemPrice>15.90</ItemPrice></item><item><PriceUpdateDate>2016-06-28 09:28:46</PriceUpdateDate><ItemCode>7290000295299</ItemCode><ItemType>1</ItemType><ItemName>כריות יפניות סנו סוש</ItemName><ManufacturerName>סנו סושי</ManufacturerName><ManufactureCountry>ישראל</ManufactureCountry><ManufacturerItemDescription>כרית הפלא סנו סושי</ManufacturerItemDescription><SoldByWeight/><Quantity>0.00</Quantity><UnitOfMeasure>יח'</UnitOfMeasure><QtyInPackage>לא ידוע</QtyInPackage><UnitOfMeasurePrice>0.0000</UnitOfMeasurePrice><AllowDiscount>1</AllowDiscount><ItemStatus>1</ItemStatus><ItemPrice>12.90</ItemPrice></item><item><PriceUpdateDate>2016-06-28 09:28:46</PriceUpdateDate><ItemCode>7290000295336</ItemCode><ItemType>1</ItemType><ItemName>אבקת כביסה מקסימה סנ</ItemName><ManufacturerName>סנו מקסימה</ManufacturerName><ManufactureCountry>ישראל</ManufactureCountry><ManufacturerItemDescription>אבקת כביסה מקסימה סנ</ManufacturerItemDescription><SoldByWeight/><Quantity>1250.00</Quantity><UnitOfMeasure>גרם     </UnitOfMeasure><QtyInPackage>לא ידוע</QtyInPackage><UnitOfMeasurePrice>0.0135</UnitOfMeasurePrice><AllowDiscount>1</AllowDiscount><ItemStatus>1</ItemStatus><ItemPrice>16.90</ItemPrice></item><item><PriceUpdateDate>2016-06-28 09:28:46</PriceUpdateDate><ItemCode>7290000295343</ItemCode><ItemType>1</ItemType><ItemName>אבקת כביסה מקסימה בי</ItemName><ManufacturerName>סנו מקסימה</ManufacturerName><ManufactureCountry>ישראל</ManufactureCountry><ManufacturerItemDescription>אבקת כביסה מקסימה בי</ManufacturerItemDescription><SoldByWeight/><Quantity>1250.00</Quantity><UnitOfMeasure>גרם     </UnitOfMeasure><QtyInPackage>לא ידוע</QtyInPackage><UnitOfMeasurePrice>0.0135</UnitOfMeasurePrice><AllowDiscount>1</AllowDiscount><ItemStatus>1</ItemStatus><ItemPrice>16.90</ItemPrice></item><item><PriceUpdateDate>2016-08-10 08:23:04</PriceUpdateDate><ItemCode>7290000295367</ItemCode><ItemType>1</ItemType><ItemName>אבקת כביסה מקסימה אפ</ItemName><ManufacturerName>סנו מקסימה</ManufacturerName><ManufactureCountry>ישראל</ManufactureCountry><ManufacturerItemDescription>אבקת כביסה מקסימה אפ</ManufacturerItemDescription><SoldByWeight/><Quantity>2500.00</Quantity><UnitOfMeasure>גרם     </UnitOfMeasure><QtyInPackage>לא ידוע</QtyInPackage><UnitOfMeasurePrice>0.0120</UnitOfMeasurePrice><AllowDiscount>0</AllowDiscount><ItemStatus>1</ItemStatus><ItemPrice>29.90</ItemPrice></item><item><PriceUpdateDate>2016-08-10 08:23:04</PriceUpdateDate><ItemCode>7290000295503</ItemCode><ItemType>1</ItemType><ItemName>שקיות אוכל נשלפות זו</ItemName><ManufacturerName>סנו סושי</ManufacturerName><ManufactureCountry>ישראל</ManufactureCountry><ManufacturerItemDescription>שקיות אוכל נשלפות זו</ManufacturerItemDescription><SoldByWeight/><Quantity>0.00</Quantity><UnitOfMeasure>יח'</UnitOfMeasure><QtyInPackage>לא ידוע</QtyInPackage><UnitOfMeasurePrice>0.0000</UnitOfMeasurePrice><AllowDiscount>1</AllowDiscount><ItemStatus>1</ItemStatus><ItemPrice>15.90</ItemPrice></item><item><PriceUpdateDate>2016-05-31 07:02:14</PriceUpdateDate><ItemCode>7290000295558</ItemCode><ItemType>1</ItemType><ItemName>רדיד אלמניום סנו סוש</ItemName><ManufacturerName>סנו סושי</ManufacturerName><ManufactureCountry>ישראל</ManufactureCountry><ManufacturerItemDescription>רדיד אלמניום סנו סוש</ManufacturerItemDescription><SoldByWeight/><Quantity>1.00</Quantity><UnitOfMeasure>יח'</UnitOfMeasure><QtyInPackage>לא ידוע</QtyInPackage><UnitOfMeasurePrice>10.4000</UnitOfMeasurePrice><AllowDiscount>1</AllowDiscount><ItemStatus>1</ItemStatus><ItemPrice>10.40</ItemPrice></item><item><PriceUpdateDate>2016-06-30 06:40:56</PriceUpdateDate><ItemCode>7290000295572</ItemCode><ItemType>1</ItemType><ItemName>סנו 00 לניקוי אסלות</ItemName><ManufacturerName>סנו 00</ManufacturerName><ManufactureCountry>ישראל</ManufactureCountry><ManufacturerItemDescription>מנקה אסלות 750 00 סמק זוג</ManufacturerItemDescription><SoldByWeight/><Quantity>750.00</Quantity><UnitOfMeasure>מ"ל</UnitOfMeasure><QtyInPackage>לא ידוע</QtyInPackage><UnitOfMeasurePrice>0.0265</UnitOfMeasurePrice><AllowDiscount>1</AllowDiscount><ItemStatus>1</ItemStatus><ItemPrice>19.90</ItemPrice></item><item><PriceUpdateDate>2016-06-30 06:40:56</PriceUpdateDate><ItemCode>7290000300139</ItemCode><ItemType>1</ItemType><ItemName>המבורגר טבעול 750 גר</ItemName><ManufacturerName>טבעול</ManufacturerName><ManufactureCountry>ישראל</ManufactureCountry><ManufacturerItemDescription>המבורגר צמחי 750 ג</ManufacturerItemDescription><SoldByWeight/><Quantity>750.00</Quantity><UnitOfMeasure>גרם     </UnitOfMeasure><QtyInPackage>לא ידוע</QtyInPackage><UnitOfMeasurePrice>0.0548</UnitOfMeasurePrice><AllowDiscount>1</AllowDiscount><ItemStatus>1</ItemStatus><ItemPrice>41.10</ItemPrice></item><item><PriceUpdateDate>2016-03-29 07:04:00</PriceUpdateDate><ItemCode>7290000300900</ItemCode><ItemType>1</ItemType><ItemName>שניצל תירס 750 גרם</ItemName><ManufacturerName>טבעול</ManufacturerName><ManufactureCountry>ישראל</ManufactureCountry><ManufacturerItemDescription>שניצל תירס 750 גרם טבעול</ManufacturerItemDescription><SoldByWeight/><Quantity>750.00</Quantity><UnitOfMeasure>גרם     </UnitOfMeasure><QtyInPackage>לא ידוע</QtyInPackage><UnitOfMeasurePrice>0.0372</UnitOfMeasurePrice><AllowDiscount>1</AllowDiscount><ItemStatus>1</ItemStatus><ItemPrice>27.90</ItemPrice></item><item><PriceUpdateDate>2016-02-08 10:37:32</PriceUpdateDate><ItemCode>7290000300924</ItemCode><ItemType>1</ItemType><ItemName>שניצל תרד 750 גרם</ItemName><ManufacturerName>טבעול</ManufacturerName><ManufactureCountry>ישראל</ManufactureCountry><ManufacturerItemDescription>שניצל תרד 750 ג</ManufacturerItemDescription><SoldByWeight/><Quantity>750.00</Quantity><UnitOfMeasure>גרם     </UnitOfMeasure><QtyInPackage>לא ידוע</QtyInPackage><UnitOfMeasurePrice>0.0465</UnitOfMeasurePrice><AllowDiscount>1</AllowDiscount><ItemStatus>1</ItemStatus><ItemPrice>34.90</ItemPrice></item><item><PriceUpdateDate>2016-08-03 11:58:32</PriceUpdateDate><ItemCode>7290000302881</ItemCode><ItemType>1</ItemType><ItemName>ס.גולף גולד ארוך פאק</ItemName><ManufacturerName>גולף</ManufacturerName><ManufactureCountry>ישראל</ManufactureCountry><ManufacturerItemDescription>סיגריות גולף גולד בוקס10</ManufacturerItemDescription><SoldByWeight/><Quantity>0.00</Quantity><UnitOfMeasure>יח'</UnitOfMeasure><QtyInPackage>לא ידוע</QtyInPackage><UnitOfMeasurePrice>0.0000</UnitOfMeasurePrice><AllowDiscount>1</AllowDiscount><ItemStatus>1</ItemStatus><ItemPrice>290.00</ItemPrice></item><item><PriceUpdateDate>2014-12-30 12:07:13</PriceUpdateDate><ItemCode>7290000303581</ItemCode><ItemType>1</ItemType><ItemName>פול מצרי 340 גרם A2</ItemName><ManufacturerName>פרי הגליל</ManufacturerName><ManufactureCountry>ישראל</ManufactureCountry><ManufacturerItemDescription>פול מצרי 340 גרם A2</ManufacturerItemDescription><SoldByWeight/><Quantity>340.00</Quantity><UnitOfMeasure>גרם     </UnitOfMeasure><QtyInPackage>לא ידוע</QtyInPackage><UnitOfMeasurePrice>0.0156</UnitOfMeasurePrice><AllowDiscount>1</AllowDiscount><ItemStatus>1</ItemStatus><ItemPrice>5.30</ItemPrice></item><item><PriceUpdateDate>2015-10-22 10:37:10</PriceUpdateDate><ItemCode>7290000303598</ItemCode><ItemType>1</ItemType><ItemName>שעועית במיץ עגבניות</ItemName><ManufacturerName>לא ידוע</ManufacturerName><ManufactureCountry>ישראל</ManufactureCountry><ManufacturerItemDescription>שעועית לבנה אפויה ברוטב 5</ManufacturerItemDescription><SoldByWeight/><Quantity>355.00</Quantity><UnitOfMeasure>גרם     </UnitOfMeasure><QtyInPackage>לא ידוע</QtyInPackage><UnitOfMeasurePrice>0.0231</UnitOfMeasurePrice><AllowDiscount>1</AllowDiscount><ItemStatus>1</ItemStatus><ItemPrice>8.20</ItemPrice></item><item><PriceUpdateDate>2016-08-02 07:38:56</PriceUpdateDate><ItemCode>7290000303604</ItemCode><ItemType>1</ItemType><ItemName>מב חומוס גרגירים 340</ItemName><ManufacturerName>פרי הגליל</ManufacturerName><ManufactureCountry>ישראל</ManufactureCountry><ManufacturerItemDescription>חומוס גרגרים שלם</ManufacturerItemDescription><SoldByWeight/><Quantity>340.00</Quantity><UnitOfMeasure>גרם     </UnitOfMeasure><QtyInPackage>לא ידוע</QtyInPackage><UnitOfMeasurePrice>0.0174</UnitOfMeasurePrice><AllowDiscount>1</AllowDiscount><ItemStatus>1</ItemStatus><ItemPrice>5.90</ItemPrice></item><item><PriceUpdateDate>2014-11-10 06:30:29</PriceUpdateDate><ItemCode>7290000305769</ItemCode><ItemType>1</ItemType><ItemName>פילה מקרל בשמן 120 ג</ItemName><ManufacturerName>יונה</ManufacturerName><ManufactureCountry>ישראל</ManufactureCountry><ManufacturerItemDescription>פילה מקרל בשמן 120 ג</ManufacturerItemDescription><SoldByWeight/><Quantity>120.00</Quantity><UnitOfMeasure>גרם     </UnitOfMeasure><QtyInPackage>לא ידוע</QtyInPackage><UnitOfMeasurePrice>0.0742</UnitOfMeasurePrice><AllowDiscount>1</AllowDiscount><ItemStatus>1</ItemStatus><ItemPrice>8.90</ItemPrice></item><item><PriceUpdateDate>2016-08-02 07:38:56</PriceUpdateDate><ItemCode>7290000307015</ItemCode><ItemType>1</ItemType><ItemName>מב אפונה גדולה 560 ג</ItemName><ManufacturerName>פרי הגליל</ManufacturerName><ManufactureCountry>ישראל</ManufactureCountry><ManufacturerItemDescription>אפונה בינונית 550 גרם</ManufacturerItemDescription><SoldByWeight/><Quantity>335.00</Quantity><UnitOfMeasure>גרם     </UnitOfMeasure><QtyInPackage>לא ידוע</QtyInPackage><UnitOfMeasurePrice>0.0176</UnitOfMeasurePrice><AllowDiscount>1</AllowDiscount><ItemStatus>1</ItemStatus><ItemPrice>5.90</ItemPrice></item><item><PriceUpdateDate>2015-10-22 10:37:11</PriceUpdateDate><ItemCode>7290000307046</ItemCode><ItemType>1</ItemType><ItemName>אפונה וגזר 600 גרם</ItemName><ManufacturerName>לא ידוע</ManufacturerName><ManufactureCountry>ישראל</ManufactureCountry><ManufacturerItemDescription>אפונה וגזר550 גר</ManufacturerItemDescription><SoldByWeight/><Quantity>330.00</Quantity><UnitOfMeasure>גרם     </UnitOfMeasure><QtyInPackage>לא ידוע</QtyInPackage><UnitOfMeasurePrice>0.0221</UnitOfMeasurePrice><AllowDiscount>1</AllowDiscount><ItemStatus>1</ItemStatus><ItemPrice>7.30</ItemPrice></item><item><PriceUpdateDate>2016-08-02 07:38:56</PriceUpdateDate><ItemCode>7290000307237</ItemCode><ItemType>1</ItemType><ItemName>מב תירס גרעינים פרי</ItemName><ManufacturerName>לא ידוע</ManufacturerName><ManufactureCountry>ישראל</ManufactureCountry><ManufacturerItemDescription>תירס גרעינים 550 גר.פריגל</ManufacturerItemDescription><SoldByWeight/><Quantity>335.00</Quantity><UnitOfMeasure>גרם     </UnitOfMeasure><QtyInPackage>לא ידוע</QtyInPackage><UnitOfMeasurePrice>0.0176</UnitOfMeasurePrice><AllowDiscount>1</AllowDiscount><ItemStatus>1</ItemStatus><ItemPrice>5.90</ItemPrice></item><item><PriceUpdateDate>2015-11-18 13:58:32</PriceUpdateDate><ItemCode>7290000307336</ItemCode><ItemType>1</ItemType><ItemName>שעועית צהובה A3 540</ItemName><ManufacturerName>פרי הגליל</ManufacturerName><ManufactureCountry>ישראל</ManufactureCountry><ManufacturerItemDescription>שעועית צהובה</ManufacturerItemDescription><SoldByWeight/><Quantity>320.00</Quantity><UnitOfMeasure>גרם     </UnitOfMeasure><QtyInPackage>לא ידוע</QtyInPackage><UnitOfMeasurePrice>0.0225</UnitOfMeasurePrice><AllowDiscount>1</AllowDiscount><ItemStatus>1</ItemStatus><ItemPrice>7.20</ItemPrice></item><item><PriceUpdateDate>2015-11-18 13:58:32</PriceUpdateDate><ItemCode>7290000307343</ItemCode><ItemType>1</ItemType><ItemName>שעועית ירוקה A2 540</ItemName><ManufacturerName>פרי הגליל</ManufacturerName><ManufactureCountry>ישראל</ManufactureCountry><ManufacturerItemDescription>שעועית ירוקה A2 540</ManufacturerItemDescription><SoldByWeight/><Quantity>320.00</Quantity><UnitOfMeasure>גרם     </UnitOfMeasure><QtyInPackage>לא ידוע</QtyInPackage><UnitOfMeasurePrice>0.0225</UnitOfMeasurePrice><AllowDiscount>1</AllowDiscount><ItemStatus>1</ItemStatus><ItemPrice>7.20</ItemPrice></item><item><PriceUpdateDate>2016-08-10 08:23:04</PriceUpdateDate><ItemCode>7290000313160</ItemCode><ItemType>1</ItemType><ItemName>עוגיות זהבה שוקו 250</ItemName><ManufacturerName>אסם</ManufacturerName><ManufactureCountry>ישראל</ManufactureCountry><ManufacturerItemDescription>ביסקוויט זהבה ושלשת הדובי</ManufacturerItemDescription><SoldByWeight/><Quantity>250.00</Quantity><UnitOfMeasure>גרם     </UnitOfMeasure><QtyInPackage>לא ידוע</QtyInPackage><UnitOfMeasurePrice>0.0376</UnitOfMeasurePrice><AllowDiscount>1</AllowDiscount><ItemStatus>1</ItemStatus><ItemPrice>9.40</ItemPrice></item><item><PriceUpdateDate>2016-05-31 07:02:15</PriceUpdateDate><ItemCode>7290000316833</ItemCode><ItemType>1</ItemType><ItemName>נשנושי ברנפלקס 375 ג</ItemName><ManufacturerName>ברנפלקס - תלמה</ManufacturerName><ManufactureCountry>ישראל</ManufactureCountry><ManufacturerItemDescription>ברנפלקס נשנושים 375 גרם</ManufacturerItemDescription><SoldByWeight/><Quantity>375.00</Quantity><UnitOfMeasure>גרם     </UnitOfMeasure><QtyInPackage>לא ידוע</QtyInPackage><UnitOfMeasurePrice>0.0531</UnitOfMeasurePrice><AllowDiscount>1</AllowDiscount><ItemStatus>1</ItemStatus><ItemPrice>19.90</ItemPrice></item><item><PriceUpdateDate>2016-08-02 07:38:57</PriceUpdateDate><ItemCode>7290000318806</ItemCode><ItemType>3</ItemType><ItemName>מב סלמי סרוולד במשקל</ItemName><ManufacturerName>יחיעם</ManufacturerName><ManufactureCountry>ישראל</ManufactureCountry><ManufacturerItemDescription>מב סלמי סרוולד במשקל</ManufacturerItemDescription><SoldByWeight/><Quantity>1.00</Quantity><UnitOfMeasure>ק"ג</UnitOfMeasure><QtyInPackage>לא ידוע</QtyInPackage><UnitOfMeasurePrice>129.0000</UnitOfMeasurePrice><AllowDiscount>1</AllowDiscount><ItemStatus>1</ItemStatus><ItemPrice>129.00</ItemPrice></item><item><PriceUpdateDate>2016-03-01 06:17:11</PriceUpdateDate><ItemCode>7290000327372</ItemCode><ItemType>1</ItemType><ItemName>משקה ג'אמפ דיאט אשכו</ItemName><ManufacturerName>גאמפ</ManufacturerName><ManufactureCountry>ישראל</ManufactureCountry><ManufacturerItemDescription>משקה ג'אמפ דיאט אשכו</ManufacturerItemDescription><SoldByWeight/><Quantity>1500.00</Quantity><UnitOfMeasure>מ"ל</UnitOfMeasure><QtyInPackage>לא ידוע</QtyInPackage><UnitOfMeasurePrice>0.0046</UnitOfMeasurePrice><AllowDiscount>1</AllowDiscount><ItemStatus>1</ItemStatus><ItemPrice>6.90</ItemPrice></item><item><PriceUpdateDate>2016-03-01 06:17:11</PriceUpdateDate><ItemCode>7290000327440</ItemCode><ItemType>1</ItemType><ItemName>משקה ג'אמפ מנגו 1.5</ItemName><ManufacturerName>גאמפ</ManufacturerName><ManufactureCountry>ישראל</ManufactureCountry><ManufacturerItemDescription>משקה ג'אמפ מנגו 1.5</ManufacturerItemDescription><SoldByWeight/><Quantity>1500.00</Quantity><UnitOfMeasure>מ"ל</UnitOfMeasure><QtyInPackage>לא ידוע</QtyInPackage><UnitOfMeasurePrice>0.0046</UnitOfMeasurePrice><AllowDiscount>1</AllowDiscount><ItemStatus>1</ItemStatus><ItemPrice>6.90</ItemPrice></item><item><PriceUpdateDate>2016-08-02 07:38:58</PriceUpdateDate><ItemCode>7290000327624</ItemCode><ItemType>1</ItemType><ItemName>מב סודה טמפו 1.5 ליט</ItemName><ManufacturerName>טמפו</ManufacturerName><ManufactureCountry>ישראל</ManufactureCountry><ManufacturerItemDescription>סודה 1.5 ל</ManufacturerItemDescription><SoldByWeight/><Quantity>1500.00</Quantity><UnitOfMeasure>מ"ל</UnitOfMeasure><QtyInPackage>לא ידוע</QtyInPackage><UnitOfMeasurePrice>0.0019</UnitOfMeasurePrice><AllowDiscount>1</AllowDiscount><ItemStatus>1</ItemStatus><ItemPrice>2.90</ItemPrice></item><item><PriceUpdateDate>2016-08-10 08:23:04</PriceUpdateDate><ItemCode>7290000327693</ItemCode><ItemType>1</ItemType><ItemName>סודה בטעם פירות יער</ItemName><ManufacturerName>טמפו</ManufacturerName><ManufactureCountry>ישראל</ManufactureCountry><ManufacturerItemDescription>סודה בטעם פירות יער 1.5 ל</ManufacturerItemDescription><SoldByWeight/><Quantity>1500.00</Quantity><UnitOfMeasure>מ"ל</UnitOfMeasure><QtyInPackage>לא ידוע</QtyInPackage><UnitOfMeasurePrice>0.0035</UnitOfMeasurePrice><AllowDiscount>1</AllowDiscount><ItemStatus>1</ItemStatus><ItemPrice>5.20</ItemPrice></item><item><PriceUpdateDate>2016-08-10 08:23:04</PriceUpdateDate><ItemCode>7290000327716</ItemCode><ItemType>1</ItemType><ItemName>סודה בטעם אננס 1.5 ל</ItemName><ManufacturerName>טמפו</ManufacturerName><ManufactureCountry>ישראל</ManufactureCountry><ManufacturerItemDescription>סודה בטעם אננס 1.5 ליטר</ManufacturerItemDescription><SoldByWeight/><Quantity>1500.00</Quantity><UnitOfMeasure>מ"ל</UnitOfMeasure><QtyInPackage>לא ידוע</QtyInPackage><UnitOfMeasurePrice>0.0035</UnitOfMeasurePrice><AllowDiscount>1</AllowDiscount><ItemStatus>1</ItemStatus><ItemPrice>5.20</ItemPrice></item><item><PriceUpdateDate>2016-08-10 08:23:04</PriceUpdateDate><ItemCode>7290000327778</ItemCode><ItemType>1</ItemType><ItemName>סודה בטעם אבטיח 1.5</ItemName><ManufacturerName>טמפו</ManufacturerName><ManufactureCountry>ישראל</ManufactureCountry><ManufacturerItemDescription>סודה בטעם אבטיח 1.5 ליטר</ManufacturerItemDescription><SoldByWeight/><Quantity>1500.00</Quantity><UnitOfMeasure>מ"ל</UnitOfMeasure><QtyInPackage>לא ידוע</QtyInPackage><UnitOfMeasurePrice>0.0035</UnitOfMeasurePrice><AllowDiscount>1</AllowDiscount><ItemStatus>1</ItemStatus><ItemPrice>5.20</ItemPrice></item><item><PriceUpdateDate>2016-05-31 06:55:03</PriceUpdateDate><ItemCode>7290000334165</ItemCode><ItemType>1</ItemType><ItemName>תפוגן מובחר 700 גרם</ItemName><ManufacturerName>תפוגן</ManufacturerName><ManufactureCountry>ישראל</ManufactureCountry><ManufacturerItemDescription>תפוגן מובחר 700 גרם</ManufacturerItemDescription><SoldByWeight/><Quantity>700.00</Quantity><UnitOfMeasure>גרם     </UnitOfMeasure><QtyInPackage>לא ידוע</QtyInPackage><UnitOfMeasurePrice>0.0199</UnitOfMeasurePrice><AllowDiscount>0</AllowDiscount><ItemStatus>1</ItemStatus><ItemPrice>13.90</ItemPrice></item><item><PriceUpdateDate>2016-08-10 08:23:04</PriceUpdateDate><ItemCode>7290000334325</ItemCode><ItemType>1</ItemType><ItemName>תפוגן מארז שלישיה 37</ItemName><ManufacturerName>תפוגן</ManufacturerName><ManufactureCountry>ישראל</ManufactureCountry><ManufacturerItemDescription>מארז ציפס למיקרו שלישייה</ManufacturerItemDescription><SoldByWeight/><Quantity>375.00</Quantity><UnitOfMeasure>גרם     </UnitOfMeasure><QtyInPackage>לא ידוע</QtyInPackage><UnitOfMeasurePrice>0.0499</UnitOfMeasurePrice><AllowDiscount>1</AllowDiscount><ItemStatus>1</ItemStatus><ItemPrice>18.70</ItemPrice></item><item><PriceUpdateDate>2016-03-07 09:31:31</PriceUpdateDate><ItemCode>7290000334431</ItemCode><ItemType>1</ItemType><ItemName>תפוגן טבע שניצל תירס</ItemName><ManufacturerName>תפוגן</ManufacturerName><ManufactureCountry>ישראל</ManufactureCountry><ManufacturerItemDescription>תפוגן טבע שניצל תירס</ManufacturerItemDescription><SoldByWeight/><Quantity>750.00</Quantity><UnitOfMeasure>גרם     </UnitOfMeasure><QtyInPackage>לא ידוע</QtyInPackage><UnitOfMeasurePrice>0.0319</UnitOfMeasurePrice><AllowDiscount>1</AllowDiscount><ItemStatus>1</ItemStatus><ItemPrice>23.90</ItemPrice></item><item><PriceUpdateDate>2016-03-07 09:31:31</PriceUpdateDate><ItemCode>7290000334554</ItemCode><ItemType>1</ItemType><ItemName>תפוגן טבע חטיפי תירס</ItemName><ManufacturerName>תפוגן</ManufacturerName><ManufactureCountry>ישראל</ManufactureCountry><ManufacturerItemDescription>תפוגן טבע חטיפי תירס</ManufacturerItemDescription><SoldByWeight/><Quantity>600.00</Quantity><UnitOfMeasure>גרם     </UnitOfMeasure><QtyInPackage>לא ידוע</QtyInPackage><UnitOfMeasurePrice>0.0398</UnitOfMeasurePrice><AllowDiscount>1</AllowDiscount><ItemStatus>1</ItemStatus><ItemPrice>23.90</ItemPrice></item><item><PriceUpdateDate>2014-11-10 06:29:40</PriceUpdateDate><ItemCode>7290000339863</ItemCode><ItemType>1</ItemType><ItemName>משחת כלים קלין  1 ק'</ItemName><ManufacturerName>קלין-סיף</ManufacturerName><ManufactureCountry>ישראל</ManufactureCountry><ManufacturerItemDescription>משחת כלים קלין  1 ק'</ManufacturerItemDescription><SoldByWeight/><Quantity>1000.00</Quantity><UnitOfMeasure>מ"ל</UnitOfMeasure><QtyInPackage>לא ידוע</QtyInPackage><UnitOfMeasurePrice>0.0181</UnitOfMeasurePrice><AllowDiscount>1</AllowDiscount><ItemStatus>1</ItemStatus><ItemPrice>18.10</ItemPrice></item><item><PriceUpdateDate>2016-05-31 07:02:16</PriceUpdateDate><ItemCode>7290000342832</ItemCode><ItemType>1</ItemType><ItemName>מרכך כביסה בדין צהוב</ItemName><ManufacturerName>בדין</ManufacturerName><ManufactureCountry>ישראל</ManufactureCountry><ManufacturerItemDescription>מרכך כביסה בדין צהוב</ManufacturerItemDescription><SoldByWeight/><Quantity>4000.00</Quantity><UnitOfMeasure>מ"ל</UnitOfMeasure><QtyInPackage>לא ידוע</QtyInPackage><UnitOfMeasurePrice>0.0050</UnitOfMeasurePrice><AllowDiscount>1</AllowDiscount><ItemStatus>1</ItemStatus><ItemPrice>19.90</ItemPrice></item><item><PriceUpdateDate>2016-05-31 07:02:16</PriceUpdateDate><ItemCode>7290000342856</ItemCode><ItemType>1</ItemType><ItemName>מרכך כביסה בדין כחול</ItemName><ManufacturerName>בדין</ManufacturerName><ManufactureCountry>ישראל</ManufactureCountry><ManufacturerItemDescription>מרכך כביסה בדין כחול</ManufacturerItemDescription><SoldByWeight/><Quantity>4000.00</Quantity><UnitOfMeasure>מ"ל</UnitOfMeasure><QtyInPackage>לא ידוע</QtyInPackage><UnitOfMeasurePrice>0.0050</UnitOfMeasurePrice><AllowDiscount>1</AllowDiscount><ItemStatus>1</ItemStatus><ItemPrice>19.90</ItemPrice></item><item><PriceUpdateDate>2015-11-18 13:58:33</PriceUpdateDate><ItemCode>7290000345055</ItemCode><ItemType>1</ItemType><ItemName>/100א.גריי</ItemName><ManufacturerName>ויסוצקי</ManufacturerName><ManufactureCountry>ישראל</ManufactureCountry><ManufacturerItemDescription>תה ארלגריי100 גר .קופסא</ManufacturerItemDescription><SoldByWeight/><Quantity>100.00</Quantity><UnitOfMeasure>גרם     </UnitOfMeasure><QtyInPackage>לא ידוע</QtyInPackage><UnitOfMeasurePrice>0.1540</UnitOfMeasurePrice><AllowDiscount>1</AllowDiscount><ItemStatus>1</ItemStatus><ItemPrice>15.40</ItemPrice></item><item><PriceUpdateDate>2014-11-10 06:29:54</PriceUpdateDate><ItemCode>7290000345116</ItemCode><ItemType>1</ItemType><ItemName>/125ירוק</ItemName><ManufacturerName>ויסוצקי</ManufacturerName><ManufactureCountry>ישראל</ManufactureCountry><ManufacturerItemDescription>/125ירוק</ManufacturerItemDescription><SoldByWeight/><Quantity>38.00</Quantity><UnitOfMeasure>גרם     </UnitOfMeasure><QtyInPackage>לא ידוע</QtyInPackage><UnitOfMeasurePrice>0.4237</UnitOfMeasurePrice><AllowDiscount>1</AllowDiscount><ItemStatus>1</ItemStatus><ItemPrice>16.10</ItemPrice></item><item><PriceUpdateDate>2014-11-10 06:29:54</PriceUpdateDate><ItemCode>7290000345208</ItemCode><ItemType>1</ItemType><ItemName>-25/1תה בריבוע</ItemName><ManufacturerName>ויסוצקי</ManufacturerName><ManufactureCountry>ישראל</ManufactureCountry><ManufacturerItemDescription>תה קלאסיק1/25 גר</ManufacturerItemDescription><SoldByWeight/><Quantity>14.00</Quantity><UnitOfMeasure>גרם     </UnitOfMeasure><QtyInPackage>לא ידוע</QtyInPackage><UnitOfMeasurePrice>0.4929</UnitOfMeasurePrice><AllowDiscount>1</AllowDiscount><ItemStatus>1</ItemStatus><ItemPrice>6.90</ItemPrice></item><item><PriceUpdateDate>2016-06-07 15:18:20</PriceUpdateDate><ItemCode>7290000345215</ItemCode><ItemType>1</ItemType><ItemName>תה ויסוצקי קלאסי 1 ג</ItemName><ManufacturerName>ויסוצקי</ManufacturerName><ManufactureCountry>ישראל</ManufactureCountry><ManufacturerItemDescription>תה קלאסיק 1/100 גרם כחול</ManufacturerItemDescription><SoldByWeight/><Quantity>100.00</Quantity><UnitOfMeasure>גרם     </UnitOfMeasure><QtyInPackage>לא ידוע</QtyInPackage><UnitOfMeasurePrice>0.1990</UnitOfMeasurePrice><AllowDiscount>1</AllowDiscount><ItemStatus>1</ItemStatus><ItemPrice>19.90</ItemPrice></item><item><PriceUpdateDate>2015-11-18 13:58:33</PriceUpdateDate><ItemCode>7290000345260</ItemCode><ItemType>1</ItemType><ItemName>תה קלאסי 25/1.5 גרם</ItemName><ManufacturerName>ויסוצקי</ManufacturerName><ManufactureCountry>ישראל</ManufactureCountry><ManufacturerItemDescription>תה קלאסיק 1.5 גרם 25 שקיו</ManufacturerItemDescription><SoldByWeight/><Quantity>14.00</Quantity><UnitOfMeasure>גרם     </UnitOfMeasure><QtyInPackage>לא ידוע</QtyInPackage><UnitOfMeasurePrice>0.5500</UnitOfMeasurePrice><AllowDiscount>1</AllowDiscount><ItemStatus>1</ItemStatus><ItemPrice>7.70</ItemPrice></item><item><PriceUpdateDate>2016-03-16 18:08:47</PriceUpdateDate><ItemCode>7290000345284</ItemCode><ItemType>1</ItemType><ItemName>תה קלאסי מעטפה 100*1</ItemName><ManufacturerName>ויסוצקי</ManufacturerName><ManufactureCountry>ישראל</ManufactureCountry><ManufacturerItemDescription>תה קלאסיק 1.5/100 ירוק</ManufacturerItemDescription><SoldByWeight/><Quantity>150.00</Quantity><UnitOfMeasure>גרם     </UnitOfMeasure><QtyInPackage>לא ידוע</QtyInPackage><UnitOfMeasurePrice>0.1193</UnitOfMeasurePrice><AllowDiscount>1</AllowDiscount><ItemStatus>1</ItemStatus><ItemPrice>17.90</ItemPrice></item><item><PriceUpdateDate>2016-08-02 07:38:59</PriceUpdateDate><ItemCode>7290000346199</ItemCode><ItemType>1</ItemType><ItemName>מב פירות היער-'הגן ה</ItemName><ManufacturerName>גן הקסום</ManufacturerName><ManufactureCountry>ישראל</ManufactureCountry><ManufacturerItemDescription>חליטת הגן הקסום פירות יער</ManufacturerItemDescription><SoldByWeight/><Quantity>14.00</Quantity><UnitOfMeasure>גרם     </UnitOfMeasure><QtyInPackage>לא ידוע</QtyInPackage><UnitOfMeasurePrice>1.0643</UnitOfMeasurePrice><AllowDiscount>1</AllowDiscount><ItemStatus>1</ItemStatus><ItemPrice>14.90</ItemPrice></item><item><PriceUpdateDate>2016-08-02 07:38:59</PriceUpdateDate><ItemCode>7290000346205</ItemCode><ItemType>1</ItemType><ItemName>מב חליטת קמומיל הגן</ItemName><ManufacturerName>גן הקסום</ManufacturerName><ManufactureCountry>ישראל</ManufactureCountry><ManufacturerItemDescription>חליטה הגןהקסום קמומיל25 ש</ManufacturerItemDescription><SoldByWeight/><Quantity>38.00</Quantity><UnitOfMeasure>גרם     </UnitOfMeasure><QtyInPackage>לא ידוע</QtyInPackage><UnitOfMeasurePrice>0.3921</UnitOfMeasurePrice><AllowDiscount>1</AllowDiscount><ItemStatus>1</ItemStatus><ItemPrice>14.90</ItemPrice></item><item><PriceUpdateDate>2016-05-01 08:13:17</PriceUpdateDate><ItemCode>7290000347752</ItemCode><ItemType>1</ItemType><ItemName>תה ירוק לימונית ולוא</ItemName><ManufacturerName>ויסוצקי</ManufacturerName><ManufactureCountry>ישראל</ManufactureCountry><ManufacturerItemDescription>תה ירוק לימונית ולואיזה</ManufacturerItemDescription><SoldByWeight/><Quantity>38.00</Quantity><UnitOfMeasure>גרם     </UnitOfMeasure><QtyInPackage>לא ידוע</QtyInPackage><UnitOfMeasurePrice>0.6553</UnitOfMeasurePrice><AllowDiscount>1</AllowDiscount><ItemStatus>1</ItemStatus><ItemPrice>24.90</ItemPrice></item><item><PriceUpdateDate>2016-08-10 08:23:04</PriceUpdateDate><ItemCode>7290000355382</ItemCode><ItemType>1</ItemType><ItemName>עגבניות מרוסקות עם ב</ItemName><ManufacturerName>טל (מילוז</ManufacturerName><ManufactureCountry>ישראל</ManufactureCountry><ManufacturerItemDescription>עגבניות  מרוסקות+בזיליקום</ManufacturerItemDescription><SoldByWeight/><Quantity>800.00</Quantity><UnitOfMeasure>גרם     </UnitOfMeasure><QtyInPackage>לא ידוע</QtyInPackage><UnitOfMeasurePrice>0.0111</UnitOfMeasurePrice><AllowDiscount>1</AllowDiscount><ItemStatus>1</ItemStatus><ItemPrice>8.90</ItemPrice></item><item><PriceUpdateDate>2016-08-10 08:23:04</PriceUpdateDate><ItemCode>7290000355412</ItemCode><ItemType>1</ItemType><ItemName>עגבניות מרוסקות עם ש</ItemName><ManufacturerName>טל (מילוז</ManufacturerName><ManufactureCountry>ישראל</ManufactureCountry><ManufacturerItemDescription>עגבניות מרוסקות עם ש</ManufacturerItemDescription><SoldByWeight/><Quantity>800.00</Quantity><UnitOfMeasure>גרם     </UnitOfMeasure><QtyInPackage>לא ידוע</QtyInPackage><UnitOfMeasurePrice>0.0111</UnitOfMeasurePrice><AllowDiscount>1</AllowDiscount><ItemStatus>1</ItemStatus><ItemPrice>8.90</ItemPrice></item><item><PriceUpdateDate>2016-08-02 07:38:59</PriceUpdateDate><ItemCode>7290000355504</ItemCode><ItemType>1</ItemType><ItemName>מב רסק עגבניות 22% 4</ItemName><ManufacturerName>טל (מילוז</ManufacturerName><ManufactureCountry>ישראל</ManufactureCountry><ManufacturerItemDescription>רסק עגבניות טל 570 22% גר</ManufacturerItemDescription><SoldByWeight/><Quantity>560.00</Quantity><UnitOfMeasure>גרם     </UnitOfMeasure><QtyInPackage>לא ידוע</QtyInPackage><UnitOfMeasurePrice>0.0088</UnitOfMeasurePrice><AllowDiscount>1</AllowDiscount><ItemStatus>1</ItemStatus><ItemPrice>4.90</ItemPrice></item><item><PriceUpdateDate>2016-08-10 08:23:04</PriceUpdateDate><ItemCode>7290000355719</ItemCode><ItemType>1</ItemType><ItemName>טל עגבניות מקולפות ח</ItemName><ManufacturerName>טל (מילוז</ManufacturerName><ManufactureCountry>ישראל</ManufactureCountry><ManufacturerItemDescription>טל עגבניות מקולפות ח</ManufacturerItemDescription><SoldByWeight/><Quantity>0.00</Quantity><UnitOfMeasure>יח'</UnitOfMeasure><QtyInPackage>לא ידוע</QtyInPackage><UnitOfMeasurePrice>0.0000</UnitOfMeasurePrice><AllowDiscount>1</AllowDiscount><ItemStatus>1</ItemStatus><ItemPrice>8.90</ItemPrice></item><item><PriceUpdateDate>2016-08-10 08:23:04</PriceUpdateDate><ItemCode>7290000355733</ItemCode><ItemType>1</ItemType><ItemName>עגבניות מקולפות 5 2A</ItemName><ManufacturerName>לא ממותג</ManufacturerName><ManufactureCountry>ישראל</ManufactureCountry><ManufacturerItemDescription>עגבניות מקולפות 5 2A</ManufacturerItemDescription><SoldByWeight/><Quantity>0.00</Quantity><UnitOfMeasure>יח'</UnitOfMeasure><QtyInPackage>לא ידוע</QtyInPackage><UnitOfMeasurePrice>0.0000</UnitOfMeasurePrice><AllowDiscount>1</AllowDiscount><ItemStatus>1</ItemStatus><ItemPrice>8.90</ItemPrice></item><item><PriceUpdateDate>2016-08-02 07:34:53</PriceUpdateDate><ItemCode>7290000355757</ItemCode><ItemType>1</ItemType><ItemName>עגבניות מרוסקות טל 8</ItemName><ManufacturerName>לא ידוע</ManufacturerName><ManufactureCountry>ישראל</ManufactureCountry><ManufacturerItemDescription>עגבניות מרוסקות טל 800 גר</ManufacturerItemDescription><SoldByWeight/><Quantity>800.00</Quantity><UnitOfMeasure>גרם     </UnitOfMeasure><QtyInPackage>לא ידוע</QtyInPackage><UnitOfMeasurePrice>0.0099</UnitOfMeasurePrice><AllowDiscount>1</AllowDiscount><ItemStatus>1</ItemStatus><ItemPrice>7.90</ItemPrice></item><item><PriceUpdateDate>2015-11-18 13:58:34</PriceUpdateDate><ItemCode>7290000363011</ItemCode><ItemType>3</ItemType><ItemName>סלמי קוניאק מובחר</ItemName><ManufacturerName>טירת צבי</ManufacturerName><ManufactureCountry>ישראל</ManufactureCountry><ManufacturerItemDescription>סלמי קוניאק מובחר</ManufacturerItemDescription><SoldByWeight/><Quantity>1.00</Quantity><UnitOfMeasure>ק"ג</UnitOfMeasure><QtyInPackage>לא ידוע</QtyInPackage><UnitOfMeasurePrice>82.5000</UnitOfMeasurePrice><AllowDiscount>1</AllowDiscount><ItemStatus>1</ItemStatus><ItemPrice>82.50</ItemPrice></item><item><PriceUpdateDate>2014-11-10 06:29:08</PriceUpdateDate><ItemCode>7290000363189</ItemCode><ItemType>3</ItemType><ItemName>נקניק סרוולד לק"ג</ItemName><ManufacturerName>טירת צבי</ManufacturerName><ManufactureCountry>ישראל</ManufactureCountry><ManufacturerItemDescription>נקניק סרוולד לק"ג</ManufacturerItemDescription><SoldByWeight/><Quantity>1.00</Quantity><UnitOfMeasure>ק"ג</UnitOfMeasure><QtyInPackage>לא ידוע</QtyInPackage><UnitOfMeasurePrice>152.0000</UnitOfMeasurePrice><AllowDiscount>1</AllowDiscount><ItemStatus>1</ItemStatus><ItemPrice>152.00</ItemPrice></item><item><PriceUpdateDate>2015-10-22 10:37:11</PriceUpdateDate><ItemCode>7290000363462</ItemCode><ItemType>3</ItemType><ItemName>סלמי מעושן איטלקי</ItemName><ManufacturerName>טירת צבי</ManufacturerName><ManufactureCountry>ישראל</ManufactureCountry><ManufacturerItemDescription>סלמי מעושן איטלקי</ManufacturerItemDescription><SoldByWeight/><Quantity>1.00</Quantity><UnitOfMeasure>ק"ג</UnitOfMeasure><QtyInPackage>לא ידוע</QtyInPackage><UnitOfMeasurePrice>82.5000</UnitOfMeasurePrice><AllowDiscount>1</AllowDiscount><ItemStatus>1</ItemStatus><ItemPrice>82.50</ItemPrice></item><item><PriceUpdateDate>2015-10-22 10:37:11</PriceUpdateDate><ItemCode>7290000363486</ItemCode><ItemType>3</ItemType><ItemName>נקניק סלמי תה 1 ק"ג</ItemName><ManufacturerName>טירת צבי</ManufacturerName><ManufactureCountry>ישראל</ManufactureCountry><ManufacturerItemDescription>נקניק סלמי תה 1 ק"ג</ManufacturerItemDescription><SoldByWeight/><Quantity>1.00</Quantity><UnitOfMeasure>ק"ג</UnitOfMeasure><QtyInPackage>לא ידוע</QtyInPackage><UnitOfMeasurePrice>57.1000</UnitOfMeasurePrice><AllowDiscount>1</AllowDiscount><ItemStatus>1</ItemStatus><ItemPrice>57.10</ItemPrice></item><item><PriceUpdateDate>2016-08-02 07:39:00</PriceUpdateDate><ItemCode>7290000363899</ItemCode><ItemType>1</ItemType><ItemName>מב נקניקיות פיקנטיות</ItemName><ManufacturerName>טירת צבי</ManufacturerName><ManufactureCountry>ישראל</ManufactureCountry><ManufacturerItemDescription>מב נקניקיות פיקנטיות</ManufacturerItemDescription><SoldByWeight/><Quantity>400.00</Quantity><UnitOfMeasure>גרם     </UnitOfMeasure><QtyInPackage>לא ידוע</QtyInPackage><UnitOfMeasurePrice>0.0273</UnitOfMeasurePrice><AllowDiscount>1</AllowDiscount><ItemStatus>1</ItemStatus><ItemPrice>10.90</ItemPrice></item><item><PriceUpdateDate>2016-08-02 07:39:00</PriceUpdateDate><ItemCode>7290000364261</ItemCode><ItemType>1</ItemType><ItemName>מב סלסולי כתף בקר 12</ItemName><ManufacturerName>טירת צבי</ManufacturerName><ManufactureCountry>ישראל</ManufactureCountry><ManufacturerItemDescription>סלסולי כתף בקר 120 גרם</ManufacturerItemDescription><SoldByWeight/><Quantity>120.00</Quantity><UnitOfMeasure>גרם     </UnitOfMeasure><QtyInPackage>לא ידוע</QtyInPackage><UnitOfMeasurePrice>0.1075</UnitOfMeasurePrice><AllowDiscount>1</AllowDiscount><ItemStatus>1</ItemStatus><ItemPrice>12.90</ItemPrice></item><item><PriceUpdateDate>2016-08-02 07:39:00</PriceUpdateDate><ItemCode>7290000364278</ItemCode><ItemType>1</ItemType><ItemName>מב סלסולי סלמי איטלק</ItemName><ManufacturerName>טירת צבי</ManufacturerName><ManufactureCountry>ישראל</ManufactureCountry><ManufacturerItemDescription>סלסולי סלמי איטלקי משובח</ManufacturerItemDescription><SoldByWeight/><Quantity>120.00</Quantity><UnitOfMeasure>גרם     </UnitOfMeasure><QtyInPackage>לא ידוע</QtyInPackage><UnitOfMeasurePrice>0.1075</UnitOfMeasurePrice><AllowDiscount>1</AllowDiscount><ItemStatus>1</ItemStatus><ItemPrice>12.90</ItemPrice></item><item><PriceUpdateDate>2014-11-10 06:29:08</PriceUpdateDate><ItemCode>7290000364759</ItemCode><ItemType>1</ItemType><ItemName>נקניקיות וינר 500 גר</ItemName><ManufacturerName>טירת צבי</ManufacturerName><ManufactureCountry>ישראל</ManufactureCountry><ManufacturerItemDescription>נקניקיות קרנץ הודו 500 גר</ManufacturerItemDescription><SoldByWeight/><Quantity>500.00</Quantity><UnitOfMeasure>גרם     </UnitOfMeasure><QtyInPackage>לא ידוע</QtyInPackage><UnitOfMeasurePrice>0.0362</UnitOfMeasurePrice><AllowDiscount>1</AllowDiscount><ItemStatus>1</ItemStatus><ItemPrice>18.10</ItemPrice></item><item><PriceUpdateDate>2016-05-01 08:13:17</PriceUpdateDate><ItemCode>7290000364773</ItemCode><ItemType>3</ItemType><ItemName>נקניקיות עוף במשקל</ItemName><ManufacturerName>טירת צבי</ManufacturerName><ManufactureCountry>ישראל</ManufactureCountry><ManufacturerItemDescription>נקניקיות עוף במשקל</ManufacturerItemDescription><SoldByWeight/><Quantity>1.00</Quantity><UnitOfMeasure>ק"ג</UnitOfMeasure><QtyInPackage>לא ידוע</QtyInPackage><UnitOfMeasurePrice>29.0000</UnitOfMeasurePrice><AllowDiscount>1</AllowDiscount><ItemStatus>1</ItemStatus><ItemPrice>29.00</ItemPrice></item><item><PriceUpdateDate>2015-11-18 13:58:34</PriceUpdateDate><ItemCode>7290000364803</ItemCode><ItemType>1</ItemType><ItemName>נקניקיות אמריקאיות 5</ItemName><ManufacturerName>טירת צבי</ManufacturerName><ManufactureCountry>ישראל</ManufactureCountry><ManufacturerItemDescription>נקניקיות אמריקאיות 500 גר</ManufacturerItemDescription><SoldByWeight/><Quantity>500.00</Quantity><UnitOfMeasure>גרם     </UnitOfMeasure><QtyInPackage>לא ידוע</QtyInPackage><UnitOfMeasurePrice>0.0596</UnitOfMeasurePrice><AllowDiscount>1</AllowDiscount><ItemStatus>1</ItemStatus><ItemPrice>29.80</ItemPrice></item><item><PriceUpdateDate>2016-08-02 07:34:53</PriceUpdateDate><ItemCode>7290000364858</ItemCode><ItemType>1</ItemType><ItemName>מב נקניקיות עוף 1 ק"</ItemName><ManufacturerName>טירת צבי</ManufacturerName><ManufactureCountry>ישראל</ManufactureCountry><ManufacturerItemDescription>נקניקיות עוף 1 קג</ManufacturerItemDescription><SoldByWeight/><Quantity>1000.00</Quantity><UnitOfMeasure>גרם     </UnitOfMeasure><QtyInPackage>לא ידוע</QtyInPackage><UnitOfMeasurePrice>0.0280</UnitOfMeasurePrice><AllowDiscount>1</AllowDiscount><ItemStatus>1</ItemStatus><ItemPrice>28.00</ItemPrice></item><item><PriceUpdateDate>2016-08-02 07:39:00</PriceUpdateDate><ItemCode>7290000364872</ItemCode><ItemType>1</ItemType><ItemName>מב נקניקיות עוף טרי</ItemName><ManufacturerName>טירת צבי</ManufacturerName><ManufactureCountry>ישראל</ManufactureCountry><ManufacturerItemDescription>נקניקיות עוף 400 ג</ManufacturerItemDescription><SoldByWeight/><Quantity>400.00</Quantity><UnitOfMeasure>גרם     </UnitOfMeasure><QtyInPackage>לא ידוע</QtyInPackage><UnitOfMeasurePrice>0.0273</UnitOfMeasurePrice><AllowDiscount>0</AllowDiscount><ItemStatus>1</ItemStatus><ItemPrice>10.90</ItemPrice></item><item><PriceUpdateDate>2015-11-18 13:58:34</PriceUpdateDate><ItemCode>7290000365756</ItemCode><ItemType>3</ItemType><ItemName>פסטרמה על גחלים דלת</ItemName><ManufacturerName>טירת צבי</ManufacturerName><ManufactureCountry>ישראל</ManufactureCountry><ManufacturerItemDescription>פסטרמה על גחלים דלת</ManufacturerItemDescription><SoldByWeight/><Quantity>1.00</Quantity><UnitOfMeasure>ק"ג</UnitOfMeasure><QtyInPackage>לא ידוע</QtyInPackage><UnitOfMeasurePrice>88.7000</UnitOfMeasurePrice><AllowDiscount>1</AllowDiscount><ItemStatus>1</ItemStatus><ItemPrice>88.70</ItemPrice></item><item><PriceUpdateDate>2015-11-18 13:58:35</PriceUpdateDate><ItemCode>7290000365909</ItemCode><ItemType>3</ItemType><ItemName>פסטרמה הודו מעושנת מ</ItemName><ManufacturerName>טירת צבי</ManufacturerName><ManufactureCountry>ישראל</ManufactureCountry><ManufacturerItemDescription>פסטרמה הודו מעושנת מ</ManufacturerItemDescription><SoldByWeight/><Quantity>1.00</Quantity><UnitOfMeasure>ק"ג</UnitOfMeasure><QtyInPackage>לא ידוע</QtyInPackage><UnitOfMeasurePrice>88.7000</UnitOfMeasurePrice><AllowDiscount>1</AllowDiscount><ItemStatus>1</ItemStatus><ItemPrice>88.70</ItemPrice></item><item><PriceUpdateDate>2015-10-22 10:37:11</PriceUpdateDate><ItemCode>7290000365954</ItemCode><ItemType>3</ItemType><ItemName>פסטרמה על גחלים במשק</ItemName><ManufacturerName>טירת צבי</ManufacturerName><ManufactureCountry>ישראל</ManufactureCountry><ManufacturerItemDescription>פסטרמה על גחלים במשק</ManufacturerItemDescription><SoldByWeight/><Quantity>1.00</Quantity><UnitOfMeasure>ק"ג</UnitOfMeasure><QtyInPackage>לא ידוע</QtyInPackage><UnitOfMeasurePrice>89.0000</UnitOfMeasurePrice><AllowDiscount>1</AllowDiscount><ItemStatus>1</ItemStatus><ItemPrice>89.00</ItemPrice></item><item><PriceUpdateDate>2016-08-02 07:34:53</PriceUpdateDate><ItemCode>7290000367590</ItemCode><ItemType>1</ItemType><ItemName>מב נקניק צמד כפרי 80</ItemName><ManufacturerName>טירת צבי</ManufacturerName><ManufactureCountry>ישראל</ManufactureCountry><ManufacturerItemDescription>צמד כפרי 800 גר</ManufacturerItemDescription><SoldByWeight/><Quantity>800.00</Quantity><UnitOfMeasure>גרם     </UnitOfMeasure><QtyInPackage>לא ידוע</QtyInPackage><UnitOfMeasurePrice>0.0374</UnitOfMeasurePrice><AllowDiscount>1</AllowDiscount><ItemStatus>1</ItemStatus><ItemPrice>29.90</ItemPrice></item><item><PriceUpdateDate>2016-04-19 10:11:16</PriceUpdateDate><ItemCode>7290000376882</ItemCode><ItemType>1</ItemType><ItemName>כדורים - כדורי דגנים</ItemName><ManufacturerName>"המותג"</ManufacturerName><ManufactureCountry>לא ידוע</ManufactureCountry><ManufacturerItemDescription>כדורים - כדורי דגנים</ManufacturerItemDescription><SoldByWeight/><Quantity>425.00</Quantity><UnitOfMeasure>גרם     </UnitOfMeasure><QtyInPackage>לא ידוע</QtyInPackage><UnitOfMeasurePrice>0.0327</UnitOfMeasurePrice><AllowDiscount>1</AllowDiscount><ItemStatus>1</ItemStatus><ItemPrice>13.90</ItemPrice></item><item><PriceUpdateDate>2016-04-19 10:11:16</PriceUpdateDate><ItemCode>7290000376899</ItemCode><ItemType>1</ItemType><ItemName>עיגולים - עיגולי דגנ</ItemName><ManufacturerName>"המותג"</ManufacturerName><ManufactureCountry>לא ידוע</ManufactureCountry><ManufacturerItemDescription>עיגולים - עיגולי דגנ</ManufacturerItemDescription><SoldByWeight/><Quantity>425.00</Quantity><UnitOfMeasure>גרם     </UnitOfMeasure><QtyInPackage>לא ידוע</QtyInPackage><UnitOfMeasurePrice>0.0327</UnitOfMeasurePrice><AllowDiscount>1</AllowDiscount><ItemStatus>1</ItemStatus><ItemPrice>13.90</ItemPrice></item><item><PriceUpdateDate>2016-08-02 07:34:53</PriceUpdateDate><ItemCode>7290000377452</ItemCode><ItemType>1</ItemType><ItemName>גת גרעיני אבטיח 200</ItemName><ManufacturerName>ליימן חטיבת המותגים</ManufacturerName><ManufactureCountry>ישראל</ManufactureCountry><ManufacturerItemDescription>גרעין אבטיח 200 גרם</ManufacturerItemDescription><SoldByWeight/><Quantity>200.00</Quantity><UnitOfMeasure>גרם     </UnitOfMeasure><QtyInPackage>לא ידוע</QtyInPackage><UnitOfMeasurePrice>0.0770</UnitOfMeasurePrice><AllowDiscount>1</AllowDiscount><ItemStatus>1</ItemStatus><ItemPrice>15.40</ItemPrice></item><item><PriceUpdateDate>2016-05-20 07:13:57</PriceUpdateDate><ItemCode>7290000379104</ItemCode><ItemType>1</ItemType><ItemName>לחם אנג'ל אחיד פרוס</ItemName><ManufacturerName>אנג'ל</ManufacturerName><ManufactureCountry>ישראל</ManufactureCountry><ManufacturerItemDescription>לחם אחיד פרוס750 גרם</ManufacturerItemDescription><SoldByWeight/><Quantity>750.00</Quantity><UnitOfMeasure>גרם     </UnitOfMeasure><QtyInPackage>לא ידוע</QtyInPackage><UnitOfMeasurePrice>0.0091</UnitOfMeasurePrice><AllowDiscount>1</AllowDiscount><ItemStatus>1</ItemStatus><ItemPrice>6.79</ItemPrice></item><item><PriceUpdateDate>2016-06-28 09:28:48</PriceUpdateDate><ItemCode>7290000379203</ItemCode><ItemType>1</ItemType><ItemName>לחם עינן קל 500 גרם</ItemName><ManufacturerName>עינן</ManufacturerName><ManufactureCountry>ישראל</ManufactureCountry><ManufacturerItemDescription>לחם עינן קל פרוס 500 גר</ManufacturerItemDescription><SoldByWeight/><Quantity>500.00</Quantity><UnitOfMeasure>גרם     </UnitOfMeasure><QtyInPackage>לא ידוע</QtyInPackage><UnitOfMeasurePrice>0.0338</UnitOfMeasurePrice><AllowDiscount>1</AllowDiscount><ItemStatus>1</ItemStatus><ItemPrice>16.90</ItemPrice></item><item><PriceUpdateDate>2016-08-10 08:23:05</PriceUpdateDate><ItemCode>7290000379951</ItemCode><ItemType>1</ItemType><ItemName>סולת 1 קג אנג'ל</ItemName><ManufacturerName>אנג'ל</ManufacturerName><ManufactureCountry>ישראל</ManufactureCountry><ManufacturerItemDescription>סולת 1 קג אנג'ל</ManufacturerItemDescription><SoldByWeight/><Quantity>1000.00</Quantity><UnitOfMeasure>גרם     </UnitOfMeasure><QtyInPackage>לא ידוע</QtyInPackage><UnitOfMeasurePrice>0.0055</UnitOfMeasurePrice><AllowDiscount>1</AllowDiscount><ItemStatus>1</ItemStatus><ItemPrice>5.50</ItemPrice></item><item><PriceUpdateDate>2016-08-02 07:37:52</PriceUpdateDate><ItemCode>7290000400501</ItemCode><ItemType>1</ItemType><ItemName>מב גיל רחצה אקס שוקו</ItemName><ManufacturerName>אקס</ManufacturerName><ManufactureCountry>גרמניה</ManufactureCountry><ManufacturerItemDescription>מסטיק מנטוס     פרש 90 ג</ManufacturerItemDescription><SoldByWeight/><Quantity>400.00</Quantity><UnitOfMeasure>מ"ל</UnitOfMeasure><QtyInPackage>לא ידוע</QtyInPackage><UnitOfMeasurePrice>0.0250</UnitOfMeasurePrice><AllowDiscount>1</AllowDiscount><ItemStatus>1</ItemStatus><ItemPrice>10.00</ItemPrice></item><item><PriceUpdateDate>2015-10-11 20:33:26</PriceUpdateDate><ItemCode>7290000400587</ItemCode><ItemType>1</ItemType><ItemName>חטיף טורטית 40 גרם</ItemName><ManufacturerName>עלית</ManufacturerName><ManufactureCountry>ישראל</ManufactureCountry><ManufacturerItemDescription>חטיף טורטית40 גר</ManufacturerItemDescription><SoldByWeight/><Quantity>40.00</Quantity><UnitOfMeasure>גרם     </UnitOfMeasure><QtyInPackage>לא ידוע</QtyInPackage><UnitOfMeasurePrice>0.1250</UnitOfMeasurePrice><AllowDiscount>1</AllowDiscount><ItemStatus>1</ItemStatus><ItemPrice>5.00</ItemPrice></item><item><PriceUpdateDate>2015-10-11 20:33:26</PriceUpdateDate><ItemCode>7290000400594</ItemCode><ItemType>1</ItemType><ItemName>חטיף אגוזי בודד 45 ג</ItemName><ManufacturerName>אגוזי</ManufacturerName><ManufactureCountry>ישראל</ManufactureCountry><ManufacturerItemDescription>חטיף אגוזי 45 גר</ManufacturerItemDescription><SoldByWeight/><Quantity>45.00</Quantity><UnitOfMeasure>גרם     </UnitOfMeasure><QtyInPackage>לא ידוע</QtyInPackage><UnitOfMeasurePrice>0.1111</UnitOfMeasurePrice><AllowDiscount>1</AllowDiscount><ItemStatus>1</ItemStatus><ItemPrice>5.00</ItemPrice></item><item><PriceUpdateDate>2015-10-11 20:33:26</PriceUpdateDate><ItemCode>7290000400600</ItemCode><ItemType>1</ItemType><ItemName>חטיף טעמי בודד 40 גר</ItemName><ManufacturerName>טעמי</ManufacturerName><ManufactureCountry>ישראל</ManufactureCountry><ManufacturerItemDescription>חטיף טעמי 40 גרם</ManufacturerItemDescription><SoldByWeight/><Quantity>40.00</Quantity><UnitOfMeasure>גרם     </UnitOfMeasure><QtyInPackage>לא ידוע</QtyInPackage><UnitOfMeasurePrice>0.1250</UnitOfMeasurePrice><AllowDiscount>1</AllowDiscount><ItemStatus>1</ItemStatus><ItemPrice>5.00</ItemPrice></item><item><PriceUpdateDate>2015-10-11 20:33:26</PriceUpdateDate><ItemCode>7290000400617</ItemCode><ItemType>1</ItemType><ItemName>שוקולד מקופלת חלב 25</ItemName><ManufacturerName>מקופלת</ManufacturerName><ManufactureCountry>ישראל</ManufactureCountry><ManufacturerItemDescription>חטיף שוק.מקופלת 25 גר</ManufacturerItemDescription><SoldByWeight/><Quantity>25.00</Quantity><UnitOfMeasure>גרם     </UnitOfMeasure><QtyInPackage>לא ידוע</QtyInPackage><UnitOfMeasurePrice>0.2000</UnitOfMeasurePrice><AllowDiscount>1</AllowDiscount><ItemStatus>1</ItemStatus><ItemPrice>5.00</ItemPrice></item><item><PriceUpdateDate>2015-10-11 20:33:26</PriceUpdateDate><ItemCode>7290000400648</ItemCode><ItemType>1</ItemType><ItemName>חטיף טעמי בודד מגדים</ItemName><ManufacturerName>טעמי</ManufacturerName><ManufactureCountry>ישראל</ManufactureCountry><ManufacturerItemDescription>חטיף טעמי בודד מגדים</ManufacturerItemDescription><SoldByWeight/><Quantity>0.00</Quantity><UnitOfMeasure>יח'</UnitOfMeasure><QtyInPackage>לא ידוע</QtyInPackage><UnitOfMeasurePrice>0.0000</UnitOfMeasurePrice><AllowDiscount>1</AllowDiscount><ItemStatus>1</ItemStatus><ItemPrice>5.00</ItemPrice></item><item><PriceUpdateDate>2015-10-11 20:33:26</PriceUpdateDate><ItemCode>7290000400655</ItemCode><ItemType>1</ItemType><ItemName>חטיף טויסט 28 גרם</ItemName><ManufacturerName>עלית</ManufacturerName><ManufactureCountry>ישראל</ManufactureCountry><ManufacturerItemDescription>חטיף טוויסט 28 גר</ManufacturerItemDescription><SoldByWeight/><Quantity>28.00</Quantity><UnitOfMeasure>גרם     </UnitOfMeasure><QtyInPackage>לא ידוע</QtyInPackage><UnitOfMeasurePrice>0.1786</UnitOfMeasurePrice><AllowDiscount>1</AllowDiscount><ItemStatus>1</ItemStatus><ItemPrice>5.00</ItemPrice></item><item><PriceUpdateDate>2015-10-01 06:15:38</PriceUpdateDate><ItemCode>7290000400679</ItemCode><ItemType>1</ItemType><ItemName>מעדן מילקי שוקו 170</ItemName><ManufacturerName>מילקי</ManufacturerName><ManufactureCountry>ישראל</ManufactureCountry><ManufacturerItemDescription>מילקי שוקו170 גר</ManufacturerItemDescription><SoldByWeight/><Quantity>170.00</Quantity><UnitOfMeasure>מ"ל</UnitOfMeasure><QtyInPackage>לא ידוע</QtyInPackage><UnitOfMeasurePrice>0.0165</UnitOfMeasurePrice><AllowDiscount>1</AllowDiscount><ItemStatus>1</ItemStatus><ItemPrice>2.80</ItemPrice></item><item><PriceUpdateDate>2016-08-10 08:22:47</PriceUpdateDate><ItemCode>7290000400723</ItemCode><ItemType>1</ItemType><ItemName>שמרים לחים קוביות 50</ItemName><ManufacturerName>שמרית</ManufacturerName><ManufactureCountry>ישראל</ManufactureCountry><ManufacturerItemDescription>שמרים לחים 50 גר</ManufacturerItemDescription><SoldByWeight/><Quantity>14.00</Quantity><UnitOfMeasure>גרם     </UnitOfMeasure><QtyInPackage>לא ידוע</QtyInPackage><UnitOfMeasurePrice>0.2643</UnitOfMeasurePrice><AllowDiscount>1</AllowDiscount><ItemStatus>1</ItemStatus><ItemPrice>3.70</ItemPrice></item><item><PriceUpdateDate>2016-02-11 08:21:13</PriceUpdateDate><ItemCode>7290000400747</ItemCode><ItemType>1</ItemType><ItemName>אשד מהדרין 200 מ"ל</ItemName><ManufacturerName>אשד</ManufacturerName><ManufactureCountry>ישראל</ManufactureCountry><ManufacturerItemDescription>אשד מהדרין 200 מ"ל</ManufacturerItemDescription><SoldByWeight/><Quantity>200.00</Quantity><UnitOfMeasure>מ"ל</UnitOfMeasure><QtyInPackage>לא ידוע</QtyInPackage><UnitOfMeasurePrice>0.0078</UnitOfMeasurePrice><AllowDiscount>1</AllowDiscount><ItemStatus>1</ItemStatus><ItemPrice>1.55</ItemPrice></item><item><PriceUpdateDate>2016-02-11 08:21:13</PriceUpdateDate><ItemCode>7290000400754</ItemCode><ItemType>1</ItemType><ItemName>גילה לבן 3% מהדרין 2</ItemName><ManufacturerName>גיל</ManufacturerName><ManufactureCountry>ישראל</ManufactureCountry><ManufacturerItemDescription>גילה לבן 3% מהדרין 2</ManufacturerItemDescription><SoldByWeight/><Quantity>200.00</Quantity><UnitOfMeasure>מ"ל</UnitOfMeasure><QtyInPackage>לא ידוע</QtyInPackage><UnitOfMeasurePrice>0.0070</UnitOfMeasurePrice><AllowDiscount>1</AllowDiscount><ItemStatus>1</ItemStatus><ItemPrice>1.40</ItemPrice></item><item><PriceUpdateDate>2015-10-11 20:33:26</PriceUpdateDate><ItemCode>7290000400761</ItemCode><ItemType>1</ItemType><ItemName>פרילי תות 125 גרם</ItemName><ManufacturerName>פרילי</ManufacturerName><ManufactureCountry>ישראל</ManufactureCountry><ManufacturerItemDescription>פרילי תות בגביע125 גר</ManufacturerItemDescription><SoldByWeight/><Quantity>125.00</Quantity><UnitOfMeasure>גרם     </UnitOfMeasure><QtyInPackage>לא ידוע</QtyInPackage><UnitOfMeasurePrice>0.0296</UnitOfMeasurePrice><AllowDiscount>1</AllowDiscount><ItemStatus>1</ItemStatus><ItemPrice>3.70</ItemPrice></item><item><PriceUpdateDate>2015-10-11 20:33:26</PriceUpdateDate><ItemCode>7290000400778</ItemCode><ItemType>1</ItemType><ItemName>פרילי משמש 125 גרם</ItemName><ManufacturerName>פרילי</ManufacturerName><ManufactureCountry>ישראל</ManufactureCountry><ManufacturerItemDescription>פרילי משמש 125 גרם</ManufacturerItemDescription><SoldByWeight/><Quantity>125.00</Quantity><UnitOfMeasure>גרם     </UnitOfMeasure><QtyInPackage>לא ידוע</QtyInPackage><UnitOfMeasurePrice>0.0296</UnitOfMeasurePrice><AllowDiscount>1</AllowDiscount><ItemStatus>1</ItemStatus><ItemPrice>3.70</ItemPrice></item><item><PriceUpdateDate>2015-10-11 20:33:26</PriceUpdateDate><ItemCode>7290000400785</ItemCode><ItemType>1</ItemType><ItemName>פרילי אננס 125 גרם</ItemName><ManufacturerName>פרילי</ManufacturerName><ManufactureCountry>ישראל</ManufactureCountry><ManufacturerItemDescription>פרילי אננס בגביע125 מל</ManufacturerItemDescription><SoldByWeight/><Quantity>125.00</Quantity><UnitOfMeasure>גרם     </UnitOfMeasure><QtyInPackage>לא ידוע</QtyInPackage><UnitOfMeasurePrice>0.0296</UnitOfMeasurePrice><AllowDiscount>1</AllowDiscount><ItemStatus>1</ItemStatus><ItemPrice>3.70</ItemPrice></item><item><PriceUpdateDate>2016-03-14 09:48:45</PriceUpdateDate><ItemCode>7290000400792</ItemCode><ItemType>1</ItemType><ItemName>מעדן באדי תות 125 גר</ItemName><ManufacturerName>באדי</ManufacturerName><ManufactureCountry>ישראל</ManufactureCountry><ManufacturerItemDescription>באדי תות125 מל</ManufacturerItemDescription><SoldByWeight/><Quantity>125.00</Quantity><UnitOfMeasure>גרם     </UnitOfMeasure><QtyInPackage>לא ידוע</QtyInPackage><UnitOfMeasurePrice>0.0216</UnitOfMeasurePrice><AllowDiscount>1</AllowDiscount><ItemStatus>1</ItemStatus><ItemPrice>2.70</ItemPrice></item><item><PriceUpdateDate>2016-02-11 08:21:13</PriceUpdateDate><ItemCode>7290000400815</ItemCode><ItemType>1</ItemType><ItemName>חמאה מפוסטרת חבילה 1</ItemName><ManufacturerName>חמאת תנובה</ManufacturerName><ManufactureCountry>ישראל</ManufactureCountry><ManufacturerItemDescription>חמאה 100 גרם פיקוח</ManufacturerItemDescription><SoldByWeight/><Quantity>100.00</Quantity><UnitOfMeasure>גרם     </UnitOfMeasure><QtyInPackage>לא ידוע</QtyInPackage><UnitOfMeasurePrice>0.0380</UnitOfMeasurePrice><AllowDiscount>1</AllowDiscount><ItemStatus>1</ItemStatus><ItemPrice>3.80</ItemPrice></item><item><PriceUpdateDate>2014-11-10 06:29:28</PriceUpdateDate><ItemCode>7290000400846</ItemCode><ItemType>1</ItemType><ItemName>שמנת של פעם 200 מ"ל</ItemName><ManufacturerName>חלב תנובה</ManufacturerName><ManufactureCountry>ישראל</ManufactureCountry><ManufacturerItemDescription>שמנת של פעם200 מל</ManufacturerItemDescription><SoldByWeight/><Quantity>200.00</Quantity><UnitOfMeasure>מ"ל</UnitOfMeasure><QtyInPackage>לא ידוע</QtyInPackage><UnitOfMeasurePrice>0.0210</UnitOfMeasurePrice><AllowDiscount>1</AllowDiscount><ItemStatus>1</ItemStatus><ItemPrice>4.20</ItemPrice></item><item><PriceUpdateDate>2015-10-22 10:36:22</PriceUpdateDate><ItemCode>7290000400853</ItemCode><ItemType>1</ItemType><ItemName>דנובה 200 מ"ל</ItemName><ManufacturerName>דנובה</ManufacturerName><ManufactureCountry>ישראל</ManufactureCountry><ManufacturerItemDescription>דנובה200 מל</ManufacturerItemDescription><SoldByWeight/><Quantity>200.00</Quantity><UnitOfMeasure>מ"ל</UnitOfMeasure><QtyInPackage>לא ידוע</QtyInPackage><UnitOfMeasurePrice>0.0185</UnitOfMeasurePrice><AllowDiscount>1</AllowDiscount><ItemStatus>1</ItemStatus><ItemPrice>3.70</ItemPrice></item><item><PriceUpdateDate>2015-10-22 10:36:22</PriceUpdateDate><ItemCode>7290000400860</ItemCode><ItemType>1</ItemType><ItemName>פרילי טבע 200 מ''ל</ItemName><ManufacturerName>פרילי</ManufacturerName><ManufactureCountry>ישראל</ManufactureCountry><ManufacturerItemDescription>טבעגורט-יוגורט עם גרנולה2</ManufacturerItemDescription><SoldByWeight/><Quantity>200.00</Quantity><UnitOfMeasure>מ"ל</UnitOfMeasure><QtyInPackage>לא ידוע</QtyInPackage><UnitOfMeasurePrice>0.0265</UnitOfMeasurePrice><AllowDiscount>1</AllowDiscount><ItemStatus>1</ItemStatus><ItemPrice>5.30</ItemPrice></item><item><PriceUpdateDate>2015-10-11 20:33:26</PriceUpdateDate><ItemCode>7290000400877</ItemCode><ItemType>1</ItemType><ItemName>יוגורט 200 מ"ל</ItemName><ManufacturerName>חלב תנובה</ManufacturerName><ManufactureCountry>ישראל</ManufactureCountry><ManufacturerItemDescription>יוגורט200-4% מל</ManufacturerItemDescription><SoldByWeight/><Quantity>200.00</Quantity><UnitOfMeasure>מ"ל</UnitOfMeasure><QtyInPackage>לא ידוע</QtyInPackage><UnitOfMeasurePrice>0.0145</UnitOfMeasurePrice><AllowDiscount>1</AllowDiscount><ItemStatus>1</ItemStatus><ItemPrice>2.90</ItemPrice></item><item><PriceUpdateDate>2016-08-10 08:22:47</PriceUpdateDate><ItemCode>7290000400884</ItemCode><ItemType>1</ItemType><ItemName>מילקי קל שוקו 137 גר</ItemName><ManufacturerName>מילקי</ManufacturerName><ManufactureCountry>ישראל</ManufactureCountry><ManufacturerItemDescription>מילקיקל שוקולד 170-3% מל</ManufacturerItemDescription><SoldByWeight/><Quantity>137.00</Quantity><UnitOfMeasure>גרם     </UnitOfMeasure><QtyInPackage>לא ידוע</QtyInPackage><UnitOfMeasurePrice>0.0307</UnitOfMeasurePrice><AllowDiscount>1</AllowDiscount><ItemStatus>1</ItemStatus><ItemPrice>4.20</ItemPrice></item><item><PriceUpdateDate>2016-08-10 08:22:47</PriceUpdateDate><ItemCode>7290000400891</ItemCode><ItemType>1</ItemType><ItemName>מילקי הפוך 123 מ''ל</ItemName><ManufacturerName>מילקי</ManufacturerName><ManufactureCountry>ישראל</ManufactureCountry><ManufacturerItemDescription>מילקי הפוך 123 מ''ל</ManufacturerItemDescription><SoldByWeight/><Quantity>123.00</Quantity><UnitOfMeasure>מ"ל</UnitOfMeasure><QtyInPackage>לא ידוע</QtyInPackage><UnitOfMeasurePrice>0.0317</UnitOfMeasurePrice><AllowDiscount>1</AllowDiscount><ItemStatus>1</ItemStatus><ItemPrice>3.90</ItemPrice></item><item><PriceUpdateDate>2016-03-14 09:48:45</PriceUpdateDate><ItemCode>7290000400921</ItemCode><ItemType>1</ItemType><ItemName>מעדן באדי וניל מהדרי</ItemName><ManufacturerName>באדי</ManufacturerName><ManufactureCountry>ישראל</ManufactureCountry><ManufacturerItemDescription>מעדן באדי וניל מהדרי</ManufacturerItemDescription><SoldByWeight/><Quantity>125.00</Quantity><UnitOfMeasure>גרם     </UnitOfMeasure><QtyInPackage>לא ידוע</QtyInPackage><UnitOfMeasurePrice>0.0216</UnitOfMeasurePrice><AllowDiscount>1</AllowDiscount><ItemStatus>1</ItemStatus><ItemPrice>2.70</ItemPrice></item><item><PriceUpdateDate>2016-03-14 09:48:45</PriceUpdateDate><ItemCode>7290000400938</ItemCode><ItemType>1</ItemType><ItemName>מעדן באדי שוקו מהדרי</ItemName><ManufacturerName>באדי</ManufacturerName><ManufactureCountry>ישראל</ManufactureCountry><ManufacturerItemDescription>מעדן באדי שוקו מהדרי</ManufacturerItemDescription><SoldByWeight/><Quantity>125.00</Quantity><UnitOfMeasure>גרם     </UnitOfMeasure><QtyInPackage>לא ידוע</QtyInPackage><UnitOfMeasurePrice>0.0216</UnitOfMeasurePrice><AllowDiscount>1</AllowDiscount><ItemStatus>1</ItemStatus><ItemPrice>2.70</ItemPrice></item><item><PriceUpdateDate>2015-10-11 20:33:27</PriceUpdateDate><ItemCode>7290000401003</ItemCode><ItemType>1</ItemType><ItemName>מעדן דני 125 גרם</ItemName><ManufacturerName>דני</ManufacturerName><ManufactureCountry>ישראל</ManufactureCountry><ManufacturerItemDescription>מעדן דני שוקולד 125 גרם</ManufacturerItemDescription><SoldByWeight/><Quantity>125.00</Quantity><UnitOfMeasure>מ"ל</UnitOfMeasure><QtyInPackage>לא ידוע</QtyInPackage><UnitOfMeasurePrice>0.0216</UnitOfMeasurePrice><AllowDiscount>1</AllowDiscount><ItemStatus>1</ItemStatus><ItemPrice>2.70</ItemPrice></item><item><PriceUpdateDate>2016-06-28 09:28:06</PriceUpdateDate><ItemCode>7290000401188</ItemCode><ItemType>1</ItemType><ItemName>סוכריות טיק טק טעם פ</ItemName><ManufacturerName>טיק טק</ManufacturerName><ManufactureCountry>דרום אפריקה</ManufactureCountry><ManufacturerItemDescription>סוכריות טיק טק פסיפלורה 1</ManufacturerItemDescription><SoldByWeight/><Quantity>16.00</Quantity><UnitOfMeasure>גרם     </UnitOfMeasure><QtyInPackage>לא ידוע</QtyInPackage><UnitOfMeasurePrice>0.2437</UnitOfMeasurePrice><AllowDiscount>1</AllowDiscount><ItemStatus>1</ItemStatus><ItemPrice>3.90</ItemPrice></item><item><PriceUpdateDate>2016-06-28 09:30:14</PriceUpdateDate><ItemCode>7290000401225</ItemCode><ItemType>1</ItemType><ItemName>קינדר בואנו חלב 43 ג</ItemName><ManufacturerName>קינדר</ManufacturerName><ManufactureCountry>פולין</ManufactureCountry><ManufacturerItemDescription>חטיף וופל קינדר בואנו</ManufacturerItemDescription><SoldByWeight/><Quantity>43.00</Quantity><UnitOfMeasure>גרם     </UnitOfMeasure><QtyInPackage>לא ידוע</QtyInPackage><UnitOfMeasurePrice>0.1140</UnitOfMeasurePrice><AllowDiscount>1</AllowDiscount><ItemStatus>1</ItemStatus><ItemPrice>4.90</ItemPrice></item><item><PriceUpdateDate>2016-03-16 18:08:30</PriceUpdateDate><ItemCode>7290000401232</ItemCode><ItemType>1</ItemType><ItemName>ממרח שוקולד נוטלה 75</ItemName><ManufacturerName>נוטלה</ManufacturerName><ManufactureCountry>פולין</ManufactureCountry><ManufacturerItemDescription>מסטיק מנטוס      90 גרם</ManufacturerItemDescription><SoldByWeight/><Quantity>750.00</Quantity><UnitOfMeasure>גרם     </UnitOfMeasure><QtyInPackage>לא ידוע</QtyInPackage><UnitOfMeasurePrice>0.0332</UnitOfMeasurePrice><AllowDiscount>1</AllowDiscount><ItemStatus>1</ItemStatus><ItemPrice>24.90</ItemPrice></item><item><PriceUpdateDate>2016-03-30 12:42:57</PriceUpdateDate><ItemCode>7290000401249</ItemCode><ItemType>1</ItemType><ItemName>ממרח שוקולד נוטלה 35</ItemName><ManufacturerName>פררו</ManufacturerName><ManufactureCountry>איטליה</ManufactureCountry><ManufacturerItemDescription>מסטיק מנטוס     ת מיקס90</ManufacturerItemDescription><SoldByWeight/><Quantity>350.00</Quantity><UnitOfMeasure>גרם     </UnitOfMeasure><QtyInPackage>לא ידוע</QtyInPackage><UnitOfMeasurePrice>0.0411</UnitOfMeasurePrice><AllowDiscount>1</AllowDiscount><ItemStatus>1</ItemStatus><ItemPrice>14.40</ItemPrice></item><item><PriceUpdateDate>2016-06-28 09:30:15</PriceUpdateDate><ItemCode>7290000401256</ItemCode><ItemType>1</ItemType><ItemName>אצבעות שוקולד קינדר</ItemName><ManufacturerName>קינדר</ManufacturerName><ManufactureCountry>איטליה</ManufactureCountry><ManufacturerItemDescription>שוקולד חלב ממולא קינדר50</ManufacturerItemDescription><SoldByWeight/><Quantity>50.00</Quantity><UnitOfMeasure>גרם     </UnitOfMeasure><QtyInPackage>לא ידוע</QtyInPackage><UnitOfMeasurePrice>0.0980</UnitOfMeasurePrice><AllowDiscount>1</AllowDiscount><ItemStatus>1</ItemStatus><ItemPrice>4.90</ItemPrice></item><item><PriceUpdateDate>2016-06-28 09:30:15</PriceUpdateDate><ItemCode>7290000401263</ItemCode><ItemType>1</ItemType><ItemName>שוקולד קינדר 100 גרם</ItemName><ManufacturerName>לא ידוע</ManufacturerName><ManufactureCountry>איטליה</ManufactureCountry><ManufacturerItemDescription>מסטיק מנטוס אבטיח 28 גרם</ManufacturerItemDescription><SoldByWeight/><Quantity>100.00</Quantity><UnitOfMeasure>גרם     </UnitOfMeasure><QtyInPackage>לא ידוע</QtyInPackage><UnitOfMeasurePrice>0.0890</UnitOfMeasurePrice><AllowDiscount>1</AllowDiscount><ItemStatus>1</ItemStatus><ItemPrice>8.90</ItemPrice></item><item><PriceUpdateDate>2016-08-10 08:22:48</PriceUpdateDate><ItemCode>7290000401348</ItemCode><ItemType>1</ItemType><ItemName>סוכריות מנטוס מנטה ר</ItemName><ManufacturerName>מנטוס</ManufacturerName><ManufactureCountry>ישראל</ManufactureCountry><ManufacturerItemDescription>מנטוס מנטה 4 יח37.5'גרם</ManufacturerItemDescription><SoldByWeight/><Quantity>150.00</Quantity><UnitOfMeasure>גרם     </UnitOfMeasure><QtyInPackage>לא ידוע</QtyInPackage><UnitOfMeasurePrice>0.0927</UnitOfMeasurePrice><AllowDiscount>1</AllowDiscount><ItemStatus>1</ItemStatus><ItemPrice>13.90</ItemPrice></item><item><PriceUpdateDate>2016-08-10 08:22:48</PriceUpdateDate><ItemCode>7290000401379</ItemCode><ItemType>1</ItemType><ItemName>סוכריות מנטוס בוקס פ</ItemName><ManufacturerName>מנטוס</ManufacturerName><ManufactureCountry>הולנד</ManufactureCountry><ManufacturerItemDescription>סוכריות מנטוס   64 גרם</ManufacturerItemDescription><SoldByWeight/><Quantity>14.00</Quantity><UnitOfMeasure>גרם     </UnitOfMeasure><QtyInPackage>לא ידוע</QtyInPackage><UnitOfMeasurePrice>0.5500</UnitOfMeasurePrice><AllowDiscount>1</AllowDiscount><ItemStatus>1</ItemStatus><ItemPrice>7.70</ItemPrice></item><item><PriceUpdateDate>2016-05-31 07:00:39</PriceUpdateDate><ItemCode>7290000401492</ItemCode><ItemType>1</ItemType><ItemName>חטיף קליק ביסקויט 75</ItemName><ManufacturerName>קליק ורד הגליל</ManufacturerName><ManufactureCountry>ישראל</ManufactureCountry><ManufacturerItemDescription>קליק ביסקוויט 75 גר</ManufacturerItemDescription><SoldByWeight/><Quantity>75.00</Quantity><UnitOfMeasure>גרם     </UnitOfMeasure><QtyInPackage>לא ידוע</QtyInPackage><UnitOfMeasurePrice>0.0720</UnitOfMeasurePrice><AllowDiscount>1</AllowDiscount><ItemStatus>1</ItemStatus><ItemPrice>5.40</ItemPrice></item><item><PriceUpdateDate>2016-05-31 07:00:39</PriceUpdateDate><ItemCode>7290000401508</ItemCode><ItemType>1</ItemType><ItemName>חטיף קליק כדורים 75</ItemName><ManufacturerName>קליק ורד הגליל</ManufacturerName><ManufactureCountry>ישראל</ManufactureCountry><ManufacturerItemDescription>קליק חלב 75 גר</ManufacturerItemDescription><SoldByWeight/><Quantity>75.00</Quantity><UnitOfMeasure>גרם     </UnitOfMeasure><QtyInPackage>לא ידוע</QtyInPackage><UnitOfMeasurePrice>0.0720</UnitOfMeasurePrice><AllowDiscount>1</AllowDiscount><ItemStatus>1</ItemStatus><ItemPrice>5.40</ItemPrice></item><item><PriceUpdateDate>2016-05-31 07:00:39</PriceUpdateDate><ItemCode>7290000401546</ItemCode><ItemType>1</ItemType><ItemName>חטיף קליק כריות 75 ג</ItemName><ManufacturerName>קליק ורד הגליל</ManufacturerName><ManufactureCountry>ישראל</ManufactureCountry><ManufacturerItemDescription>קליק כריות 75 גר</ManufacturerItemDescription><SoldByWeight/><Quantity>75.00</Quantity><UnitOfMeasure>גרם     </UnitOfMeasure><QtyInPackage>לא ידוע</QtyInPackage><UnitOfMeasurePrice>0.0720</UnitOfMeasurePrice><AllowDiscount>1</AllowDiscount><ItemStatus>1</ItemStatus><ItemPrice>5.40</ItemPrice></item><item><PriceUpdateDate>2016-05-31 06:53:29</PriceUpdateDate><ItemCode>7290000401591</ItemCode><ItemType>1</ItemType><ItemName>נייטשר וואלי קראנצ'י</ItemName><ManufacturerName>Nature Valley</ManufacturerName><ManufactureCountry>ספרד</ManufactureCountry><ManufacturerItemDescription>חמוציות במיץ רימונים 142</ManufacturerItemDescription><SoldByWeight/><Quantity>210.00</Quantity><UnitOfMeasure>גרם     </UnitOfMeasure><QtyInPackage>לא ידוע</QtyInPackage><UnitOfMeasurePrice>0.0757</UnitOfMeasurePrice><AllowDiscount>1</AllowDiscount><ItemStatus>1</ItemStatus><ItemPrice>15.90</ItemPrice></item><item><PriceUpdateDate>2016-05-31 06:53:29</PriceUpdateDate><ItemCode>7290000401614</ItemCode><ItemType>1</ItemType><ItemName>נייטשר וואלי קראנצ'י</ItemName><ManufacturerName>Nature Valley</ManufacturerName><ManufactureCountry>ספרד</ManufactureCountry><ManufacturerItemDescription>משחת שיניים      פרש100מ</ManufacturerItemDescription><SoldByWeight/><Quantity>210.00</Quantity><UnitOfMeasure>גרם     </UnitOfMeasure><QtyInPackage>לא ידוע</QtyInPackage><UnitOfMeasurePrice>0.0757</UnitOfMeasurePrice><AllowDiscount>1</AllowDiscount><ItemStatus>1</ItemStatus><ItemPrice>15.90</ItemPrice></item><item><PriceUpdateDate>2016-03-09 10:54:03</PriceUpdateDate><ItemCode>7290000401690</ItemCode><ItemType>1</ItemType><ItemName>תערובת לעוגת שיש 500</ItemName><ManufacturerName>ליימן חטיבת המותגים</ManufacturerName><ManufactureCountry>ישראל</ManufactureCountry><ManufacturerItemDescription>תערובת לעוגת שיש 559 גר</ManufacturerItemDescription><SoldByWeight/><Quantity>550.00</Quantity><UnitOfMeasure>גרם     </UnitOfMeasure><QtyInPackage>לא ידוע</QtyInPackage><UnitOfMeasurePrice>0.0362</UnitOfMeasurePrice><AllowDiscount>1</AllowDiscount><ItemStatus>1</ItemStatus><ItemPrice>19.90</ItemPrice></item><item><PriceUpdateDate>2016-03-09 10:54:03</PriceUpdateDate><ItemCode>7290000401706</ItemCode><ItemType>1</ItemType><ItemName>תערובת לבראוניס 550</ItemName><ManufacturerName>ליימן חטיבת המותגים</ManufacturerName><ManufactureCountry>ישראל</ManufactureCountry><ManufacturerItemDescription>תערובת לעוגת בראוניס 550</ManufacturerItemDescription><SoldByWeight/><Quantity>550.00</Quantity><UnitOfMeasure>גרם     </UnitOfMeasure><QtyInPackage>לא ידוע</QtyInPackage><UnitOfMeasurePrice>0.0362</UnitOfMeasurePrice><AllowDiscount>1</AllowDiscount><ItemStatus>1</ItemStatus><ItemPrice>19.90</ItemPrice></item><item><PriceUpdateDate>2015-11-18 13:57:05</PriceUpdateDate><ItemCode>7290000402253</ItemCode><ItemType>1</ItemType><ItemName>קוואקר אינסטנט פרופ</ItemName><ManufacturerName>קוואקר אואטס</ManufacturerName><ManufactureCountry>ארצות הברית</ManufactureCountry><ManufacturerItemDescription>אל סבון ג'ונסונסבייבי750</ManufacturerItemDescription><SoldByWeight/><Quantity>500.00</Quantity><UnitOfMeasure>גרם     </UnitOfMeasure><QtyInPackage>לא ידוע</QtyInPackage><UnitOfMeasurePrice>0.0526</UnitOfMeasurePrice><AllowDiscount>1</AllowDiscount><ItemStatus>1</ItemStatus><ItemPrice>26.30</ItemPrice></item><item><PriceUpdateDate>2016-05-01 08:18:56</PriceUpdateDate><ItemCode>7290000402505</ItemCode><ItemType>1</ItemType><ItemName>עוגיות מרבה שוקוצ'יפ</ItemName><ManufacturerName>מרבה</ManufacturerName><ManufactureCountry>הולנד</ManufactureCountry><ManufacturerItemDescription>עוגיות ש.צ'יפס  יפס225גר</ManufacturerItemDescription><SoldByWeight/><Quantity>225.00</Quantity><UnitOfMeasure>גרם     </UnitOfMeasure><QtyInPackage>לא ידוע</QtyInPackage><UnitOfMeasurePrice>0.0396</UnitOfMeasurePrice><AllowDiscount>0</AllowDiscount><ItemStatus>1</ItemStatus><ItemPrice>8.90</ItemPrice></item><item><PriceUpdateDate>2016-03-29 07:02:01</PriceUpdateDate><ItemCode>7290000402512</ItemCode><ItemType>1</ItemType><ItemName>פריסקיז יבש מעדני הב</ItemName><ManufacturerName>פריסקיז</ManufacturerName><ManufactureCountry>ישראל</ManufactureCountry><ManufacturerItemDescription>פריסקיז יבש מעדני הב</ManufacturerItemDescription><SoldByWeight/><Quantity>2900.00</Quantity><UnitOfMeasure>גרם     </UnitOfMeasure><QtyInPackage>לא ידוע</QtyInPackage><UnitOfMeasurePrice>0.0207</UnitOfMeasurePrice><AllowDiscount>1</AllowDiscount><ItemStatus>1</ItemStatus><ItemPrice>59.90</ItemPrice></item><item><PriceUpdateDate>2014-11-10 06:29:46</PriceUpdateDate><ItemCode>7290000403199</ItemCode><ItemType>1</ItemType><ItemName>קצף גילוח לעור רגיש</ItemName><ManufacturerName>גילט</ManufacturerName><ManufactureCountry>בריטניה</ManufactureCountry><ManufacturerItemDescription>סירייס קצף גילוח רגיש 250</ManufacturerItemDescription><SoldByWeight/><Quantity>200.00</Quantity><UnitOfMeasure>מ"ל</UnitOfMeasure><QtyInPackage>לא ידוע</QtyInPackage><UnitOfMeasurePrice>0.1120</UnitOfMeasurePrice><AllowDiscount>1</AllowDiscount><ItemStatus>1</ItemStatus><ItemPrice>22.40</ItemPrice></item><item><PriceUpdateDate>2016-06-28 09:30:15</PriceUpdateDate><ItemCode>7290000403205</ItemCode><ItemType>1</ItemType><ItemName>מב ג''ל גילוח סירייס</ItemName><ManufacturerName>גילט</ManufacturerName><ManufactureCountry>בריטניה</ManufactureCountry><ManufacturerItemDescription>סירייס גל גילוח רגיש 200</ManufacturerItemDescription><SoldByWeight/><Quantity>200.00</Quantity><UnitOfMeasure>מ"ל</UnitOfMeasure><QtyInPackage>לא ידוע</QtyInPackage><UnitOfMeasurePrice>0.0845</UnitOfMeasurePrice><AllowDiscount>1</AllowDiscount><ItemStatus>1</ItemStatus><ItemPrice>16.90</ItemPrice></item><item><PriceUpdateDate>2014-11-10 06:29:46</PriceUpdateDate><ItemCode>7290000403250</ItemCode><ItemType>1</ItemType><ItemName>ג''ילט קצף גילוח רגי</ItemName><ManufacturerName>גילט</ManufacturerName><ManufactureCountry>ישראל</ManufactureCountry><ManufacturerItemDescription>גילט קצף גילוח קלסיק רגיל</ManufacturerItemDescription><SoldByWeight/><Quantity>200.00</Quantity><UnitOfMeasure>מ"ל</UnitOfMeasure><QtyInPackage>לא ידוע</QtyInPackage><UnitOfMeasurePrice>0.0790</UnitOfMeasurePrice><AllowDiscount>1</AllowDiscount><ItemStatus>1</ItemStatus><ItemPrice>15.80</ItemPrice></item><item><PriceUpdateDate>2014-11-10 06:29:46</PriceUpdateDate><ItemCode>7290000403267</ItemCode><ItemType>1</ItemType><ItemName>ג''ילט קצף גילוח רגי</ItemName><ManufacturerName>גילט</ManufacturerName><ManufactureCountry>בריטניה</ManufactureCountry><ManufacturerItemDescription>גילט קצף גילוח קלסיק רגיש</ManufacturerItemDescription><SoldByWeight/><Quantity>200.00</Quantity><UnitOfMeasure>מ"ל</UnitOfMeasure><QtyInPackage>לא ידוע</QtyInPackage><UnitOfMeasurePrice>0.0790</UnitOfMeasurePrice><AllowDiscount>1</AllowDiscount><ItemStatus>1</ItemStatus><ItemPrice>15.80</ItemPrice></item><item><PriceUpdateDate>2014-11-10 06:29:46</PriceUpdateDate><ItemCode>7290000403410</ItemCode><ItemType>1</ItemType><ItemName>סכיני גילוח גי'לט בל</ItemName><ManufacturerName>גילט</ManufacturerName><ManufactureCountry>פולין</ManufactureCountry><ManufacturerItemDescription>סכיני גילוח גי'לט בל</ManufacturerItemDescription><SoldByWeight/><Quantity>1.00</Quantity><UnitOfMeasure>יח'</UnitOfMeasure><QtyInPackage>לא ידוע</QtyInPackage><UnitOfMeasurePrice>8.1000</UnitOfMeasurePrice><AllowDiscount>1</AllowDiscount><ItemStatus>1</ItemStatus><ItemPrice>8.10</ItemPrice></item><item><PriceUpdateDate>2016-05-17 10:31:37</PriceUpdateDate><ItemCode>7290000403595</ItemCode><ItemType>1</ItemType><ItemName>שוקולד מילקה חלב 100</ItemName><ManufacturerName>מילקה</ManufacturerName><ManufactureCountry>גרמניה</ManufactureCountry><ManufacturerItemDescription>ג'ל גילוח ניוואה.רגיש200</ManufacturerItemDescription><SoldByWeight/><Quantity>100.00</Quantity><UnitOfMeasure>גרם     </UnitOfMeasure><QtyInPackage>לא ידוע</QtyInPackage><UnitOfMeasurePrice>0.0890</UnitOfMeasurePrice><AllowDiscount>1</AllowDiscount><ItemStatus>1</ItemStatus><ItemPrice>8.90</ItemPrice></item><item><PriceUpdateDate>2016-03-01 06:11:52</PriceUpdateDate><ItemCode>7290000403731</ItemCode><ItemType>1</ItemType><ItemName>חמאה רכה מלוחה אלווי</ItemName><ManufacturerName>אלוויר</ManufacturerName><ManufactureCountry>ישראל</ManufactureCountry><ManufacturerItemDescription>חמאה רכה מלוחה250 גר</ManufacturerItemDescription><SoldByWeight/><Quantity>250.00</Quantity><UnitOfMeasure>גרם     </UnitOfMeasure><QtyInPackage>לא ידוע</QtyInPackage><UnitOfMeasurePrice>0.0852</UnitOfMeasurePrice><AllowDiscount>1</AllowDiscount><ItemStatus>1</ItemStatus><ItemPrice>21.30</ItemPrice></item><item><PriceUpdateDate>2016-08-10 08:22:48</PriceUpdateDate><ItemCode>7290000403786</ItemCode><ItemType>1</ItemType><ItemName>חמאה צרפתית פרזידנט</ItemName><ManufacturerName>פרזידנט</ManufacturerName><ManufactureCountry>ישראל</ManufactureCountry><ManufacturerItemDescription>חמאה צרפתית פרזידנט</ManufacturerItemDescription><SoldByWeight/><Quantity>200.00</Quantity><UnitOfMeasure>גרם     </UnitOfMeasure><QtyInPackage>לא ידוע</QtyInPackage><UnitOfMeasurePrice>0.0845</UnitOfMeasurePrice><AllowDiscount>1</AllowDiscount><ItemStatus>1</ItemStatus><ItemPrice>16.90</ItemPrice></item><item><PriceUpdateDate>2016-08-02 07:37:53</PriceUpdateDate><ItemCode>7290000403809</ItemCode><ItemType>1</ItemType><ItemName>מב דגני בוקר פיטנס ע</ItemName><ManufacturerName>פיטנס</ManufacturerName><ManufactureCountry>ישראל</ManufactureCountry><ManufacturerItemDescription>מב דגני בוקר פיטנס ע</ManufacturerItemDescription><SoldByWeight/><Quantity>375.00</Quantity><UnitOfMeasure>גרם     </UnitOfMeasure><QtyInPackage>לא ידוע</QtyInPackage><UnitOfMeasurePrice>0.0477</UnitOfMeasurePrice><AllowDiscount>1</AllowDiscount><ItemStatus>1</ItemStatus><ItemPrice>17.90</ItemPrice></item><item><PriceUpdateDate>2016-08-02 07:34:02</PriceUpdateDate><ItemCode>7290000403816</ItemCode><ItemType>1</ItemType><ItemName>מב דגני בוקר קראנץ'</ItemName><ManufacturerName>קראנץ</ManufacturerName><ManufactureCountry>ישראל</ManufactureCountry><ManufacturerItemDescription>מב דגני בוקר קראנץ'</ManufacturerItemDescription><SoldByWeight/><Quantity>500.00</Quantity><UnitOfMeasure>גרם     </UnitOfMeasure><QtyInPackage>לא ידוע</QtyInPackage><UnitOfMeasurePrice>0.0378</UnitOfMeasurePrice><AllowDiscount>1</AllowDiscount><ItemStatus>1</ItemStatus><ItemPrice>18.90</ItemPrice></item><item><PriceUpdateDate>2015-10-29 09:22:02</PriceUpdateDate><ItemCode>7290000404042</ItemCode><ItemType>1</ItemType><ItemName>שוקולד ריטר לבן אגוז</ItemName><ManufacturerName>ריטר</ManufacturerName><ManufactureCountry>גרמניה</ManufactureCountry><ManufacturerItemDescription>סוכר.ממולאות    חלב325גר</ManufacturerItemDescription><SoldByWeight/><Quantity>100.00</Quantity><UnitOfMeasure>גרם     </UnitOfMeasure><QtyInPackage>לא ידוע</QtyInPackage><UnitOfMeasurePrice>0.0990</UnitOfMeasurePrice><AllowDiscount>1</AllowDiscount><ItemStatus>1</ItemStatus><ItemPrice>9.90</ItemPrice></item><item><PriceUpdateDate>2015-10-29 09:22:02</PriceUpdateDate><ItemCode>7290000404059</ItemCode><ItemType>1</ItemType><ItemName>שוקולד ריטר אגוזים 1</ItemName><ManufacturerName>ריטר</ManufacturerName><ManufactureCountry>גרמניה</ManufactureCountry><ManufacturerItemDescription>דאודורנט FA     200SP FA</ManufacturerItemDescription><SoldByWeight/><Quantity>100.00</Quantity><UnitOfMeasure>גרם     </UnitOfMeasure><QtyInPackage>לא ידוע</QtyInPackage><UnitOfMeasurePrice>0.0990</UnitOfMeasurePrice><AllowDiscount>1</AllowDiscount><ItemStatus>1</ItemStatus><ItemPrice>9.90</ItemPrice></item><item><PriceUpdateDate>2015-10-29 09:22:02</PriceUpdateDate><ItemCode>7290000404103</ItemCode><ItemType>1</ItemType><ItemName>שוקולד ריטר חלב נוגט</ItemName><ManufacturerName>ריטר</ManufacturerName><ManufactureCountry>גרמניה</ManufactureCountry><ManufacturerItemDescription>שוקולד ריטר ספורט נוגט פר</ManufacturerItemDescription><SoldByWeight/><Quantity>100.00</Quantity><UnitOfMeasure>גרם     </UnitOfMeasure><QtyInPackage>לא ידוע</QtyInPackage><UnitOfMeasurePrice>0.0990</UnitOfMeasurePrice><AllowDiscount>1</AllowDiscount><ItemStatus>1</ItemStatus><ItemPrice>9.90</ItemPrice></item><item><PriceUpdateDate>2016-05-01 08:12:38</PriceUpdateDate><ItemCode>7290000404332</ItemCode><ItemType>1</ItemType><ItemName>טופיפי 125 גרם</ItemName><ManufacturerName>טופיפי</ManufacturerName><ManufactureCountry>גרמניה</ManufactureCountry><ManufacturerItemDescription>זוג הרפיק מוצק   גרם</ManufacturerItemDescription><SoldByWeight/><Quantity>125.00</Quantity><UnitOfMeasure>גרם     </UnitOfMeasure><QtyInPackage>לא ידוע</QtyInPackage><UnitOfMeasurePrice>0.1192</UnitOfMeasurePrice><AllowDiscount>0</AllowDiscount><ItemStatus>1</ItemStatus><ItemPrice>14.90</ItemPrice></item><item><PriceUpdateDate>2016-07-05 13:21:52</PriceUpdateDate><ItemCode>7290000404349</ItemCode><ItemType>1</ItemType><ItemName>בונבוניירה מרסי 400</ItemName><ManufacturerName>מרסי</ManufacturerName><ManufactureCountry>גרמניה</ManufactureCountry><ManufacturerItemDescription>מבשם בדים לבנדר 345מ"ל</ManufacturerItemDescription><SoldByWeight/><Quantity>400.00</Quantity><UnitOfMeasure>גרם     </UnitOfMeasure><QtyInPackage>לא ידוע</QtyInPackage><UnitOfMeasurePrice>0.1497</UnitOfMeasurePrice><AllowDiscount>1</AllowDiscount><ItemStatus>1</ItemStatus><ItemPrice>59.90</ItemPrice></item><item><PriceUpdateDate>2016-05-01 08:12:38</PriceUpdateDate><ItemCode>7290000404370</ItemCode><ItemType>1</ItemType><ItemName>בונבונירה מרסי אוריג</ItemName><ManufacturerName>מרסי</ManufacturerName><ManufactureCountry>גרמניה</ManufactureCountry><ManufacturerItemDescription>טמפוני קוטקס    מיני</ManufacturerItemDescription><SoldByWeight/><Quantity>250.00</Quantity><UnitOfMeasure>גרם     </UnitOfMeasure><QtyInPackage>לא ידוע</QtyInPackage><UnitOfMeasurePrice>0.1196</UnitOfMeasurePrice><AllowDiscount>1</AllowDiscount><ItemStatus>1</ItemStatus><ItemPrice>29.90</ItemPrice></item><item><PriceUpdateDate>2016-02-08 10:37:25</PriceUpdateDate><ItemCode>7290000404530</ItemCode><ItemType>1</ItemType><ItemName>משחה להסרת כתמים ספט</ItemName><ManufacturerName>לא ידוע</ManufacturerName><ManufactureCountry>הונגריה</ManufactureCountry><ManufacturerItemDescription>וולהפלקס ספריי  ק 250מ"ל</ManufacturerItemDescription><SoldByWeight/><Quantity>200.00</Quantity><UnitOfMeasure>מ"ל</UnitOfMeasure><QtyInPackage>לא ידוע</QtyInPackage><UnitOfMeasurePrice>0.0845</UnitOfMeasurePrice><AllowDiscount>1</AllowDiscount><ItemStatus>1</ItemStatus><ItemPrice>16.90</ItemPrice></item><item><PriceUpdateDate>2016-05-17 10:31:37</PriceUpdateDate><ItemCode>7290000405537</ItemCode><ItemType>1</ItemType><ItemName>שוקולד מילקה אגוז 10</ItemName><ManufacturerName>מילקה</ManufacturerName><ManufactureCountry>גרמניה</ManufactureCountry><ManufacturerItemDescription>מברשת שיניים    לאי 0-2</ManufacturerItemDescription><SoldByWeight/><Quantity>100.00</Quantity><UnitOfMeasure>גרם     </UnitOfMeasure><QtyInPackage>לא ידוע</QtyInPackage><UnitOfMeasurePrice>0.0890</UnitOfMeasurePrice><AllowDiscount>1</AllowDiscount><ItemStatus>1</ItemStatus><ItemPrice>8.90</ItemPrice></item><item><PriceUpdateDate>2016-02-15 12:45:10</PriceUpdateDate><ItemCode>7290000406367</ItemCode><ItemType>1</ItemType><ItemName>חוט דנטלי אורל בי לל</ItemName><ManufacturerName>אורל בי</ManufacturerName><ManufactureCountry>מקסיקו</ManufactureCountry><ManufacturerItemDescription>חוט דנטלי אורל בי לל</ManufacturerItemDescription><SoldByWeight/><Quantity>0.00</Quantity><UnitOfMeasure>יח'</UnitOfMeasure><QtyInPackage>לא ידוע</QtyInPackage><UnitOfMeasurePrice>0.0000</UnitOfMeasurePrice><AllowDiscount>1</AllowDiscount><ItemStatus>1</ItemStatus><ItemPrice>17.90</ItemPrice></item><item><PriceUpdateDate>2016-05-31 07:00:40</PriceUpdateDate><ItemCode>7290000406855</ItemCode><ItemType>1</ItemType><ItemName>ריבת מעדן משמש ללא ס</ItemName><ManufacturerName>סאן דלפור</ManufacturerName><ManufactureCountry>ישראל</ManufactureCountry><ManufacturerItemDescription>ריבת מעדן משמש ללא ס</ManufacturerItemDescription><SoldByWeight/><Quantity>284.00</Quantity><UnitOfMeasure>גרם     </UnitOfMeasure><QtyInPackage>לא ידוע</QtyInPackage><UnitOfMeasurePrice>0.0630</UnitOfMeasurePrice><AllowDiscount>1</AllowDiscount><ItemStatus>1</ItemStatus><ItemPrice>17.90</ItemPrice></item><item><PriceUpdateDate>2016-05-31 07:00:40</PriceUpdateDate><ItemCode>7290000406879</ItemCode><ItemType>1</ItemType><ItemName>ריבת מעדן אוכמניות ל</ItemName><ManufacturerName>סאן דלפור</ManufacturerName><ManufactureCountry>ישראל</ManufactureCountry><ManufacturerItemDescription>מעדן אוכמניות כחולות 284</ManufacturerItemDescription><SoldByWeight/><Quantity>284.00</Quantity><UnitOfMeasure>גרם     </UnitOfMeasure><QtyInPackage>לא ידוע</QtyInPackage><UnitOfMeasurePrice>0.0630</UnitOfMeasurePrice><AllowDiscount>1</AllowDiscount><ItemStatus>1</ItemStatus><ItemPrice>17.90</ItemPrice></item><item><PriceUpdateDate>2016-05-31 07:00:41</PriceUpdateDate><ItemCode>7290000406930</ItemCode><ItemType>1</ItemType><ItemName>ריבת מעדן תות שדה לל</ItemName><ManufacturerName>סאן דלפור</ManufacturerName><ManufactureCountry>ישראל</ManufactureCountry><ManufacturerItemDescription>מעדן תות שדה 284 גר</ManufacturerItemDescription><SoldByWeight/><Quantity>284.00</Quantity><UnitOfMeasure>גרם     </UnitOfMeasure><QtyInPackage>לא ידוע</QtyInPackage><UnitOfMeasurePrice>0.0630</UnitOfMeasurePrice><AllowDiscount>1</AllowDiscount><ItemStatus>1</ItemStatus><ItemPrice>17.90</ItemPrice></item><item><PriceUpdateDate>2016-06-28 09:28:08</PriceUpdateDate><ItemCode>7290000407081</ItemCode><ItemType>1</ItemType><ItemName>מב תחבושות קוטקס נור</ItemName><ManufacturerName>קוטקס</ManufacturerName><ManufactureCountry>ישראל</ManufactureCountry><ManufacturerItemDescription>קוטקס תחבושות נורמל+כנפ.2</ManufacturerItemDescription><SoldByWeight/><Quantity>28.00</Quantity><UnitOfMeasure>בודד</UnitOfMeasure><QtyInPackage>לא ידוע</QtyInPackage><UnitOfMeasurePrice>0.6393</UnitOfMeasurePrice><AllowDiscount>1</AllowDiscount><ItemStatus>1</ItemStatus><ItemPrice>17.90</ItemPrice></item><item><PriceUpdateDate>2016-06-28 09:28:08</PriceUpdateDate><ItemCode>7290000407098</ItemCode><ItemType>1</ItemType><ItemName>מב תחבושות קוטקס סופ</ItemName><ManufacturerName>קוטקס</ManufacturerName><ManufactureCountry>ישראל</ManufactureCountry><ManufacturerItemDescription>קוטקס תחבושות סופר+כנפ.24</ManufacturerItemDescription><SoldByWeight/><Quantity>24.00</Quantity><UnitOfMeasure>בודד</UnitOfMeasure><QtyInPackage>לא ידוע</QtyInPackage><UnitOfMeasurePrice>0.7458</UnitOfMeasurePrice><AllowDiscount>1</AllowDiscount><ItemStatus>1</ItemStatus><ItemPrice>17.90</ItemPrice></item><item><PriceUpdateDate>2016-06-28 09:28:08</PriceUpdateDate><ItemCode>7290000407166</ItemCode><ItemType>1</ItemType><ItemName>מב תחבושות קוטקס ניי</ItemName><ManufacturerName>קוטקס</ManufacturerName><ManufactureCountry>ישראל</ManufactureCountry><ManufacturerItemDescription>מב תחבושות קוטקס ניי</ManufacturerItemDescription><SoldByWeight/><Quantity>16.00</Quantity><UnitOfMeasure>בודד</UnitOfMeasure><QtyInPackage>לא ידוע</QtyInPackage><UnitOfMeasurePrice>1.1187</UnitOfMeasurePrice><AllowDiscount>1</AllowDiscount><ItemStatus>1</ItemStatus><ItemPrice>17.90</ItemPrice></item><item><PriceUpdateDate>2016-08-10 08:23:44</PriceUpdateDate><ItemCode>7290000407302</ItemCode><ItemType>1</ItemType><ItemName>טמפוני קוטקס נורמל 3</ItemName><ManufacturerName>קוטקס</ManufacturerName><ManufactureCountry>ישראל</ManufactureCountry><ManufacturerItemDescription>טמפוני קוטקס    נורמל</ManufacturerItemDescription><SoldByWeight/><Quantity>32.00</Quantity><UnitOfMeasure>בודד</UnitOfMeasure><QtyInPackage>לא ידוע</QtyInPackage><UnitOfMeasurePrice>1.0906</UnitOfMeasurePrice><AllowDiscount>1</AllowDiscount><ItemStatus>1</ItemStatus><ItemPrice>34.90</ItemPrice></item><item><PriceUpdateDate>2016-08-02 07:34:02</PriceUpdateDate><ItemCode>7290000407463</ItemCode><ItemType>1</ItemType><ItemName>גליליות וופל אגוזים</ItemName><ManufacturerName>גולדן בריק</ManufacturerName><ManufactureCountry>יוון</ManufactureCountry><ManufacturerItemDescription>גליליות קרם אגוז+קקאו400</ManufacturerItemDescription><SoldByWeight/><Quantity>400.00</Quantity><UnitOfMeasure>גרם     </UnitOfMeasure><QtyInPackage>לא ידוע</QtyInPackage><UnitOfMeasurePrice>0.0508</UnitOfMeasurePrice><AllowDiscount>1</AllowDiscount><ItemStatus>1</ItemStatus><ItemPrice>20.30</ItemPrice></item><item><PriceUpdateDate>2016-06-28 09:28:08</PriceUpdateDate><ItemCode>7290000407982</ItemCode><ItemType>1</ItemType><ItemName>ביסקוויט לוטוס קרמל</ItemName><ManufacturerName>לוטוס</ManufacturerName><ManufactureCountry>בלגיה</ManufactureCountry><ManufacturerItemDescription>ביסקויט לוטוס   .קרמל250</ManufacturerItemDescription><SoldByWeight/><Quantity>250.00</Quantity><UnitOfMeasure>גרם     </UnitOfMeasure><QtyInPackage>לא ידוע</QtyInPackage><UnitOfMeasurePrice>0.0516</UnitOfMeasurePrice><AllowDiscount>1</AllowDiscount><ItemStatus>1</ItemStatus><ItemPrice>12.90</ItemPrice></item><item><PriceUpdateDate>2016-06-28 09:28:08</PriceUpdateDate><ItemCode>7290000408064</ItemCode><ItemType>1</ItemType><ItemName>מב וודקה סמירנוף איי</ItemName><ManufacturerName>סמירנוף אייס</ManufacturerName><ManufactureCountry>איטליה</ManufactureCountry><ManufacturerItemDescription>ממתיק הרמזית    ת</ManufacturerItemDescription><SoldByWeight/><Quantity>275.00</Quantity><UnitOfMeasure>מ"ל</UnitOfMeasure><QtyInPackage>לא ידוע</QtyInPackage><UnitOfMeasurePrice>0.0364</UnitOfMeasurePrice><AllowDiscount>1</AllowDiscount><ItemStatus>1</ItemStatus><ItemPrice>10.00</ItemPrice></item><item><PriceUpdateDate>2016-05-19 10:05:43</PriceUpdateDate><ItemCode>7290000408231</ItemCode><ItemType>1</ItemType><ItemName>אריאל  שושן צחור 1.2</ItemName><ManufacturerName>אריאל</ManufacturerName><ManufactureCountry>ישראל</ManufactureCountry><ManufacturerItemDescription>א.כביסה אריאל שושן צחור1.</ManufacturerItemDescription><SoldByWeight/><Quantity>1250.00</Quantity><UnitOfMeasure>גרם     </UnitOfMeasure><QtyInPackage>לא ידוע</QtyInPackage><UnitOfMeasurePrice>0.0159</UnitOfMeasurePrice><AllowDiscount>1</AllowDiscount><ItemStatus>1</ItemStatus><ItemPrice>19.90</ItemPrice></item><item><PriceUpdateDate>2015-10-11 20:34:11</PriceUpdateDate><ItemCode>7290000408316</ItemCode><ItemType>1</ItemType><ItemName>דנונה טבעי 3% 200 גר</ItemName><ManufacturerName>דנונה</ManufacturerName><ManufactureCountry>ישראל</ManufactureCountry><ManufacturerItemDescription>דנונה 200 3%- גרם</ManufacturerItemDescription><SoldByWeight/><Quantity>200.00</Quantity><UnitOfMeasure>גרם     </UnitOfMeasure><QtyInPackage>לא ידוע</QtyInPackage><UnitOfMeasurePrice>0.0200</UnitOfMeasurePrice><AllowDiscount>1</AllowDiscount><ItemStatus>1</ItemStatus><ItemPrice>4.00</ItemPrice></item><item><PriceUpdateDate>2016-03-17 09:36:47</PriceUpdateDate><ItemCode>7290000408354</ItemCode><ItemType>1</ItemType><ItemName>דנונה בר עם פצפוצי ש</ItemName><ManufacturerName>דנונה</ManufacturerName><ManufactureCountry>ישראל</ManufactureCountry><ManufacturerItemDescription>דנונה+דגנים שוקולד200 1/2</ManufacturerItemDescription><SoldByWeight/><Quantity>173.00</Quantity><UnitOfMeasure>גרם     </UnitOfMeasure><QtyInPackage>לא ידוע</QtyInPackage><UnitOfMeasurePrice>0.0260</UnitOfMeasurePrice><AllowDiscount>1</AllowDiscount><ItemStatus>1</ItemStatus><ItemPrice>4.50</ItemPrice></item><item><PriceUpdateDate>2016-05-31 06:53:30</PriceUpdateDate><ItemCode>7290000408453</ItemCode><ItemType>1</ItemType><ItemName>אבקת כביסה אריאל קול</ItemName><ManufacturerName>אריאל</ManufacturerName><ManufactureCountry>ישראל</ManufactureCountry><ManufacturerItemDescription>אבקת כביסה אריאל קול</ManufacturerItemDescription><SoldByWeight/><Quantity>5000.00</Quantity><UnitOfMeasure>גרם     </UnitOfMeasure><QtyInPackage>לא ידוע</QtyInPackage><UnitOfMeasurePrice>0.0104</UnitOfMeasurePrice><AllowDiscount>1</AllowDiscount><ItemStatus>1</ItemStatus><ItemPrice>51.90</ItemPrice></item><item><PriceUpdateDate>2016-05-31 06:53:30</PriceUpdateDate><ItemCode>7290000408460</ItemCode><ItemType>1</ItemType><ItemName>אבקת כביסה אריאל שוש</ItemName><ManufacturerName>אריאל</ManufacturerName><ManufactureCountry>ישראל</ManufactureCountry><ManufacturerItemDescription>אבקת כביסה אריאל שוש</ManufacturerItemDescription><SoldByWeight/><Quantity>5000.00</Quantity><UnitOfMeasure>גרם     </UnitOfMeasure><QtyInPackage>לא ידוע</QtyInPackage><UnitOfMeasurePrice>0.0104</UnitOfMeasurePrice><AllowDiscount>1</AllowDiscount><ItemStatus>1</ItemStatus><ItemPrice>51.90</ItemPrice></item><item><PriceUpdateDate>2016-06-28 09:30:17</PriceUpdateDate><ItemCode>7290000408477</ItemCode><ItemType>1</ItemType><ItemName>מב אבקת כביסה טייד א</ItemName><ManufacturerName>טייד</ManufacturerName><ManufactureCountry>ישראל</ManufactureCountry><ManufacturerItemDescription>מב אבקת כביסה טייד א</ManufacturerItemDescription><SoldByWeight/><Quantity>5000.00</Quantity><UnitOfMeasure>גרם     </UnitOfMeasure><QtyInPackage>לא ידוע</QtyInPackage><UnitOfMeasurePrice>0.0086</UnitOfMeasurePrice><AllowDiscount>1</AllowDiscount><ItemStatus>1</ItemStatus><ItemPrice>42.90</ItemPrice></item><item><PriceUpdateDate>2016-05-01 08:12:38</PriceUpdateDate><ItemCode>7290000408507</ItemCode><ItemType>1</ItemType><ItemName>פופקורן הוט פופ מלח</ItemName><ManufacturerName>ליימן חטיבת המותגים</ManufacturerName><ManufactureCountry>ארצות הברית</ManufactureCountry><ManufacturerItemDescription>וילדה מטלית</ManufacturerItemDescription><SoldByWeight/><Quantity>600.00</Quantity><UnitOfMeasure>גרם     </UnitOfMeasure><QtyInPackage>לא ידוע</QtyInPackage><UnitOfMeasurePrice>0.0248</UnitOfMeasurePrice><AllowDiscount>1</AllowDiscount><ItemStatus>1</ItemStatus><ItemPrice>14.90</ItemPrice></item><item><PriceUpdateDate>2016-05-01 08:12:38</PriceUpdateDate><ItemCode>7290000408514</ItemCode><ItemType>1</ItemType><ItemName>פופקורן הוט פופ חמאה</ItemName><ManufacturerName>ליימן חטיבת המותגים</ManufacturerName><ManufactureCountry>ארצות הברית</ManufactureCountry><ManufacturerItemDescription>דאודורנט סטיק   בר 56 גר</ManufacturerItemDescription><SoldByWeight/><Quantity>600.00</Quantity><UnitOfMeasure>גרם     </UnitOfMeasure><QtyInPackage>לא ידוע</QtyInPackage><UnitOfMeasurePrice>0.0248</UnitOfMeasurePrice><AllowDiscount>1</AllowDiscount><ItemStatus>1</ItemStatus><ItemPrice>14.90</ItemPrice></item><item><PriceUpdateDate>2016-05-01 08:12:39</PriceUpdateDate><ItemCode>7290000408521</ItemCode><ItemType>1</ItemType><ItemName>פופקורן הוט פופ לייט</ItemName><ManufacturerName>ליימן חטיבת המותגים</ManufacturerName><ManufactureCountry>ארצות הברית</ManufactureCountry><ManufacturerItemDescription>אג'קס ניקוי כללילימון 2ל</ManufacturerItemDescription><SoldByWeight/><Quantity>510.00</Quantity><UnitOfMeasure>גרם     </UnitOfMeasure><QtyInPackage>לא ידוע</QtyInPackage><UnitOfMeasurePrice>0.0292</UnitOfMeasurePrice><AllowDiscount>1</AllowDiscount><ItemStatus>1</ItemStatus><ItemPrice>14.90</ItemPrice></item><item><PriceUpdateDate>2016-08-02 07:34:02</PriceUpdateDate><ItemCode>7290000408606</ItemCode><ItemType>1</ItemType><ItemName>מב דגני בוקר נסקוויק</ItemName><ManufacturerName>נסקוויק</ManufacturerName><ManufactureCountry>פולין</ManufactureCountry><ManufacturerItemDescription>זוג משחות שינייםדום100*2</ManufacturerItemDescription><SoldByWeight/><Quantity>500.00</Quantity><UnitOfMeasure>גרם     </UnitOfMeasure><QtyInPackage>לא ידוע</QtyInPackage><UnitOfMeasurePrice>0.0378</UnitOfMeasurePrice><AllowDiscount>1</AllowDiscount><ItemStatus>1</ItemStatus><ItemPrice>18.90</ItemPrice></item><item><PriceUpdateDate>2016-05-01 08:18:57</PriceUpdateDate><ItemCode>7290000408965</ItemCode><ItemType>1</ItemType><ItemName>משקה אנרגיה אקסל 250</ItemName><ManufacturerName>XL</ManufacturerName><ManufactureCountry>ישראל</ManufactureCountry><ManufacturerItemDescription>משקה אנרגיה XL מל</ManufacturerItemDescription><SoldByWeight/><Quantity>250.00</Quantity><UnitOfMeasure>מ"ל</UnitOfMeasure><QtyInPackage>לא ידוע</QtyInPackage><UnitOfMeasurePrice>0.0120</UnitOfMeasurePrice><AllowDiscount>1</AllowDiscount><ItemStatus>1</ItemStatus><ItemPrice>3.00</ItemPrice></item><item><PriceUpdateDate>2016-06-13 09:58:43</PriceUpdateDate><ItemCode>7290000409481</ItemCode><ItemType>1</ItemType><ItemName>יופלה תות 3% 150 גרם</ItemName><ManufacturerName>יופלה</ManufacturerName><ManufactureCountry>ישראל</ManufactureCountry><ManufacturerItemDescription>יופלה תות 150 3% מל</ManufacturerItemDescription><SoldByWeight/><Quantity>150.00</Quantity><UnitOfMeasure>גרם     </UnitOfMeasure><QtyInPackage>לא ידוע</QtyInPackage><UnitOfMeasurePrice>0.0327</UnitOfMeasurePrice><AllowDiscount>1</AllowDiscount><ItemStatus>1</ItemStatus><ItemPrice>4.90</ItemPrice></item><item><PriceUpdateDate>2016-06-13 09:58:43</PriceUpdateDate><ItemCode>7290000409504</ItemCode><ItemType>1</ItemType><ItemName>יופלה דובדבן 3% 150</ItemName><ManufacturerName>יופלה</ManufacturerName><ManufactureCountry>ישראל</ManufactureCountry><ManufacturerItemDescription>יופלה דובדבן 150 3% מל</ManufacturerItemDescription><SoldByWeight/><Quantity>150.00</Quantity><UnitOfMeasure>גרם     </UnitOfMeasure><QtyInPackage>לא ידוע</QtyInPackage><UnitOfMeasurePrice>0.0327</UnitOfMeasurePrice><AllowDiscount>1</AllowDiscount><ItemStatus>1</ItemStatus><ItemPrice>4.90</ItemPrice></item><item><PriceUpdateDate>2016-06-13 09:58:43</PriceUpdateDate><ItemCode>7290000409511</ItemCode><ItemType>1</ItemType><ItemName>יופלה אפרסק 3% 150 ג</ItemName><ManufacturerName>יופלה</ManufacturerName><ManufactureCountry>ישראל</ManufactureCountry><ManufacturerItemDescription>יופלה אפרסק 150 3% מל</ManufacturerItemDescription><SoldByWeight/><Quantity>150.00</Quantity><UnitOfMeasure>גרם     </UnitOfMeasure><QtyInPackage>לא ידוע</QtyInPackage><UnitOfMeasurePrice>0.0327</UnitOfMeasurePrice><AllowDiscount>1</AllowDiscount><ItemStatus>1</ItemStatus><ItemPrice>4.90</ItemPrice></item><item><PriceUpdateDate>2015-11-18 13:57:08</PriceUpdateDate><ItemCode>7290000409566</ItemCode><ItemType>1</ItemType><ItemName>גבינה טוסטי אדם ישרא</ItemName><ManufacturerName>טוסטי</ManufacturerName><ManufactureCountry>ישראל</ManufactureCountry><ManufacturerItemDescription>גבינה מותכת טוסטי-אדם22%פ</ManufacturerItemDescription><SoldByWeight/><Quantity>200.00</Quantity><UnitOfMeasure>גרם     </UnitOfMeasure><QtyInPackage>לא ידוע</QtyInPackage><UnitOfMeasurePrice>0.0945</UnitOfMeasurePrice><AllowDiscount>1</AllowDiscount><ItemStatus>1</ItemStatus><ItemPrice>18.90</ItemPrice></item><item><PriceUpdateDate>2016-02-11 08:21:13</PriceUpdateDate><ItemCode>7290000409580</ItemCode><ItemType>1</ItemType><ItemName>גילה 3% בד"צ 125 גרם</ItemName><ManufacturerName>גיל</ManufacturerName><ManufactureCountry>ישראל</ManufactureCountry><ManufacturerItemDescription>גילה 3% בד"צ 125 גרם</ManufacturerItemDescription><SoldByWeight/><Quantity>125.00</Quantity><UnitOfMeasure>מ"ל</UnitOfMeasure><QtyInPackage>לא ידוע</QtyInPackage><UnitOfMeasurePrice>0.0070</UnitOfMeasurePrice><AllowDiscount>1</AllowDiscount><ItemStatus>1</ItemStatus><ItemPrice>0.87</ItemPrice></item><item><PriceUpdateDate>2015-10-01 06:15:46</PriceUpdateDate><ItemCode>7290000409597</ItemCode><ItemType>1</ItemType><ItemName>קוטג' 5% בדצ 250 גרם</ItemName><ManufacturerName>קוטג תנובה</ManufacturerName><ManufactureCountry>ישראל</ManufactureCountry><ManufacturerItemDescription>קוטג250 5% גר.מהדרין</ManufacturerItemDescription><SoldByWeight/><Quantity>250.00</Quantity><UnitOfMeasure>גרם     </UnitOfMeasure><QtyInPackage>לא ידוע</QtyInPackage><UnitOfMeasurePrice>0.0228</UnitOfMeasurePrice><AllowDiscount>1</AllowDiscount><ItemStatus>1</ItemStatus><ItemPrice>5.70</ItemPrice></item><item><PriceUpdateDate>2015-12-09 09:14:27</PriceUpdateDate><ItemCode>7290000409603</ItemCode><ItemType>1</ItemType><ItemName>קוטג' 9% בדצ 250 גרם</ItemName><ManufacturerName>קוטג תנובה</ManufacturerName><ManufactureCountry>ישראל</ManufactureCountry><ManufacturerItemDescription>קוטג' 9% בדצ 250 גרם</ManufacturerItemDescription><SoldByWeight/><Quantity>250.00</Quantity><UnitOfMeasure>גרם     </UnitOfMeasure><QtyInPackage>לא ידוע</QtyInPackage><UnitOfMeasurePrice>0.0228</UnitOfMeasurePrice><AllowDiscount>1</AllowDiscount><ItemStatus>1</ItemStatus><ItemPrice>5.70</ItemPrice></item><item><PriceUpdateDate>2016-08-10 08:22:48</PriceUpdateDate><ItemCode>7290000409610</ItemCode><ItemType>1</ItemType><ItemName>שמנת מועשרת 15% יטבת</ItemName><ManufacturerName>יטבתה</ManufacturerName><ManufactureCountry>ישראל</ManufactureCountry><ManufacturerItemDescription>שמנת יטבתה 200 מעושרת  פי</ManufacturerItemDescription><SoldByWeight/><Quantity>200.00</Quantity><UnitOfMeasure>מ"ל</UnitOfMeasure><QtyInPackage>לא ידוע</QtyInPackage><UnitOfMeasurePrice>0.0135</UnitOfMeasurePrice><AllowDiscount>1</AllowDiscount><ItemStatus>1</ItemStatus><ItemPrice>2.70</ItemPrice></item><item><PriceUpdateDate>2016-08-10 08:22:48</PriceUpdateDate><ItemCode>7290000409634</ItemCode><ItemType>1</ItemType><ItemName>לבן מועשר 3% יטבתה 2</ItemName><ManufacturerName>יטבתה</ManufacturerName><ManufactureCountry>ישראל</ManufactureCountry><ManufacturerItemDescription>לבן יוטבתה רווית200 3%מל</ManufacturerItemDescription><SoldByWeight/><Quantity>200.00</Quantity><UnitOfMeasure>מ"ל</UnitOfMeasure><QtyInPackage>לא ידוע</QtyInPackage><UnitOfMeasurePrice>0.0115</UnitOfMeasurePrice><AllowDiscount>1</AllowDiscount><ItemStatus>1</ItemStatus><ItemPrice>2.30</ItemPrice></item><item><PriceUpdateDate>2016-02-11 08:21:13</PriceUpdateDate><ItemCode>7290000409641</ItemCode><ItemType>1</ItemType><ItemName>חלב 3% בשקית 1 ליטר</ItemName><ManufacturerName>חלב תנובה</ManufacturerName><ManufactureCountry>ישראל</ManufactureCountry><ManufacturerItemDescription>חלב1 3% ל.שקית פיקוח</ManufacturerItemDescription><SoldByWeight/><Quantity>1000.00</Quantity><UnitOfMeasure>מ"ל</UnitOfMeasure><QtyInPackage>לא ידוע</QtyInPackage><UnitOfMeasurePrice>0.0050</UnitOfMeasurePrice><AllowDiscount>1</AllowDiscount><ItemStatus>1</ItemStatus><ItemPrice>5.00</ItemPrice></item><item><PriceUpdateDate>2016-02-14 09:10:05</PriceUpdateDate><ItemCode>7290000409665</ItemCode><ItemType>1</ItemType><ItemName>חלב על הבוקר 1% מועש</ItemName><ManufacturerName>חלב תנובה</ManufacturerName><ManufactureCountry>ישראל</ManufactureCountry><ManufacturerItemDescription>חלב 1% על הבוקר קרטון+פקק</ManufacturerItemDescription><SoldByWeight/><Quantity>1000.00</Quantity><UnitOfMeasure>מ"ל</UnitOfMeasure><QtyInPackage>לא ידוע</QtyInPackage><UnitOfMeasurePrice>0.0089</UnitOfMeasurePrice><AllowDiscount>1</AllowDiscount><ItemStatus>1</ItemStatus><ItemPrice>8.90</ItemPrice></item><item><PriceUpdateDate>2016-02-11 08:21:13</PriceUpdateDate><ItemCode>7290000409672</ItemCode><ItemType>1</ItemType><ItemName>חלב 1% בשקית 1 ליטר</ItemName><ManufacturerName>חלב תנובה</ManufacturerName><ManufactureCountry>ישראל</ManufactureCountry><ManufacturerItemDescription>חלב1 1% ל.שקית פיקוח</ManufacturerItemDescription><SoldByWeight/><Quantity>1000.00</Quantity><UnitOfMeasure>מ"ל</UnitOfMeasure><QtyInPackage>לא ידוע</QtyInPackage><UnitOfMeasurePrice>0.0047</UnitOfMeasurePrice><AllowDiscount>1</AllowDiscount><ItemStatus>1</ItemStatus><ItemPrice>4.65</ItemPrice></item><item><PriceUpdateDate>2016-04-22 09:51:57</PriceUpdateDate><ItemCode>7290000409689</ItemCode><ItemType>1</ItemType><ItemName>חלב כד 1% שומן 2 ליט</ItemName><ManufacturerName>חלב תנובה</ManufacturerName><ManufactureCountry>ישראל</ManufactureCountry><ManufacturerItemDescription>חלב2 1% ל.בכד</ManufacturerItemDescription><SoldByWeight/><Quantity>2000.00</Quantity><UnitOfMeasure>מ"ל</UnitOfMeasure><QtyInPackage>לא ידוע</QtyInPackage><UnitOfMeasurePrice>0.0054</UnitOfMeasurePrice><AllowDiscount>1</AllowDiscount><ItemStatus>1</ItemStatus><ItemPrice>10.80</ItemPrice></item><item><PriceUpdateDate>2016-08-10 08:22:48</PriceUpdateDate><ItemCode>7290000409719</ItemCode><ItemType>1</ItemType><ItemName>חלב מועשר יטבתה 3% ב</ItemName><ManufacturerName>יטבתה</ManufacturerName><ManufactureCountry>ישראל</ManufactureCountry><ManufacturerItemDescription>חלב1 3% ל.שקית מועשר יוטב</ManufacturerItemDescription><SoldByWeight/><Quantity>1000.00</Quantity><UnitOfMeasure>מ"ל</UnitOfMeasure><QtyInPackage>לא ידוע</QtyInPackage><UnitOfMeasurePrice>0.0065</UnitOfMeasurePrice><AllowDiscount>1</AllowDiscount><ItemStatus>1</ItemStatus><ItemPrice>6.50</ItemPrice></item><item><PriceUpdateDate>2016-05-15 10:47:59</PriceUpdateDate><ItemCode>7290000409726</ItemCode><ItemType>1</ItemType><ItemName>חלב 1% בקרטון 1 ליטר</ItemName><ManufacturerName>חלב תנובה</ManufacturerName><ManufactureCountry>ישראל</ManufactureCountry><ManufacturerItemDescription>חלב1 1% ל.קרטון פיקוח</ManufacturerItemDescription><SoldByWeight/><Quantity>1000.00</Quantity><UnitOfMeasure>מ"ל</UnitOfMeasure><QtyInPackage>לא ידוע</QtyInPackage><UnitOfMeasurePrice>0.0054</UnitOfMeasurePrice><AllowDiscount>1</AllowDiscount><ItemStatus>1</ItemStatus><ItemPrice>5.40</ItemPrice></item><item><PriceUpdateDate>2016-05-15 10:47:59</PriceUpdateDate><ItemCode>7290000409733</ItemCode><ItemType>1</ItemType><ItemName>חלב 3% בקרטון 1 ליטר</ItemName><ManufacturerName>חלב תנובה</ManufacturerName><ManufactureCountry>ישראל</ManufactureCountry><ManufacturerItemDescription>חלב1 3% ל.קרטון+פקק פיקוח</ManufacturerItemDescription><SoldByWeight/><Quantity>1000.00</Quantity><UnitOfMeasure>מ"ל</UnitOfMeasure><QtyInPackage>לא ידוע</QtyInPackage><UnitOfMeasurePrice>0.0058</UnitOfMeasurePrice><AllowDiscount>1</AllowDiscount><ItemStatus>1</ItemStatus><ItemPrice>5.75</ItemPrice></item><item><PriceUpdateDate>2016-02-12 08:30:56</PriceUpdateDate><ItemCode>7290000409740</ItemCode><ItemType>1</ItemType><ItemName>חלב 1% מועשר בחלבוני</ItemName><ManufacturerName>חלב תנובה</ManufacturerName><ManufactureCountry>ישראל</ManufactureCountry><ManufacturerItemDescription>חלב 1% מועשר קרטון+פקק1 ל</ManufacturerItemDescription><SoldByWeight/><Quantity>1000.00</Quantity><UnitOfMeasure>מ"ל</UnitOfMeasure><QtyInPackage>לא ידוע</QtyInPackage><UnitOfMeasurePrice>0.0089</UnitOfMeasurePrice><AllowDiscount>1</AllowDiscount><ItemStatus>1</ItemStatus><ItemPrice>8.90</ItemPrice></item><item><PriceUpdateDate>2015-10-22 10:36:23</PriceUpdateDate><ItemCode>7290000409801</ItemCode><ItemType>1</ItemType><ItemName>חלב עמיד3% 250 מ''ל</ItemName><ManufacturerName>חלב תנובה</ManufacturerName><ManufactureCountry>ישראל</ManufactureCountry><ManufacturerItemDescription>חלב עמיד 250 מל</ManufacturerItemDescription><SoldByWeight/><Quantity>250.00</Quantity><UnitOfMeasure>מ"ל</UnitOfMeasure><QtyInPackage>לא ידוע</QtyInPackage><UnitOfMeasurePrice>0.0112</UnitOfMeasurePrice><AllowDiscount>1</AllowDiscount><ItemStatus>1</ItemStatus><ItemPrice>2.80</ItemPrice></item><item><PriceUpdateDate>2015-10-22 10:36:24</PriceUpdateDate><ItemCode>7290000409825</ItemCode><ItemType>1</ItemType><ItemName>שוקו בכד 2 ליטר</ItemName><ManufacturerName>שוק</ManufacturerName><ManufactureCountry>ישראל</ManufactureCountry><ManufacturerItemDescription>שוקו בכד 2 ליטר</ManufacturerItemDescription><SoldByWeight/><Quantity>2000.00</Quantity><UnitOfMeasure>מ"ל</UnitOfMeasure><QtyInPackage>לא ידוע</QtyInPackage><UnitOfMeasurePrice>0.0112</UnitOfMeasurePrice><AllowDiscount>1</AllowDiscount><ItemStatus>1</ItemStatus><ItemPrice>22.30</ItemPrice></item><item><PriceUpdateDate>2015-10-11 20:33:29</PriceUpdateDate><ItemCode>7290000409832</ItemCode><ItemType>1</ItemType><ItemName>שוקו יטבתה שקית 225</ItemName><ManufacturerName>יטבתה</ManufacturerName><ManufactureCountry>ישראל</ManufactureCountry><ManufacturerItemDescription>שוקו בשקית 225 מל.יוטבתה</ManufacturerItemDescription><SoldByWeight/><Quantity>225.00</Quantity><UnitOfMeasure>מ"ל</UnitOfMeasure><QtyInPackage>לא ידוע</QtyInPackage><UnitOfMeasurePrice>0.0120</UnitOfMeasurePrice><AllowDiscount>1</AllowDiscount><ItemStatus>1</ItemStatus><ItemPrice>2.70</ItemPrice></item><item><PriceUpdateDate>2015-10-11 20:33:29</PriceUpdateDate><ItemCode>7290000409870</ItemCode><ItemType>1</ItemType><ItemName>חמאה מלוחה 200 גרם</ItemName><ManufacturerName>חמאת תנובה</ManufacturerName><ManufactureCountry>ישראל</ManufactureCountry><ManufacturerItemDescription>חמאה מלוחה200 ג</ManufacturerItemDescription><SoldByWeight/><Quantity>200.00</Quantity><UnitOfMeasure>גרם     </UnitOfMeasure><QtyInPackage>לא ידוע</QtyInPackage><UnitOfMeasurePrice>0.0485</UnitOfMeasurePrice><AllowDiscount>1</AllowDiscount><ItemStatus>1</ItemStatus><ItemPrice>9.70</ItemPrice></item><item><PriceUpdateDate>2016-02-11 08:21:13</PriceUpdateDate><ItemCode>7290000409887</ItemCode><ItemType>1</ItemType><ItemName>שמנת עמידה לקצפת 38%</ItemName><ManufacturerName>שף לבן</ManufacturerName><ManufactureCountry>ישראל</ManufactureCountry><ManufacturerItemDescription>שמנת מתוקה עמידה</ManufacturerItemDescription><SoldByWeight/><Quantity>250.00</Quantity><UnitOfMeasure>מ"ל</UnitOfMeasure><QtyInPackage>לא ידוע</QtyInPackage><UnitOfMeasurePrice>0.0238</UnitOfMeasurePrice><AllowDiscount>1</AllowDiscount><ItemStatus>1</ItemStatus><ItemPrice>5.95</ItemPrice></item><item><PriceUpdateDate>2016-02-15 12:44:34</PriceUpdateDate><ItemCode>7290000409900</ItemCode><ItemType>1</ItemType><ItemName>ריוויון 1.5% שומן 1</ItemName><ManufacturerName>ריויון</ManufacturerName><ManufactureCountry>ישראל</ManufactureCountry><ManufacturerItemDescription>רויון 1 ליטר בקרטון</ManufacturerItemDescription><SoldByWeight/><Quantity>1000.00</Quantity><UnitOfMeasure>מ"ל</UnitOfMeasure><QtyInPackage>לא ידוע</QtyInPackage><UnitOfMeasurePrice>0.0117</UnitOfMeasurePrice><AllowDiscount>1</AllowDiscount><ItemStatus>1</ItemStatus><ItemPrice>11.70</ItemPrice></item><item><PriceUpdateDate>2015-10-11 20:33:29</PriceUpdateDate><ItemCode>7290000409917</ItemCode><ItemType>1</ItemType><ItemName>יוגורט כד תנובה 1.5</ItemName><ManufacturerName>יופלה</ManufacturerName><ManufactureCountry>ישראל</ManufactureCountry><ManufacturerItemDescription>יוגורט 1.5 ל .בכד</ManufacturerItemDescription><SoldByWeight/><Quantity>1500.00</Quantity><UnitOfMeasure>מ"ל</UnitOfMeasure><QtyInPackage>לא ידוע</QtyInPackage><UnitOfMeasurePrice>0.0114</UnitOfMeasurePrice><AllowDiscount>1</AllowDiscount><ItemStatus>1</ItemStatus><ItemPrice>17.10</ItemPrice></item><item><PriceUpdateDate>2015-10-22 10:36:24</PriceUpdateDate><ItemCode>7290000409955</ItemCode><ItemType>1</ItemType><ItemName>ריויון חצי ליטר</ItemName><ManufacturerName>ריויון</ManufacturerName><ManufactureCountry>ישראל</ManufactureCountry><ManufacturerItemDescription>רויון500 מל .קרטון</ManufacturerItemDescription><SoldByWeight/><Quantity>500.00</Quantity><UnitOfMeasure>מ"ל</UnitOfMeasure><QtyInPackage>לא ידוע</QtyInPackage><UnitOfMeasurePrice>0.0136</UnitOfMeasurePrice><AllowDiscount>1</AllowDiscount><ItemStatus>1</ItemStatus><ItemPrice>6.80</ItemPrice></item><item><PriceUpdateDate>2016-06-28 09:28:09</PriceUpdateDate><ItemCode>7290000409962</ItemCode><ItemType>1</ItemType><ItemName>פרילי תות 500 מ''ל</ItemName><ManufacturerName>פרילי</ManufacturerName><ManufactureCountry>ישראל</ManufactureCountry><ManufacturerItemDescription>פרילי תות500 מל</ManufacturerItemDescription><SoldByWeight/><Quantity>500.00</Quantity><UnitOfMeasure>מ"ל</UnitOfMeasure><QtyInPackage>לא ידוע</QtyInPackage><UnitOfMeasurePrice>0.0218</UnitOfMeasurePrice><AllowDiscount>1</AllowDiscount><ItemStatus>1</ItemStatus><ItemPrice>10.90</ItemPrice></item><item><PriceUpdateDate>2016-05-31 06:53:31</PriceUpdateDate><ItemCode>7290000409979</ItemCode><ItemType>1</ItemType><ItemName>מעדן באדי תות 500 גר</ItemName><ManufacturerName>באדי</ManufacturerName><ManufactureCountry>ישראל</ManufactureCountry><ManufacturerItemDescription>באדי תות 500 3% מל</ManufacturerItemDescription><SoldByWeight/><Quantity>500.00</Quantity><UnitOfMeasure>גרם     </UnitOfMeasure><QtyInPackage>לא ידוע</QtyInPackage><UnitOfMeasurePrice>0.0196</UnitOfMeasurePrice><AllowDiscount>1</AllowDiscount><ItemStatus>1</ItemStatus><ItemPrice>9.80</ItemPrice></item><item><PriceUpdateDate>2016-05-31 06:53:31</PriceUpdateDate><ItemCode>7290000409993</ItemCode><ItemType>1</ItemType><ItemName>גבינת נעמה 200 גרם</ItemName><ManufacturerName>נעמה</ManufacturerName><ManufactureCountry>ישראל</ManufactureCountry><ManufacturerItemDescription>גבינה מותכת נעמה 200 גרם</ManufacturerItemDescription><SoldByWeight/><Quantity>200.00</Quantity><UnitOfMeasure>גרם     </UnitOfMeasure><QtyInPackage>לא ידוע</QtyInPackage><UnitOfMeasurePrice>0.0740</UnitOfMeasurePrice><AllowDiscount>1</AllowDiscount><ItemStatus>1</ItemStatus><ItemPrice>14.80</ItemPrice></item><item><PriceUpdateDate>2016-05-31 06:53:31</PriceUpdateDate><ItemCode>7290000410005</ItemCode><ItemType>1</ItemType><ItemName>גבינת חורש 240 גרם</ItemName><ManufacturerName>נעמה</ManufacturerName><ManufactureCountry>ישראל</ManufactureCountry><ManufacturerItemDescription>גבינה מותכת חורש 240 גרם</ManufacturerItemDescription><SoldByWeight/><Quantity>240.00</Quantity><UnitOfMeasure>גרם     </UnitOfMeasure><QtyInPackage>לא ידוע</QtyInPackage><UnitOfMeasurePrice>0.0746</UnitOfMeasurePrice><AllowDiscount>1</AllowDiscount><ItemStatus>1</ItemStatus><ItemPrice>17.90</ItemPrice></item><item><PriceUpdateDate>2015-10-22 10:36:24</PriceUpdateDate><ItemCode>7290000410012</ItemCode><ItemType>1</ItemType><ItemName>יוגורט 3 ליטר</ItemName><ManufacturerName>יופלה</ManufacturerName><ManufactureCountry>ישראל</ManufactureCountry><ManufacturerItemDescription>יוגורט 3 ליטר</ManufacturerItemDescription><SoldByWeight/><Quantity>3000.00</Quantity><UnitOfMeasure>מ"ל</UnitOfMeasure><QtyInPackage>לא ידוע</QtyInPackage><UnitOfMeasurePrice>0.0098</UnitOfMeasurePrice><AllowDiscount>1</AllowDiscount><ItemStatus>1</ItemStatus><ItemPrice>29.40</ItemPrice></item><item><PriceUpdateDate>2016-06-15 08:32:03</PriceUpdateDate><ItemCode>7290000410029</ItemCode><ItemType>1</ItemType><ItemName>גבינת קולאז עיזים גל</ItemName><ManufacturerName>גבינות תנובה</ManufacturerName><ManufactureCountry>ישראל</ManufactureCountry><ManufacturerItemDescription>גבינהצאן פרומעז גלילית 20</ManufacturerItemDescription><SoldByWeight/><Quantity>200.00</Quantity><UnitOfMeasure>גרם     </UnitOfMeasure><QtyInPackage>לא ידוע</QtyInPackage><UnitOfMeasurePrice>0.1310</UnitOfMeasurePrice><AllowDiscount>1</AllowDiscount><ItemStatus>1</ItemStatus><ItemPrice>26.20</ItemPrice></item><item><PriceUpdateDate>2016-06-06 12:23:23</PriceUpdateDate><ItemCode>7290000410104</ItemCode><ItemType>1</ItemType><ItemName>צהובה גלבוע 22% פרוס</ItemName><ManufacturerName>גלבוע</ManufacturerName><ManufactureCountry>ישראל</ManufactureCountry><ManufacturerItemDescription>גבינהקשה גלבוע פרוס200גר</ManufacturerItemDescription><SoldByWeight/><Quantity>200.00</Quantity><UnitOfMeasure>גרם     </UnitOfMeasure><QtyInPackage>לא ידוע</QtyInPackage><UnitOfMeasurePrice>0.0645</UnitOfMeasurePrice><AllowDiscount>1</AllowDiscount><ItemStatus>1</ItemStatus><ItemPrice>12.90</ItemPrice></item><item><PriceUpdateDate>2015-10-11 20:33:30</PriceUpdateDate><ItemCode>7290000410258</ItemCode><ItemType>1</ItemType><ItemName>גבינת כנען כחושה 5%</ItemName><ManufacturerName>שף לבן</ManufacturerName><ManufactureCountry>ישראל</ManufactureCountry><ManufacturerItemDescription>גבינת כנען כחושה 5%</ManufacturerItemDescription><SoldByWeight/><Quantity>500.00</Quantity><UnitOfMeasure>גרם     </UnitOfMeasure><QtyInPackage>לא ידוע</QtyInPackage><UnitOfMeasurePrice>0.0470</UnitOfMeasurePrice><AllowDiscount>1</AllowDiscount><ItemStatus>1</ItemStatus><ItemPrice>23.50</ItemPrice></item><item><PriceUpdateDate>2016-08-10 08:23:44</PriceUpdateDate><ItemCode>7290000410302</ItemCode><ItemType>1</ItemType><ItemName>מב גבינה לבנה 9% בד'</ItemName><ManufacturerName>גבינות תנובה</ManufacturerName><ManufactureCountry>ישראל</ManufactureCountry><ManufacturerItemDescription>מב גבינה לבנה 9% בד'</ManufacturerItemDescription><SoldByWeight/><Quantity>250.00</Quantity><UnitOfMeasure>גרם     </UnitOfMeasure><QtyInPackage>לא ידוע</QtyInPackage><UnitOfMeasurePrice>0.0160</UnitOfMeasurePrice><AllowDiscount>1</AllowDiscount><ItemStatus>1</ItemStatus><ItemPrice>4.00</ItemPrice></item><item><PriceUpdateDate>2016-08-10 08:23:44</PriceUpdateDate><ItemCode>7290000410319</ItemCode><ItemType>1</ItemType><ItemName>מב גבינה 5% 250 גרם</ItemName><ManufacturerName>גבינות תנובה</ManufacturerName><ManufactureCountry>ישראל</ManufactureCountry><ManufacturerItemDescription>גבינה למריחה 250 5%גרם גב</ManufacturerItemDescription><SoldByWeight/><Quantity>250.00</Quantity><UnitOfMeasure>גרם     </UnitOfMeasure><QtyInPackage>לא ידוע</QtyInPackage><UnitOfMeasurePrice>0.0160</UnitOfMeasurePrice><AllowDiscount>1</AllowDiscount><ItemStatus>1</ItemStatus><ItemPrice>4.00</ItemPrice></item><item><PriceUpdateDate>2015-10-22 10:36:24</PriceUpdateDate><ItemCode>7290000410333</ItemCode><ItemType>1</ItemType><ItemName>גבינת קוטג 5% עם זית</ItemName><ManufacturerName>קוטג תנובה</ManufacturerName><ManufactureCountry>ישראל</ManufactureCountry><ManufacturerItemDescription>קוטג 5%זיתים 250 גר</ManufacturerItemDescription><SoldByWeight/><Quantity>250.00</Quantity><UnitOfMeasure>גרם     </UnitOfMeasure><QtyInPackage>לא ידוע</QtyInPackage><UnitOfMeasurePrice>0.0248</UnitOfMeasurePrice><AllowDiscount>1</AllowDiscount><ItemStatus>1</ItemStatus><ItemPrice>6.20</ItemPrice></item><item><PriceUpdateDate>2016-08-10 08:22:48</PriceUpdateDate><ItemCode>7290000410340</ItemCode><ItemType>1</ItemType><ItemName>גבינת חמד פיראוס 250</ItemName><ManufacturerName>פיראוס</ManufacturerName><ManufactureCountry>ישראל</ManufactureCountry><ManufacturerItemDescription>גבינה חמד פיראוס בשקיות25</ManufacturerItemDescription><SoldByWeight/><Quantity>250.00</Quantity><UnitOfMeasure>גרם     </UnitOfMeasure><QtyInPackage>לא ידוע</QtyInPackage><UnitOfMeasurePrice>0.0756</UnitOfMeasurePrice><AllowDiscount>1</AllowDiscount><ItemStatus>1</ItemStatus><ItemPrice>18.90</ItemPrice></item><item><PriceUpdateDate>2016-08-02 07:34:04</PriceUpdateDate><ItemCode>7290000410357</ItemCode><ItemType>1</ItemType><ItemName>גבינה צפתית 5%שומן 2</ItemName><ManufacturerName>פיראוס</ManufacturerName><ManufactureCountry>ישראל</ManufactureCountry><ManufacturerItemDescription>גבינה צפתית 5% פיראוס200</ManufacturerItemDescription><SoldByWeight/><Quantity>200.00</Quantity><UnitOfMeasure>גרם     </UnitOfMeasure><QtyInPackage>לא ידוע</QtyInPackage><UnitOfMeasurePrice>0.0795</UnitOfMeasurePrice><AllowDiscount>1</AllowDiscount><ItemStatus>1</ItemStatus><ItemPrice>15.90</ItemPrice></item><item><PriceUpdateDate>2016-03-29 07:02:03</PriceUpdateDate><ItemCode>7290000410401</ItemCode><ItemType>1</ItemType><ItemName>מארז משקה יופלה 360</ItemName><ManufacturerName>יופלה</ManufacturerName><ManufactureCountry>ישראל</ManufactureCountry><ManufacturerItemDescription>מארז משקה יופלה 360</ManufacturerItemDescription><SoldByWeight/><Quantity>600.00</Quantity><UnitOfMeasure>מ"ל</UnitOfMeasure><QtyInPackage>לא ידוע</QtyInPackage><UnitOfMeasurePrice>0.0218</UnitOfMeasurePrice><AllowDiscount>1</AllowDiscount><ItemStatus>1</ItemStatus><ItemPrice>13.10</ItemPrice></item><item><PriceUpdateDate>2016-03-29 07:02:03</PriceUpdateDate><ItemCode>7290000410418</ItemCode><ItemType>1</ItemType><ItemName>מארז משקה יופלה 360</ItemName><ManufacturerName>יופלה</ManufacturerName><ManufactureCountry>ישראל</ManufactureCountry><ManufacturerItemDescription>מארז משקה יופלה 360</ManufacturerItemDescription><SoldByWeight/><Quantity>600.00</Quantity><UnitOfMeasure>מ"ל</UnitOfMeasure><QtyInPackage>לא ידוע</QtyInPackage><UnitOfMeasurePrice>0.0218</UnitOfMeasurePrice><AllowDiscount>1</AllowDiscount><ItemStatus>1</ItemStatus><ItemPrice>13.10</ItemPrice></item><item><PriceUpdateDate>2016-08-02 07:34:04</PriceUpdateDate><ItemCode>7290000410470</ItemCode><ItemType>1</ItemType><ItemName>יופלה תות 500 גרם</ItemName><ManufacturerName>יופלה</ManufacturerName><ManufactureCountry>ישראל</ManufactureCountry><ManufacturerItemDescription>יופלה תות 500 גרם</ManufacturerItemDescription><SoldByWeight/><Quantity>500.00</Quantity><UnitOfMeasure>גרם     </UnitOfMeasure><QtyInPackage>לא ידוע</QtyInPackage><UnitOfMeasurePrice>0.0282</UnitOfMeasurePrice><AllowDiscount>1</AllowDiscount><ItemStatus>1</ItemStatus><ItemPrice>14.10</ItemPrice></item><item><PriceUpdateDate>2016-08-02 07:34:04</PriceUpdateDate><ItemCode>7290000410487</ItemCode><ItemType>1</ItemType><ItemName>יופלה אפרסק 500 גרם</ItemName><ManufacturerName>יופלה</ManufacturerName><ManufactureCountry>ישראל</ManufactureCountry><ManufacturerItemDescription>יופלה אפרסק 500 גרם</ManufacturerItemDescription><SoldByWeight/><Quantity>500.00</Quantity><UnitOfMeasure>גרם     </UnitOfMeasure><QtyInPackage>לא ידוע</QtyInPackage><UnitOfMeasurePrice>0.0282</UnitOfMeasurePrice><AllowDiscount>1</AllowDiscount><ItemStatus>1</ItemStatus><ItemPrice>14.10</ItemPrice></item><item><PriceUpdateDate>2016-08-02 07:34:04</PriceUpdateDate><ItemCode>7290000410609</ItemCode><ItemType>1</ItemType><ItemName>מארז שטוזים בננה 400</ItemName><ManufacturerName>יופלה</ManufacturerName><ManufactureCountry>ישראל</ManufactureCountry><ManufacturerItemDescription>מארז יופלה שטוזים בננה</ManufacturerItemDescription><SoldByWeight/><Quantity>400.00</Quantity><UnitOfMeasure>גרם     </UnitOfMeasure><QtyInPackage>לא ידוע</QtyInPackage><UnitOfMeasurePrice>0.0273</UnitOfMeasurePrice><AllowDiscount>1</AllowDiscount><ItemStatus>1</ItemStatus><ItemPrice>10.90</ItemPrice></item><item><PriceUpdateDate>2016-08-02 07:34:04</PriceUpdateDate><ItemCode>7290000410623</ItemCode><ItemType>1</ItemType><ItemName>מארז שטוזים תות 400</ItemName><ManufacturerName>יופלה</ManufacturerName><ManufactureCountry>ישראל</ManufactureCountry><ManufacturerItemDescription>מארז יופלה שטוזים תות 400</ManufacturerItemDescription><SoldByWeight/><Quantity>400.00</Quantity><UnitOfMeasure>גרם     </UnitOfMeasure><QtyInPackage>לא ידוע</QtyInPackage><UnitOfMeasurePrice>0.0273</UnitOfMeasurePrice><AllowDiscount>1</AllowDiscount><ItemStatus>1</ItemStatus><ItemPrice>10.90</ItemPrice></item><item><PriceUpdateDate>2016-03-01 06:11:56</PriceUpdateDate><ItemCode>7290000410692</ItemCode><ItemType>1</ItemType><ItemName>מארז הפסקת אוכל דגני</ItemName><ManufacturerName>חלב תנובה</ManufacturerName><ManufactureCountry>ישראל</ManufactureCountry><ManufacturerItemDescription>מארז הפסקת אוכל דגני</ManufacturerItemDescription><SoldByWeight/><Quantity>150.00</Quantity><UnitOfMeasure>מ"ל</UnitOfMeasure><QtyInPackage>לא ידוע</QtyInPackage><UnitOfMeasurePrice>0.0640</UnitOfMeasurePrice><AllowDiscount>1</AllowDiscount><ItemStatus>1</ItemStatus><ItemPrice>9.60</ItemPrice></item><item><PriceUpdateDate>2016-08-02 07:34:04</PriceUpdateDate><ItemCode>7290000410920</ItemCode><ItemType>1</ItemType><ItemName>יופלה YYY פירות יער3</ItemName><ManufacturerName>יופלה</ManufacturerName><ManufactureCountry>ישראל</ManufactureCountry><ManufacturerItemDescription>יופלה YYY פירות יער 500 3</ManufacturerItemDescription><SoldByWeight/><Quantity>500.00</Quantity><UnitOfMeasure>מ"ל</UnitOfMeasure><QtyInPackage>לא ידוע</QtyInPackage><UnitOfMeasurePrice>0.0282</UnitOfMeasurePrice><AllowDiscount>1</AllowDiscount><ItemStatus>1</ItemStatus><ItemPrice>14.10</ItemPrice></item><item><PriceUpdateDate>2016-08-02 07:34:04</PriceUpdateDate><ItemCode>7290000410951</ItemCode><ItemType>1</ItemType><ItemName>מב משקה מוקה 1 ליטר</ItemName><ManufacturerName>שוק</ManufacturerName><ManufactureCountry>ישראל</ManufactureCountry><ManufacturerItemDescription>מב משקה מוקה 1 ליטר</ManufacturerItemDescription><SoldByWeight/><Quantity>1.00</Quantity><UnitOfMeasure>ליטר    </UnitOfMeasure><QtyInPackage>לא ידוע</QtyInPackage><UnitOfMeasurePrice>9.0000</UnitOfMeasurePrice><AllowDiscount>1</AllowDiscount><ItemStatus>1</ItemStatus><ItemPrice>9.00</ItemPrice></item><item><PriceUpdateDate>2016-06-28 09:28:09</PriceUpdateDate><ItemCode>7290000410968</ItemCode><ItemType>1</ItemType><ItemName>משקה מוקה 340 מ"ל תנ</ItemName><ManufacturerName>תנובה</ManufacturerName><ManufactureCountry>ישראל</ManufactureCountry><ManufacturerItemDescription>משקה מוקה תנובה 340 מל בב</ManufacturerItemDescription><SoldByWeight/><Quantity>340.00</Quantity><UnitOfMeasure>מ"ל</UnitOfMeasure><QtyInPackage>לא ידוע</QtyInPackage><UnitOfMeasurePrice>0.0191</UnitOfMeasurePrice><AllowDiscount>1</AllowDiscount><ItemStatus>1</ItemStatus><ItemPrice>6.50</ItemPrice></item><item><PriceUpdateDate>2015-11-18 13:57:09</PriceUpdateDate><ItemCode>7290000411132</ItemCode><ItemType>1</ItemType><ItemName>לאבנה 5% 500 גר'</ItemName><ManufacturerName>פיראוס</ManufacturerName><ManufactureCountry>ישראל</ManufactureCountry><ManufacturerItemDescription>לאבנה 5% 500 גר'</ManufacturerItemDescription><SoldByWeight/><Quantity>500.00</Quantity><UnitOfMeasure>גרם     </UnitOfMeasure><QtyInPackage>לא ידוע</QtyInPackage><UnitOfMeasurePrice>0.0406</UnitOfMeasurePrice><AllowDiscount>1</AllowDiscount><ItemStatus>1</ItemStatus><ItemPrice>20.30</ItemPrice></item><item><PriceUpdateDate>2015-10-11 20:33:30</PriceUpdateDate><ItemCode>7290000411309</ItemCode><ItemType>1</ItemType><ItemName>מאגדת יופלה לבן מעוד</ItemName><ManufacturerName>יופלה</ManufacturerName><ManufactureCountry>ישראל</ManufactureCountry><ManufacturerItemDescription>מאגדת יופלה לבן מעוד</ManufacturerItemDescription><SoldByWeight/><Quantity>1200.00</Quantity><UnitOfMeasure>גרם     </UnitOfMeasure><QtyInPackage>לא ידוע</QtyInPackage><UnitOfMeasurePrice>0.0182</UnitOfMeasurePrice><AllowDiscount>1</AllowDiscount><ItemStatus>1</ItemStatus><ItemPrice>21.80</ItemPrice></item><item><PriceUpdateDate>2016-03-01 06:11:57</PriceUpdateDate><ItemCode>7290000411576</ItemCode><ItemType>1</ItemType><ItemName>מארז יופלה פרי בד"ץ</ItemName><ManufacturerName>יופלה</ManufacturerName><ManufactureCountry>ישראל</ManufactureCountry><ManufacturerItemDescription>מארז יופלה פרי בד"ץ</ManufacturerItemDescription><SoldByWeight/><Quantity>0.00</Quantity><UnitOfMeasure>יח'</UnitOfMeasure><QtyInPackage>לא ידוע</QtyInPackage><UnitOfMeasurePrice>0.0000</UnitOfMeasurePrice><AllowDiscount>1</AllowDiscount><ItemStatus>1</ItemStatus><ItemPrice>28.40</ItemPrice></item><item><PriceUpdateDate>2016-08-02 07:37:55</PriceUpdateDate><ItemCode>7290000411842</ItemCode><ItemType>1</ItemType><ItemName>מב בייגלה מקלות מלוח</ItemName><ManufacturerName>בייגלה אסם</ManufacturerName><ManufactureCountry>ישראל</ManufactureCountry><ManufacturerItemDescription>בייגלה מקלות מלוחים 400 ג</ManufacturerItemDescription><SoldByWeight/><Quantity>400.00</Quantity><UnitOfMeasure>גרם     </UnitOfMeasure><QtyInPackage>לא ידוע</QtyInPackage><UnitOfMeasurePrice>0.0223</UnitOfMeasurePrice><AllowDiscount>1</AllowDiscount><ItemStatus>1</ItemStatus><ItemPrice>8.90</ItemPrice></item><item><PriceUpdateDate>2016-05-31 07:00:45</PriceUpdateDate><ItemCode>7290000411880</ItemCode><ItemType>1</ItemType><ItemName>פתיתים אפויים 500 גר</ItemName><ManufacturerName>פסטה אסם</ManufacturerName><ManufactureCountry>ישראל</ManufactureCountry><ManufacturerItemDescription>פתיתים אפויים קוסקוס 500</ManufacturerItemDescription><SoldByWeight/><Quantity>500.00</Quantity><UnitOfMeasure>גרם     </UnitOfMeasure><QtyInPackage>לא ידוע</QtyInPackage><UnitOfMeasurePrice>0.0118</UnitOfMeasurePrice><AllowDiscount>1</AllowDiscount><ItemStatus>1</ItemStatus><ItemPrice>5.90</ItemPrice></item><item><PriceUpdateDate>2016-05-31 07:00:45</PriceUpdateDate><ItemCode>7290000411897</ItemCode><ItemType>1</ItemType><ItemName>פסטה מקרוני מס 7 500</ItemName><ManufacturerName>אסם</ManufacturerName><ManufactureCountry>איטליה</ManufactureCountry><ManufacturerItemDescription>רסק תפו"ע       ם</ManufacturerItemDescription><SoldByWeight/><Quantity>500.00</Quantity><UnitOfMeasure>גרם     </UnitOfMeasure><QtyInPackage>לא ידוע</QtyInPackage><UnitOfMeasurePrice>0.0112</UnitOfMeasurePrice><AllowDiscount>1</AllowDiscount><ItemStatus>1</ItemStatus><ItemPrice>5.60</ItemPrice></item><item><PriceUpdateDate>2016-05-31 07:00:45</PriceUpdateDate><ItemCode>7290000411903</ItemCode><ItemType>1</ItemType><ItemName>פסטה תלתלים 500 גרם</ItemName><ManufacturerName>פסטה אסם</ManufacturerName><ManufactureCountry>ישראל</ManufactureCountry><ManufacturerItemDescription>פסטה תלתלים 500 גרם</ManufacturerItemDescription><SoldByWeight/><Quantity>500.00</Quantity><UnitOfMeasure>גרם     </UnitOfMeasure><QtyInPackage>לא ידוע</QtyInPackage><UnitOfMeasurePrice>0.0112</UnitOfMeasurePrice><AllowDiscount>1</AllowDiscount><ItemStatus>1</ItemStatus><ItemPrice>5.60</ItemPrice></item><item><PriceUpdateDate>2016-05-31 07:00:45</PriceUpdateDate><ItemCode>7290000411989</ItemCode><ItemType>1</ItemType><ItemName>פתיתים אפויים טבעות</ItemName><ManufacturerName>פסטה אסם</ManufacturerName><ManufactureCountry>ישראל</ManufactureCountry><ManufacturerItemDescription>פתיתים אפויים טבעות</ManufacturerItemDescription><SoldByWeight/><Quantity>500.00</Quantity><UnitOfMeasure>גרם     </UnitOfMeasure><QtyInPackage>לא ידוע</QtyInPackage><UnitOfMeasurePrice>0.0118</UnitOfMeasurePrice><AllowDiscount>1</AllowDiscount><ItemStatus>1</ItemStatus><ItemPrice>5.90</ItemPrice></item><item><PriceUpdateDate>2016-08-02 07:37:55</PriceUpdateDate><ItemCode>7290000411996</ItemCode><ItemType>1</ItemType><ItemName>מב לזניה לה פסטה 500</ItemName><ManufacturerName>אסם</ManufacturerName><ManufactureCountry>ישראל</ManufactureCountry><ManufacturerItemDescription>מב לזניה לה פסטה 500</ManufacturerItemDescription><SoldByWeight/><Quantity>500.00</Quantity><UnitOfMeasure>גרם     </UnitOfMeasure><QtyInPackage>לא ידוע</QtyInPackage><UnitOfMeasurePrice>0.0218</UnitOfMeasurePrice><AllowDiscount>1</AllowDiscount><ItemStatus>1</ItemStatus><ItemPrice>10.90</ItemPrice></item><item><PriceUpdateDate>2016-05-31 07:00:46</PriceUpdateDate><ItemCode>7290000412078</ItemCode><ItemType>1</ItemType><ItemName>פסטה מסולסלים 500 גר</ItemName><ManufacturerName>אסם</ManufacturerName><ManufactureCountry>איטליה</ManufactureCountry><ManufacturerItemDescription>פסטה אסם מסולסלים 500 גר</ManufacturerItemDescription><SoldByWeight/><Quantity>500.00</Quantity><UnitOfMeasure>גרם     </UnitOfMeasure><QtyInPackage>לא ידוע</QtyInPackage><UnitOfMeasurePrice>0.0112</UnitOfMeasurePrice><AllowDiscount>1</AllowDiscount><ItemStatus>1</ItemStatus><ItemPrice>5.60</ItemPrice></item><item><PriceUpdateDate>2016-05-31 07:00:46</PriceUpdateDate><ItemCode>7290000412085</ItemCode><ItemType>1</ItemType><ItemName>פסטה קרניים בינוני 5</ItemName><ManufacturerName>פסטה אסם</ManufacturerName><ManufactureCountry>איטליה</ManufactureCountry><ManufacturerItemDescription>פסטה אסם קרניים בינוניות5</ManufacturerItemDescription><SoldByWeight/><Quantity>500.00</Quantity><UnitOfMeasure>גרם     </UnitOfMeasure><QtyInPackage>לא ידוע</QtyInPackage><UnitOfMeasurePrice>0.0112</UnitOfMeasurePrice><AllowDiscount>1</AllowDiscount><ItemStatus>1</ItemStatus><ItemPrice>5.60</ItemPrice></item><item><PriceUpdateDate>2016-05-31 07:00:46</PriceUpdateDate><ItemCode>7290000412092</ItemCode><ItemType>1</ItemType><ItemName>פסטה צדפים גדולים 50</ItemName><ManufacturerName>אסם</ManufacturerName><ManufactureCountry>ישראל</ManufactureCountry><ManufacturerItemDescription>פסטה צדפים גדולים 50</ManufacturerItemDescription><SoldByWeight/><Quantity>500.00</Quantity><UnitOfMeasure>גרם     </UnitOfMeasure><QtyInPackage>לא ידוע</QtyInPackage><UnitOfMeasurePrice>0.0112</UnitOfMeasurePrice><AllowDiscount>1</AllowDiscount><ItemStatus>1</ItemStatus><ItemPrice>5.60</ItemPrice></item><item><PriceUpdateDate>2016-05-31 07:00:47</PriceUpdateDate><ItemCode>7290000412108</ItemCode><ItemType>1</ItemType><ItemName>פסטה צדפות קטנות 500</ItemName><ManufacturerName>פסטה אסם</ManufacturerName><ManufactureCountry>ישראל</ManufactureCountry><ManufacturerItemDescription>פסטה צדפות קטנות 500</ManufacturerItemDescription><SoldByWeight/><Quantity>500.00</Quantity><UnitOfMeasure>גרם     </UnitOfMeasure><QtyInPackage>לא ידוע</QtyInPackage><UnitOfMeasurePrice>0.0112</UnitOfMeasurePrice><AllowDiscount>1</AllowDiscount><ItemStatus>1</ItemStatus><ItemPrice>5.60</ItemPrice></item><item><PriceUpdateDate>2016-05-31 07:00:47</PriceUpdateDate><ItemCode>7290000412115</ItemCode><ItemType>1</ItemType><ItemName>פסטה מס.8 500 גרם</ItemName><ManufacturerName>פסטה אסם</ManufacturerName><ManufactureCountry>איטליה</ManufactureCountry><ManufacturerItemDescription>פסטה אסם ספגטי 500  גר</ManufacturerItemDescription><SoldByWeight/><Quantity>500.00</Quantity><UnitOfMeasure>גרם     </UnitOfMeasure><QtyInPackage>לא ידוע</QtyInPackage><UnitOfMeasurePrice>0.0112</UnitOfMeasurePrice><AllowDiscount>1</AllowDiscount><ItemStatus>1</ItemStatus><ItemPrice>5.60</ItemPrice></item><item><PriceUpdateDate>2016-05-31 07:00:47</PriceUpdateDate><ItemCode>7290000412153</ItemCode><ItemType>1</ItemType><ItemName>אטריות מובחר רחבות 4</ItemName><ManufacturerName>פסטה אסם</ManufacturerName><ManufactureCountry>ישראל</ManufactureCountry><ManufacturerItemDescription>אטריות מובחר רחבות 400 גר</ManufacturerItemDescription><SoldByWeight/><Quantity>400.00</Quantity><UnitOfMeasure>גרם     </UnitOfMeasure><QtyInPackage>לא ידוע</QtyInPackage><UnitOfMeasurePrice>0.0148</UnitOfMeasurePrice><AllowDiscount>1</AllowDiscount><ItemStatus>1</ItemStatus><ItemPrice>5.90</ItemPrice></item><item><PriceUpdateDate>2016-05-31 07:00:48</PriceUpdateDate><ItemCode>7290000412160</ItemCode><ItemType>1</ItemType><ItemName>אטריות מובחר דקיקות</ItemName><ManufacturerName>אסם</ManufacturerName><ManufactureCountry>איטליה</ManufactureCountry><ManufacturerItemDescription>צמרוני אוזניים  עם שסתום</ManufacturerItemDescription><SoldByWeight/><Quantity>400.00</Quantity><UnitOfMeasure>גרם     </UnitOfMeasure><QtyInPackage>לא ידוע</QtyInPackage><UnitOfMeasurePrice>0.0148</UnitOfMeasurePrice><AllowDiscount>1</AllowDiscount><ItemStatus>1</ItemStatus><ItemPrice>5.90</ItemPrice></item><item><PriceUpdateDate>2016-08-10 08:22:49</PriceUpdateDate><ItemCode>7290000412177</ItemCode><ItemType>1</ItemType><ItemName>קרקר בצל 250 גרם</ItemName><ManufacturerName>לא ממותג</ManufacturerName><ManufactureCountry>ישראל</ManufactureCountry><ManufacturerItemDescription>קרקר בצל 250 גר</ManufacturerItemDescription><SoldByWeight/><Quantity>250.00</Quantity><UnitOfMeasure>גרם     </UnitOfMeasure><QtyInPackage>לא ידוע</QtyInPackage><UnitOfMeasurePrice>0.0460</UnitOfMeasurePrice><AllowDiscount>1</AllowDiscount><ItemStatus>1</ItemStatus><ItemPrice>11.50</ItemPrice></item><item><PriceUpdateDate>2016-05-31 07:00:48</PriceUpdateDate><ItemCode>7290000412184</ItemCode><ItemType>1</ItemType><ItemName>רוטב צ'ילי מתוק 290</ItemName><ManufacturerName>אסם</ManufacturerName><ManufactureCountry>ישראל</ManufactureCountry><ManufacturerItemDescription>רוטב צילי מתוק 290 מל</ManufacturerItemDescription><SoldByWeight/><Quantity>290.00</Quantity><UnitOfMeasure>מ"ל</UnitOfMeasure><QtyInPackage>לא ידוע</QtyInPackage><UnitOfMeasurePrice>0.0362</UnitOfMeasurePrice><AllowDiscount>1</AllowDiscount><ItemStatus>1</ItemStatus><ItemPrice>10.50</ItemPrice></item><item><PriceUpdateDate>2016-05-31 07:00:48</PriceUpdateDate><ItemCode>7290000412191</ItemCode><ItemType>1</ItemType><ItemName>רוטב טריאקי 290 מ"ל</ItemName><ManufacturerName>אסם</ManufacturerName><ManufactureCountry>ישראל</ManufactureCountry><ManufacturerItemDescription>רוטב טריאקי 290 מל</ManufacturerItemDescription><SoldByWeight/><Quantity>290.00</Quantity><UnitOfMeasure>מ"ל</UnitOfMeasure><QtyInPackage>לא ידוע</QtyInPackage><UnitOfMeasurePrice>0.0362</UnitOfMeasurePrice><AllowDiscount>1</AllowDiscount><ItemStatus>1</ItemStatus><ItemPrice>10.50</ItemPrice></item><item><PriceUpdateDate>2016-05-31 07:00:48</PriceUpdateDate><ItemCode>7290000412214</ItemCode><ItemType>1</ItemType><ItemName>פתיתים קוסקוס עם בצל</ItemName><ManufacturerName>פסטה אסם</ManufacturerName><ManufactureCountry>ישראל</ManufactureCountry><ManufacturerItemDescription>פתיתים קוסקוס עם בצל</ManufacturerItemDescription><SoldByWeight/><Quantity>500.00</Quantity><UnitOfMeasure>גרם     </UnitOfMeasure><QtyInPackage>לא ידוע</QtyInPackage><UnitOfMeasurePrice>0.0118</UnitOfMeasurePrice><AllowDiscount>1</AllowDiscount><ItemStatus>1</ItemStatus><ItemPrice>5.90</ItemPrice></item><item><PriceUpdateDate>2016-05-31 07:00:48</PriceUpdateDate><ItemCode>7290000412245</ItemCode><ItemType>1</ItemType><ItemName>פתיתים קוסקוס 3 צבעי</ItemName><ManufacturerName>אסם</ManufacturerName><ManufactureCountry>ישראל</ManufactureCountry><ManufacturerItemDescription>פתיתים קוסקוס 3 צבעי</ManufacturerItemDescription><SoldByWeight/><Quantity>500.00</Quantity><UnitOfMeasure>גרם     </UnitOfMeasure><QtyInPackage>לא ידוע</QtyInPackage><UnitOfMeasurePrice>0.0118</UnitOfMeasurePrice><AllowDiscount>1</AllowDiscount><ItemStatus>1</ItemStatus><ItemPrice>5.90</ItemPrice></item><item><PriceUpdateDate>2016-08-02 07:34:04</PriceUpdateDate><ItemCode>7290000412252</ItemCode><ItemType>1</ItemType><ItemName>נס קפה רד מאג 200 גר</ItemName><ManufacturerName>רד מאג</ManufacturerName><ManufactureCountry>ספרד</ManufactureCountry><ManufacturerItemDescription>מברשת בקבוק+פט  טמה</ManufacturerItemDescription><SoldByWeight/><Quantity>200.00</Quantity><UnitOfMeasure>גרם     </UnitOfMeasure><QtyInPackage>לא ידוע</QtyInPackage><UnitOfMeasurePrice>0.1495</UnitOfMeasurePrice><AllowDiscount>1</AllowDiscount><ItemStatus>1</ItemStatus><ItemPrice>29.90</ItemPrice></item><item><PriceUpdateDate>2014-11-10 06:29:32</PriceUpdateDate><ItemCode>7290000412269</ItemCode><ItemType>1</ItemType><ItemName>נס קפה רד מאג 50 גרם</ItemName><ManufacturerName>רד מאג</ManufacturerName><ManufactureCountry>ישראל</ManufactureCountry><ManufacturerItemDescription>נס קפה רד מאג 50 גרם</ManufacturerItemDescription><SoldByWeight/><Quantity>50.00</Quantity><UnitOfMeasure>גרם     </UnitOfMeasure><QtyInPackage>לא ידוע</QtyInPackage><UnitOfMeasurePrice>0.2180</UnitOfMeasurePrice><AllowDiscount>1</AllowDiscount><ItemStatus>1</ItemStatus><ItemPrice>10.90</ItemPrice></item><item><PriceUpdateDate>2016-08-10 08:22:49</PriceUpdateDate><ItemCode>7290000412344</ItemCode><ItemType>1</ItemType><ItemName>קמח תופח 350 גרם</ItemName><ManufacturerName>אסם</ManufacturerName><ManufactureCountry>ישראל</ManufactureCountry><ManufacturerItemDescription>קמח תופח 350 גר</ManufacturerItemDescription><SoldByWeight/><Quantity>350.00</Quantity><UnitOfMeasure>גרם     </UnitOfMeasure><QtyInPackage>לא ידוע</QtyInPackage><UnitOfMeasurePrice>0.0169</UnitOfMeasurePrice><AllowDiscount>1</AllowDiscount><ItemStatus>1</ItemStatus><ItemPrice>5.90</ItemPrice></item><item><PriceUpdateDate>2015-11-18 13:57:10</PriceUpdateDate><ItemCode>7290000412351</ItemCode><ItemType>1</ItemType><ItemName>שקדי מרק 100 גרם</ItemName><ManufacturerName>אסם</ManufacturerName><ManufactureCountry>ישראל</ManufactureCountry><ManufacturerItemDescription>שקדי מרק 100 גר</ManufacturerItemDescription><SoldByWeight/><Quantity>100.00</Quantity><UnitOfMeasure>גרם     </UnitOfMeasure><QtyInPackage>לא ידוע</QtyInPackage><UnitOfMeasurePrice>0.0680</UnitOfMeasurePrice><AllowDiscount>1</AllowDiscount><ItemStatus>1</ItemStatus><ItemPrice>6.80</ItemPrice></item><item><PriceUpdateDate>2016-03-16 18:08:31</PriceUpdateDate><ItemCode>7290000412368</ItemCode><ItemType>1</ItemType><ItemName>שקדי מרק רכיבים טבעי</ItemName><ManufacturerName>אסם</ManufacturerName><ManufactureCountry>ישראל</ManufactureCountry><ManufacturerItemDescription>שקדי מרק 400 גרם</ManufacturerItemDescription><SoldByWeight/><Quantity>400.00</Quantity><UnitOfMeasure>גרם     </UnitOfMeasure><QtyInPackage>לא ידוע</QtyInPackage><UnitOfMeasurePrice>0.0273</UnitOfMeasurePrice><AllowDiscount>1</AllowDiscount><ItemStatus>1</ItemStatus><ItemPrice>10.90</ItemPrice></item><item><PriceUpdateDate>2016-03-16 18:08:31</PriceUpdateDate><ItemCode>7290000412375</ItemCode><ItemType>1</ItemType><ItemName>קמח תופח 1 ק"ג</ItemName><ManufacturerName>אסם</ManufacturerName><ManufactureCountry>ישראל</ManufactureCountry><ManufacturerItemDescription>קמח תופח מאליו 1 קג</ManufacturerItemDescription><SoldByWeight/><Quantity>1000.00</Quantity><UnitOfMeasure>גרם     </UnitOfMeasure><QtyInPackage>לא ידוע</QtyInPackage><UnitOfMeasurePrice>0.0089</UnitOfMeasurePrice><AllowDiscount>1</AllowDiscount><ItemStatus>1</ItemStatus><ItemPrice>8.90</ItemPrice></item><item><PriceUpdateDate>2015-11-18 13:57:10</PriceUpdateDate><ItemCode>7290000412382</ItemCode><ItemType>1</ItemType><ItemName>תרכיז ויטמינציק ענבי</ItemName><ManufacturerName>ויטמינצק</ManufacturerName><ManufactureCountry>ישראל</ManufactureCountry><ManufacturerItemDescription>תרכיז ויטמינציק ענבי</ManufacturerItemDescription><SoldByWeight/><Quantity>2000.00</Quantity><UnitOfMeasure>מ"ל</UnitOfMeasure><QtyInPackage>לא ידוע</QtyInPackage><UnitOfMeasurePrice>0.0149</UnitOfMeasurePrice><AllowDiscount>1</AllowDiscount><ItemStatus>1</ItemStatus><ItemPrice>29.80</ItemPrice></item><item><PriceUpdateDate>2015-11-18 13:57:10</PriceUpdateDate><ItemCode>7290000412399</ItemCode><ItemType>1</ItemType><ItemName>תרכיז ויטמינציק פטל</ItemName><ManufacturerName>ויטמינצק</ManufacturerName><ManufactureCountry>ישראל</ManufactureCountry><ManufacturerItemDescription>תרכיז ויטמינציק פטל</ManufacturerItemDescription><SoldByWeight/><Quantity>2000.00</Quantity><UnitOfMeasure>מ"ל</UnitOfMeasure><QtyInPackage>לא ידוע</QtyInPackage><UnitOfMeasurePrice>0.0149</UnitOfMeasurePrice><AllowDiscount>1</AllowDiscount><ItemStatus>1</ItemStatus><ItemPrice>29.80</ItemPrice></item><item><PriceUpdateDate>2016-08-10 08:22:49</PriceUpdateDate><ItemCode>7290000412511</ItemCode><ItemType>1</ItemType><ItemName>חמים וטעים אורז ועדש</ItemName><ManufacturerName>אסם</ManufacturerName><ManufactureCountry>ישראל</ManufactureCountry><ManufacturerItemDescription>תבשיל מגדרה אורז ועדשים14</ManufacturerItemDescription><SoldByWeight/><Quantity>145.00</Quantity><UnitOfMeasure>גרם     </UnitOfMeasure><QtyInPackage>לא ידוע</QtyInPackage><UnitOfMeasurePrice>0.0890</UnitOfMeasurePrice><AllowDiscount>1</AllowDiscount><ItemStatus>1</ItemStatus><ItemPrice>12.90</ItemPrice></item><item><PriceUpdateDate>2016-03-17 09:36:32</PriceUpdateDate><ItemCode>7290000412559</ItemCode><ItemType>1</ItemType><ItemName>קוסקוס אמיתי שקית 35</ItemName><ManufacturerName>אסם</ManufacturerName><ManufactureCountry>ישראל</ManufactureCountry><ManufacturerItemDescription>קוסקוס אמיתי שקית 35</ManufacturerItemDescription><SoldByWeight/><Quantity>350.00</Quantity><UnitOfMeasure>גרם     </UnitOfMeasure><QtyInPackage>לא ידוע</QtyInPackage><UnitOfMeasurePrice>0.0226</UnitOfMeasurePrice><AllowDiscount>1</AllowDiscount><ItemStatus>1</ItemStatus><ItemPrice>7.90</ItemPrice></item><item><PriceUpdateDate>2016-03-16 18:08:31</PriceUpdateDate><ItemCode>7290000412566</ItemCode><ItemType>1</ItemType><ItemName>מנה חמה פירה עם בצל</ItemName><ManufacturerName>אסם</ManufacturerName><ManufactureCountry>ישראל</ManufactureCountry><ManufacturerItemDescription>תבשיל מנה חמה פירה בצל 56</ManufacturerItemDescription><SoldByWeight/><Quantity>14.00</Quantity><UnitOfMeasure>גרם     </UnitOfMeasure><QtyInPackage>לא ידוע</QtyInPackage><UnitOfMeasurePrice>0.4929</UnitOfMeasurePrice><AllowDiscount>1</AllowDiscount><ItemStatus>1</ItemStatus><ItemPrice>6.90</ItemPrice></item><item><PriceUpdateDate>2016-03-16 18:08:31</PriceUpdateDate><ItemCode>7290000412603</ItemCode><ItemType>1</ItemType><ItemName>מנה חמה תפו"א עם ירק</ItemName><ManufacturerName>אסם</ManufacturerName><ManufactureCountry>ישראל</ManufactureCountry><ManufacturerItemDescription>מנה חמה תפו"א עם ירק</ManufacturerItemDescription><SoldByWeight/><Quantity>55.00</Quantity><UnitOfMeasure>גרם     </UnitOfMeasure><QtyInPackage>לא ידוע</QtyInPackage><UnitOfMeasurePrice>0.1255</UnitOfMeasurePrice><AllowDiscount>1</AllowDiscount><ItemStatus>1</ItemStatus><ItemPrice>6.90</ItemPrice></item><item><PriceUpdateDate>2016-03-16 18:08:31</PriceUpdateDate><ItemCode>7290000412610</ItemCode><ItemType>1</ItemType><ItemName>מנה חמה פסטה מוקרמת5</ItemName><ManufacturerName>אסם</ManufacturerName><ManufactureCountry>ישראל</ManufactureCountry><ManufacturerItemDescription>תבשיל מנה חמה בטעם עוף55</ManufacturerItemDescription><SoldByWeight/><Quantity>55.00</Quantity><UnitOfMeasure>גרם     </UnitOfMeasure><QtyInPackage>לא ידוע</QtyInPackage><UnitOfMeasurePrice>0.1255</UnitOfMeasurePrice><AllowDiscount>1</AllowDiscount><ItemStatus>1</ItemStatus><ItemPrice>6.90</ItemPrice></item><item><PriceUpdateDate>2016-05-31 07:00:48</PriceUpdateDate><ItemCode>7290000412627</ItemCode><ItemType>1</ItemType><ItemName>מנה חמה קוסקוס עם יר</ItemName><ManufacturerName>אסם</ManufacturerName><ManufactureCountry>ישראל</ManufactureCountry><ManufacturerItemDescription>תבשיל מנה חמה קוסקוס+ירקו</ManufacturerItemDescription><SoldByWeight/><Quantity>84.00</Quantity><UnitOfMeasure>גרם     </UnitOfMeasure><QtyInPackage>לא ידוע</QtyInPackage><UnitOfMeasurePrice>0.0702</UnitOfMeasurePrice><AllowDiscount>1</AllowDiscount><ItemStatus>1</ItemStatus><ItemPrice>5.90</ItemPrice></item><item><PriceUpdateDate>2016-05-31 07:00:48</PriceUpdateDate><ItemCode>7290000412641</ItemCode><ItemType>1</ItemType><ItemName>תרכיז ויטמינצ''יק פט</ItemName><ManufacturerName>ויטמינצק</ManufacturerName><ManufactureCountry>ישראל</ManufactureCountry><ManufacturerItemDescription>תרכיז ויטמינצ''יק פט</ManufacturerItemDescription><SoldByWeight/><Quantity>1000.00</Quantity><UnitOfMeasure>מ"ל</UnitOfMeasure><QtyInPackage>לא ידוע</QtyInPackage><UnitOfMeasurePrice>0.0119</UnitOfMeasurePrice><AllowDiscount>1</AllowDiscount><ItemStatus>1</ItemStatus><ItemPrice>11.90</ItemPrice></item><item><PriceUpdateDate>2016-05-31 07:00:48</PriceUpdateDate><ItemCode>7290000412658</ItemCode><ItemType>1</ItemType><ItemName>תרכיז ויטמינציק לימו</ItemName><ManufacturerName>ויטמינצק</ManufacturerName><ManufactureCountry>ישראל</ManufactureCountry><ManufacturerItemDescription>תרכיז ויטמינציק לימו</ManufacturerItemDescription><SoldByWeight/><Quantity>1000.00</Quantity><UnitOfMeasure>מ"ל</UnitOfMeasure><QtyInPackage>לא ידוע</QtyInPackage><UnitOfMeasurePrice>0.0119</UnitOfMeasurePrice><AllowDiscount>1</AllowDiscount><ItemStatus>1</ItemStatus><ItemPrice>11.90</ItemPrice></item><item><PriceUpdateDate>2016-05-31 07:00:48</PriceUpdateDate><ItemCode>7290000412665</ItemCode><ItemType>1</ItemType><ItemName>תרכיז ויטמינציק אננס</ItemName><ManufacturerName>ויטמינצק</ManufacturerName><ManufactureCountry>ישראל</ManufactureCountry><ManufacturerItemDescription>תרכיז ויטמינציק אננס</ManufacturerItemDescription><SoldByWeight/><Quantity>1000.00</Quantity><UnitOfMeasure>מ"ל</UnitOfMeasure><QtyInPackage>לא ידוע</QtyInPackage><UnitOfMeasurePrice>0.0119</UnitOfMeasurePrice><AllowDiscount>1</AllowDiscount><ItemStatus>1</ItemStatus><ItemPrice>11.90</ItemPrice></item><item><PriceUpdateDate>2016-08-10 08:22:49</PriceUpdateDate><ItemCode>7290000412719</ItemCode><ItemType>1</ItemType><ItemName>חטיף ביסלי בצל  67 ג</ItemName><ManufacturerName>ביסלי</ManufacturerName><ManufactureCountry>ישראל</ManufactureCountry><ManufacturerItemDescription>חטיף ביסלי בצל  67 ג</ManufacturerItemDescription><SoldByWeight/><Quantity>67.00</Quantity><UnitOfMeasure>גרם     </UnitOfMeasure><QtyInPackage>לא ידוע</QtyInPackage><UnitOfMeasurePrice>0.0806</UnitOfMeasurePrice><AllowDiscount>1</AllowDiscount><ItemStatus>1</ItemStatus><ItemPrice>5.40</ItemPrice></item><item><PriceUpdateDate>2016-03-16 18:08:31</PriceUpdateDate><ItemCode>7290000412757</ItemCode><ItemType>1</ItemType><ItemName>חטיף ביסלי גריל 200</ItemName><ManufacturerName>ביסלי</ManufacturerName><ManufactureCountry>ישראל</ManufactureCountry><ManufacturerItemDescription>ביסלי גריל 200 גר</ManufacturerItemDescription><SoldByWeight/><Quantity>200.00</Quantity><UnitOfMeasure>גרם     </UnitOfMeasure><QtyInPackage>לא ידוע</QtyInPackage><UnitOfMeasurePrice>0.0395</UnitOfMeasurePrice><AllowDiscount>1</AllowDiscount><ItemStatus>1</ItemStatus><ItemPrice>7.90</ItemPrice></item><item><PriceUpdateDate>2016-05-01 08:19:17</PriceUpdateDate><ItemCode>7290000412764</ItemCode><ItemType>1</ItemType><ItemName>מב פזטוקס אירוסול24</ItemName><ManufacturerName>פזטוקס</ManufacturerName><ManufactureCountry>ישראל</ManufactureCountry><ManufacturerItemDescription>מב פזטוקס אירוסול24</ManufacturerItemDescription><SoldByWeight/><Quantity>630.00</Quantity><UnitOfMeasure>מ"ל</UnitOfMeasure><QtyInPackage>לא ידוע</QtyInPackage><UnitOfMeasurePrice>0.0268</UnitOfMeasurePrice><AllowDiscount>1</AllowDiscount><ItemStatus>1</ItemStatus><ItemPrice>16.90</ItemPrice></item><item><PriceUpdateDate>2016-03-16 18:08:31</PriceUpdateDate><ItemCode>7290000412788</ItemCode><ItemType>1</ItemType><ItemName>חטיף ביסלי פיצה 200</ItemName><ManufacturerName>ביסלי</ManufacturerName><ManufactureCountry>ישראל</ManufactureCountry><ManufacturerItemDescription>ביסלי פיצה 200 גר</ManufacturerItemDescription><SoldByWeight/><Quantity>200.00</Quantity><UnitOfMeasure>גרם     </UnitOfMeasure><QtyInPackage>לא ידוע</QtyInPackage><UnitOfMeasurePrice>0.0395</UnitOfMeasurePrice><AllowDiscount>1</AllowDiscount><ItemStatus>1</ItemStatus><ItemPrice>7.90</ItemPrice></item><item><PriceUpdateDate>2016-05-31 07:00:48</PriceUpdateDate><ItemCode>7290000412795</ItemCode><ItemType>1</ItemType><ItemName>חטיף דובונים 40 גרם</ItemName><ManufacturerName>דובונים</ManufacturerName><ManufactureCountry>ישראל</ManufactureCountry><ManufacturerItemDescription>דובונים40 גר</ManufacturerItemDescription><SoldByWeight/><Quantity>40.00</Quantity><UnitOfMeasure>גרם     </UnitOfMeasure><QtyInPackage>לא ידוע</QtyInPackage><UnitOfMeasurePrice>0.1000</UnitOfMeasurePrice><AllowDiscount>1</AllowDiscount><ItemStatus>1</ItemStatus><ItemPrice>4.00</ItemPrice></item><item><PriceUpdateDate>2016-08-10 08:22:49</PriceUpdateDate><ItemCode>7290000412801</ItemCode><ItemType>1</ItemType><ItemName>במבה מתוקה תות 30 גר</ItemName><ManufacturerName>במבה</ManufacturerName><ManufactureCountry>ישראל</ManufactureCountry><ManufacturerItemDescription>במבה מתוקה תות 30 גר</ManufacturerItemDescription><SoldByWeight/><Quantity>30.00</Quantity><UnitOfMeasure>גרם     </UnitOfMeasure><QtyInPackage>לא ידוע</QtyInPackage><UnitOfMeasurePrice>0.1167</UnitOfMeasurePrice><AllowDiscount>1</AllowDiscount><ItemStatus>1</ItemStatus><ItemPrice>3.50</ItemPrice></item><item><PriceUpdateDate>2016-05-31 07:00:49</PriceUpdateDate><ItemCode>7290000412825</ItemCode><ItemType>1</ItemType><ItemName>במבה 80 גרם</ItemName><ManufacturerName>במבה</ManufacturerName><ManufactureCountry>ישראל</ManufactureCountry><ManufacturerItemDescription>במבה 80 גרם</ManufacturerItemDescription><SoldByWeight/><Quantity>80.00</Quantity><UnitOfMeasure>גרם     </UnitOfMeasure><QtyInPackage>לא ידוע</QtyInPackage><UnitOfMeasurePrice>0.0563</UnitOfMeasurePrice><AllowDiscount>1</AllowDiscount><ItemStatus>1</ItemStatus><ItemPrice>4.50</ItemPrice></item><item><PriceUpdateDate>2016-05-31 07:00:49</PriceUpdateDate><ItemCode>7290000412832</ItemCode><ItemType>1</ItemType><ItemName>חטיף אפרופו 50 גרם</ItemName><ManufacturerName>אפרופו</ManufacturerName><ManufactureCountry>ישראל</ManufactureCountry><ManufacturerItemDescription>אפרופו50 גר.שקית</ManufacturerItemDescription><SoldByWeight/><Quantity>14.00</Quantity><UnitOfMeasure>גרם     </UnitOfMeasure><QtyInPackage>לא ידוע</QtyInPackage><UnitOfMeasurePrice>0.3071</UnitOfMeasurePrice><AllowDiscount>1</AllowDiscount><ItemStatus>1</ItemStatus><ItemPrice>4.30</ItemPrice></item><item><PriceUpdateDate>2016-08-10 08:22:49</PriceUpdateDate><ItemCode>7290000412849</ItemCode><ItemType>1</ItemType><ItemName>חטיף אפרופו 100 גרם</ItemName><ManufacturerName>אפרופו</ManufacturerName><ManufactureCountry>ישראל</ManufactureCountry><ManufacturerItemDescription>אפרופו100 גר .שקית</ManufacturerItemDescription><SoldByWeight/><Quantity>100.00</Quantity><UnitOfMeasure>גרם     </UnitOfMeasure><QtyInPackage>לא ידוע</QtyInPackage><UnitOfMeasurePrice>0.1050</UnitOfMeasurePrice><AllowDiscount>1</AllowDiscount><ItemStatus>1</ItemStatus><ItemPrice>10.50</ItemPrice></item><item><PriceUpdateDate>2016-08-10 08:22:49</PriceUpdateDate><ItemCode>7290000412863</ItemCode><ItemType>1</ItemType><ItemName>חטיף פופקורן חמאה וד</ItemName><ManufacturerName>אסם</ManufacturerName><ManufactureCountry>ישראל</ManufactureCountry><ManufacturerItemDescription>חטיף פופקו תירס חמאה ודבש</ManufacturerItemDescription><SoldByWeight/><Quantity>80.00</Quantity><UnitOfMeasure>גרם     </UnitOfMeasure><QtyInPackage>לא ידוע</QtyInPackage><UnitOfMeasurePrice>0.0863</UnitOfMeasurePrice><AllowDiscount>1</AllowDiscount><ItemStatus>1</ItemStatus><ItemPrice>6.90</ItemPrice></item><item><PriceUpdateDate>2016-05-31 07:00:49</PriceUpdateDate><ItemCode>7290000412887</ItemCode><ItemType>1</ItemType><ItemName>תרכיז ויטמינציק ענבי</ItemName><ManufacturerName>ויטמינצק</ManufacturerName><ManufactureCountry>ישראל</ManufactureCountry><ManufacturerItemDescription>תרכיז ויטמינציק ענבי</ManufacturerItemDescription><SoldByWeight/><Quantity>1000.00</Quantity><UnitOfMeasure>מ"ל</UnitOfMeasure><QtyInPackage>לא ידוע</QtyInPackage><UnitOfMeasurePrice>0.0119</UnitOfMeasurePrice><AllowDiscount>1</AllowDiscount><ItemStatus>1</ItemStatus><ItemPrice>11.90</ItemPrice></item><item><PriceUpdateDate>2016-05-31 07:00:49</PriceUpdateDate><ItemCode>7290000412894</ItemCode><ItemType>1</ItemType><ItemName>תרכיז ויטמינציק תפו"</ItemName><ManufacturerName>ויטמינצק</ManufacturerName><ManufactureCountry>ישראל</ManufactureCountry><ManufacturerItemDescription>תרכיז ויטמינציק תפו"</ManufacturerItemDescription><SoldByWeight/><Quantity>1000.00</Quantity><UnitOfMeasure>מ"ל</UnitOfMeasure><QtyInPackage>לא ידוע</QtyInPackage><UnitOfMeasurePrice>0.0119</UnitOfMeasurePrice><AllowDiscount>1</AllowDiscount><ItemStatus>1</ItemStatus><ItemPrice>11.90</ItemPrice></item><item><PriceUpdateDate>2015-10-22 10:36:25</PriceUpdateDate><ItemCode>7290000412924</ItemCode><ItemType>1</ItemType><ItemName>פירורית מתובלת 200 ג</ItemName><ManufacturerName>פירורית</ManufacturerName><ManufactureCountry>ישראל</ManufactureCountry><ManufacturerItemDescription>פירורית מתובל 200 גרם</ManufacturerItemDescription><SoldByWeight/><Quantity>200.00</Quantity><UnitOfMeasure>גרם     </UnitOfMeasure><QtyInPackage>לא ידוע</QtyInPackage><UnitOfMeasurePrice>0.0390</UnitOfMeasurePrice><AllowDiscount>1</AllowDiscount><ItemStatus>1</ItemStatus><ItemPrice>7.80</ItemPrice></item><item><PriceUpdateDate>2016-03-16 18:08:31</PriceUpdateDate><ItemCode>7290000412979</ItemCode><ItemType>1</ItemType><ItemName>מנה חמה ספגטי בולונז</ItemName><ManufacturerName>אסם</ManufacturerName><ManufactureCountry>ישראל</ManufactureCountry><ManufacturerItemDescription>מנה חמה ספגטי בולונז 65 ג</ManufacturerItemDescription><SoldByWeight/><Quantity>65.00</Quantity><UnitOfMeasure>גרם     </UnitOfMeasure><QtyInPackage>לא ידוע</QtyInPackage><UnitOfMeasurePrice>0.1062</UnitOfMeasurePrice><AllowDiscount>1</AllowDiscount><ItemStatus>1</ItemStatus><ItemPrice>6.90</ItemPrice></item><item><PriceUpdateDate>2016-05-23 14:02:41</PriceUpdateDate><ItemCode>7290000413006</ItemCode><ItemType>1</ItemType><ItemName>פודינג טעם שוקולד כש</ItemName><ManufacturerName>אסם</ManufacturerName><ManufactureCountry>ישראל</ManufactureCountry><ManufacturerItemDescription>פודינג טעם שוקולד כש</ManufacturerItemDescription><SoldByWeight/><Quantity>95.00</Quantity><UnitOfMeasure>גרם     </UnitOfMeasure><QtyInPackage>לא ידוע</QtyInPackage><UnitOfMeasurePrice>0.0579</UnitOfMeasurePrice><AllowDiscount>1</AllowDiscount><ItemStatus>1</ItemStatus><ItemPrice>5.50</ItemPrice></item><item><PriceUpdateDate>2016-03-16 18:08:31</PriceUpdateDate><ItemCode>7290000413020</ItemCode><ItemType>1</ItemType><ItemName>פודינג בטעם וניל 80</ItemName><ManufacturerName>אסם</ManufacturerName><ManufactureCountry>ישראל</ManufactureCountry><ManufacturerItemDescription>פודינג וניל 80 גרם</ManufacturerItemDescription><SoldByWeight/><Quantity>80.00</Quantity><UnitOfMeasure>גרם     </UnitOfMeasure><QtyInPackage>לא ידוע</QtyInPackage><UnitOfMeasurePrice>0.0688</UnitOfMeasurePrice><AllowDiscount>1</AllowDiscount><ItemStatus>1</ItemStatus><ItemPrice>5.50</ItemPrice></item><item><PriceUpdateDate>2016-03-16 18:08:31</PriceUpdateDate><ItemCode>7290000413037</ItemCode><ItemType>1</ItemType><ItemName>פודינג בטעם שוקולד 9</ItemName><ManufacturerName>אסם</ManufacturerName><ManufactureCountry>ישראל</ManufactureCountry><ManufacturerItemDescription>פודינג בטעם שוקולד 95 גרם</ManufacturerItemDescription><SoldByWeight/><Quantity>95.00</Quantity><UnitOfMeasure>גרם     </UnitOfMeasure><QtyInPackage>לא ידוע</QtyInPackage><UnitOfMeasurePrice>0.0579</UnitOfMeasurePrice><AllowDiscount>1</AllowDiscount><ItemStatus>1</ItemStatus><ItemPrice>5.50</ItemPrice></item><item><PriceUpdateDate>2015-10-22 10:36:25</PriceUpdateDate><ItemCode>7290000413051</ItemCode><ItemType>1</ItemType><ItemName>אבקת ג''לי תות שדה</ItemName><ManufacturerName>אסם</ManufacturerName><ManufactureCountry>ישראל</ManufactureCountry><ManufacturerItemDescription>גלי בזק טעם תות שדה 90 גר</ManufacturerItemDescription><SoldByWeight/><Quantity>14.00</Quantity><UnitOfMeasure>גרם     </UnitOfMeasure><QtyInPackage>לא ידוע</QtyInPackage><UnitOfMeasurePrice>0.5571</UnitOfMeasurePrice><AllowDiscount>1</AllowDiscount><ItemStatus>1</ItemStatus><ItemPrice>7.80</ItemPrice></item><item><PriceUpdateDate>2016-05-31 07:00:49</PriceUpdateDate><ItemCode>7290000413105</ItemCode><ItemType>1</ItemType><ItemName>מנה חמה תפו'א עם ירק</ItemName><ManufacturerName>אסם</ManufacturerName><ManufactureCountry>ישראל</ManufactureCountry><ManufacturerItemDescription>מנה חמה תפוא עם ירקות</ManufacturerItemDescription><SoldByWeight/><Quantity>47.00</Quantity><UnitOfMeasure>גרם     </UnitOfMeasure><QtyInPackage>לא ידוע</QtyInPackage><UnitOfMeasurePrice>0.1255</UnitOfMeasurePrice><AllowDiscount>1</AllowDiscount><ItemStatus>1</ItemStatus><ItemPrice>5.90</ItemPrice></item><item><PriceUpdateDate>2016-05-31 07:00:49</PriceUpdateDate><ItemCode>7290000413143</ItemCode><ItemType>1</ItemType><ItemName>במבה אסם 80 גרם</ItemName><ManufacturerName>במבה</ManufacturerName><ManufactureCountry>ישראל</ManufactureCountry><ManufacturerItemDescription>במבה אסם 80 גרם</ManufacturerItemDescription><SoldByWeight/><Quantity>14.00</Quantity><UnitOfMeasure>גרם     </UnitOfMeasure><QtyInPackage>לא ידוע</QtyInPackage><UnitOfMeasurePrice>0.3214</UnitOfMeasurePrice><AllowDiscount>0</AllowDiscount><ItemStatus>1</ItemStatus><ItemPrice>4.50</ItemPrice></item><item><PriceUpdateDate>2016-08-10 08:22:49</PriceUpdateDate><ItemCode>7290000413150</ItemCode><ItemType>1</ItemType><ItemName>במבה יום הולדת 25 גר</ItemName><ManufacturerName>במבה</ManufacturerName><ManufactureCountry>ישראל</ManufactureCountry><ManufacturerItemDescription>במבה יום הולדת 25 גר</ManufacturerItemDescription><SoldByWeight/><Quantity>25.00</Quantity><UnitOfMeasure>גרם     </UnitOfMeasure><QtyInPackage>לא ידוע</QtyInPackage><UnitOfMeasurePrice>0.1280</UnitOfMeasurePrice><AllowDiscount>1</AllowDiscount><ItemStatus>1</ItemStatus><ItemPrice>3.20</ItemPrice></item><item><PriceUpdateDate>2014-11-10 06:29:32</PriceUpdateDate><ItemCode>7290000413266</ItemCode><ItemType>1</ItemType><ItemName>פריכונים דקים מחיטה</ItemName><ManufacturerName>פריכונים</ManufacturerName><ManufactureCountry>ישראל</ManufactureCountry><ManufacturerItemDescription>פריכונים דקים מחיטה</ManufacturerItemDescription><SoldByWeight/><Quantity>130.00</Quantity><UnitOfMeasure>גרם     </UnitOfMeasure><QtyInPackage>לא ידוע</QtyInPackage><UnitOfMeasurePrice>0.0731</UnitOfMeasurePrice><AllowDiscount>1</AllowDiscount><ItemStatus>1</ItemStatus><ItemPrice>9.50</ItemPrice></item><item><PriceUpdateDate>2016-05-01 08:12:39</PriceUpdateDate><ItemCode>7290000413358</ItemCode><ItemType>1</ItemType><ItemName>מרק עוף אמיתי אסם 40</ItemName><ManufacturerName>אסם</ManufacturerName><ManufactureCountry>ישראל</ManufactureCountry><ManufacturerItemDescription>מרק עוף אמיתי 400 גרם</ManufacturerItemDescription><SoldByWeight/><Quantity>400.00</Quantity><UnitOfMeasure>גרם     </UnitOfMeasure><QtyInPackage>לא ידוע</QtyInPackage><UnitOfMeasurePrice>0.0660</UnitOfMeasurePrice><AllowDiscount>1</AllowDiscount><ItemStatus>1</ItemStatus><ItemPrice>26.40</ItemPrice></item><item><PriceUpdateDate>2016-08-02 07:34:05</PriceUpdateDate><ItemCode>7290000413457</ItemCode><ItemType>1</ItemType><ItemName>רוטב לסלט אלף איים</ItemName><ManufacturerName>אסם</ManufacturerName><ManufactureCountry>ישראל</ManufactureCountry><ManufacturerItemDescription>רוטב אלף האיים 290 מל</ManufacturerItemDescription><SoldByWeight/><Quantity>290.00</Quantity><UnitOfMeasure>מ"ל</UnitOfMeasure><QtyInPackage>לא ידוע</QtyInPackage><UnitOfMeasurePrice>0.0445</UnitOfMeasurePrice><AllowDiscount>1</AllowDiscount><ItemStatus>1</ItemStatus><ItemPrice>12.90</ItemPrice></item><item><PriceUpdateDate>2016-05-31 07:00:50</PriceUpdateDate><ItemCode>7290000413464</ItemCode><ItemType>1</ItemType><ItemName>רוטב סויה סגנון סיני</ItemName><ManufacturerName>אסם</ManufacturerName><ManufactureCountry>ישראל</ManufactureCountry><ManufacturerItemDescription>רוטב סויה סגנון סיני 290</ManufacturerItemDescription><SoldByWeight/><Quantity>290.00</Quantity><UnitOfMeasure>מ"ל</UnitOfMeasure><QtyInPackage>לא ידוע</QtyInPackage><UnitOfMeasurePrice>0.0362</UnitOfMeasurePrice><AllowDiscount>1</AllowDiscount><ItemStatus>1</ItemStatus><ItemPrice>10.50</ItemPrice></item><item><PriceUpdateDate>2016-08-02 07:34:05</PriceUpdateDate><ItemCode>7290000413525</ItemCode><ItemType>1</ItemType><ItemName>לחמית חיטה מלאה דבש</ItemName><ManufacturerName>לא ידוע</ManufacturerName><ManufactureCountry>ישראל</ManufactureCountry><ManufacturerItemDescription>לחמית חיטה מלאה דבש 200 ג</ManufacturerItemDescription><SoldByWeight/><Quantity>200.00</Quantity><UnitOfMeasure>גרם     </UnitOfMeasure><QtyInPackage>לא ידוע</QtyInPackage><UnitOfMeasurePrice>0.0495</UnitOfMeasurePrice><AllowDiscount>1</AllowDiscount><ItemStatus>1</ItemStatus><ItemPrice>9.90</ItemPrice></item><item><PriceUpdateDate>2016-05-31 07:00:50</PriceUpdateDate><ItemCode>7290000413532</ItemCode><ItemType>1</ItemType><ItemName>קטשופ אסם רכיבים טבע</ItemName><ManufacturerName>אסם</ManufacturerName><ManufactureCountry>ישראל</ManufactureCountry><ManufacturerItemDescription>קטשופ לחיץ רגיל 750 גרם</ManufacturerItemDescription><SoldByWeight/><Quantity>750.00</Quantity><UnitOfMeasure>גרם     </UnitOfMeasure><QtyInPackage>לא ידוע</QtyInPackage><UnitOfMeasurePrice>0.0153</UnitOfMeasurePrice><AllowDiscount>0</AllowDiscount><ItemStatus>1</ItemStatus><ItemPrice>11.50</ItemPrice></item><item><PriceUpdateDate>2015-11-18 13:57:10</PriceUpdateDate><ItemCode>7290000413549</ItemCode><ItemType>1</ItemType><ItemName>קטשופ חריף אסם 750 ג</ItemName><ManufacturerName>אסם</ManufacturerName><ManufactureCountry>ישראל</ManufactureCountry><ManufacturerItemDescription>קטשופ לחיץ חריף 750 גרם</ManufacturerItemDescription><SoldByWeight/><Quantity>750.00</Quantity><UnitOfMeasure>גרם     </UnitOfMeasure><QtyInPackage>לא ידוע</QtyInPackage><UnitOfMeasurePrice>0.0201</UnitOfMeasurePrice><AllowDiscount>1</AllowDiscount><ItemStatus>1</ItemStatus><ItemPrice>15.10</ItemPrice></item><item><PriceUpdateDate>2016-05-31 06:53:31</PriceUpdateDate><ItemCode>7290000413570</ItemCode><ItemType>1</ItemType><ItemName>קפה נמס טסטר'ס צ'ויס</ItemName><ManufacturerName>טסטרס צויס</ManufacturerName><ManufactureCountry>ישראל</ManufactureCountry><ManufacturerItemDescription>קפה טסטרס צויס  'ויס200ג</ManufacturerItemDescription><SoldByWeight/><Quantity>200.00</Quantity><UnitOfMeasure>גרם     </UnitOfMeasure><QtyInPackage>לא ידוע</QtyInPackage><UnitOfMeasurePrice>0.1645</UnitOfMeasurePrice><AllowDiscount>1</AllowDiscount><ItemStatus>1</ItemStatus><ItemPrice>32.90</ItemPrice></item><item><PriceUpdateDate>2016-05-31 07:00:50</PriceUpdateDate><ItemCode>7290000413594</ItemCode><ItemType>1</ItemType><ItemName>טסטר'ס צ'ויס נטול קפ</ItemName><ManufacturerName>ג'יקובס</ManufacturerName><ManufactureCountry>ישראל</ManufactureCountry><ManufacturerItemDescription>קפה טסטרס צויס  ופאין200</ManufacturerItemDescription><SoldByWeight/><Quantity>200.00</Quantity><UnitOfMeasure>גרם     </UnitOfMeasure><QtyInPackage>לא ידוע</QtyInPackage><UnitOfMeasurePrice>0.1985</UnitOfMeasurePrice><AllowDiscount>1</AllowDiscount><ItemStatus>1</ItemStatus><ItemPrice>39.70</ItemPrice></item><item><PriceUpdateDate>2016-08-02 07:34:05</PriceUpdateDate><ItemCode>7290000413631</ItemCode><ItemType>1</ItemType><ItemName>רוטב לסלט אלף האיים</ItemName><ManufacturerName>אסם</ManufacturerName><ManufactureCountry>ישראל</ManufactureCountry><ManufacturerItemDescription>רוטב אלף האיים לייט 290 5</ManufacturerItemDescription><SoldByWeight/><Quantity>290.00</Quantity><UnitOfMeasure>מ"ל</UnitOfMeasure><QtyInPackage>לא ידוע</QtyInPackage><UnitOfMeasurePrice>0.0445</UnitOfMeasurePrice><AllowDiscount>1</AllowDiscount><ItemStatus>1</ItemStatus><ItemPrice>12.90</ItemPrice></item><item><PriceUpdateDate>2016-08-02 07:34:05</PriceUpdateDate><ItemCode>7290000413648</ItemCode><ItemType>1</ItemType><ItemName>רוטב שום 290 מ"ל 5%</ItemName><ManufacturerName>אסם</ManufacturerName><ManufactureCountry>ישראל</ManufactureCountry><ManufacturerItemDescription>רוטב שום לייט 290 5% מל</ManufacturerItemDescription><SoldByWeight/><Quantity>290.00</Quantity><UnitOfMeasure>מ"ל</UnitOfMeasure><QtyInPackage>לא ידוע</QtyInPackage><UnitOfMeasurePrice>0.0445</UnitOfMeasurePrice><AllowDiscount>1</AllowDiscount><ItemStatus>1</ItemStatus><ItemPrice>12.90</ItemPrice></item><item><PriceUpdateDate>2016-08-02 07:34:05</PriceUpdateDate><ItemCode>7290000413655</ItemCode><ItemType>1</ItemType><ItemName>מב דגני בוקר סיני מי</ItemName><ManufacturerName>סיני מיני</ManufacturerName><ManufactureCountry>פולין</ManufactureCountry><ManufacturerItemDescription>הוטפופ מלח      ח100*5ג</ManufacturerItemDescription><SoldByWeight/><Quantity>500.00</Quantity><UnitOfMeasure>גרם     </UnitOfMeasure><QtyInPackage>לא ידוע</QtyInPackage><UnitOfMeasurePrice>0.0378</UnitOfMeasurePrice><AllowDiscount>1</AllowDiscount><ItemStatus>1</ItemStatus><ItemPrice>18.90</ItemPrice></item><item><PriceUpdateDate>2016-05-31 07:00:51</PriceUpdateDate><ItemCode>7290000413662</ItemCode><ItemType>1</ItemType><ItemName>מנה חמה אטריות עם עג</ItemName><ManufacturerName>אסם</ManufacturerName><ManufactureCountry>ישראל</ManufactureCountry><ManufacturerItemDescription>תבשיל מנה חמה עם עגבניות6</ManufacturerItemDescription><SoldByWeight/><Quantity>14.00</Quantity><UnitOfMeasure>גרם     </UnitOfMeasure><QtyInPackage>לא ידוע</QtyInPackage><UnitOfMeasurePrice>0.4214</UnitOfMeasurePrice><AllowDiscount>1</AllowDiscount><ItemStatus>1</ItemStatus><ItemPrice>5.90</ItemPrice></item><item><PriceUpdateDate>2016-03-29 07:02:05</PriceUpdateDate><ItemCode>7290000413723</ItemCode><ItemType>1</ItemType><ItemName>מארז צ'יפסי 4*50 גרם</ItemName><ManufacturerName>ציפסי</ManufacturerName><ManufactureCountry>ישראל</ManufactureCountry><ManufacturerItemDescription>מארז צ'יפסי 4*50 גרם</ManufacturerItemDescription><SoldByWeight/><Quantity>200.00</Quantity><UnitOfMeasure>גרם     </UnitOfMeasure><QtyInPackage>לא ידוע</QtyInPackage><UnitOfMeasurePrice>0.0645</UnitOfMeasurePrice><AllowDiscount>1</AllowDiscount><ItemStatus>1</ItemStatus><ItemPrice>12.90</ItemPrice></item><item><PriceUpdateDate>2016-08-02 07:34:05</PriceUpdateDate><ItemCode>7290000413747</ItemCode><ItemType>1</ItemType><ItemName>פתי בר שוקו 500 גרם</ItemName><ManufacturerName>פתי בר אסם</ManufacturerName><ManufactureCountry>ישראל</ManufactureCountry><ManufacturerItemDescription>ביסקויט פתיבר שוקו 500 גר</ManufacturerItemDescription><SoldByWeight/><Quantity>500.00</Quantity><UnitOfMeasure>גרם     </UnitOfMeasure><QtyInPackage>לא ידוע</QtyInPackage><UnitOfMeasurePrice>0.0258</UnitOfMeasurePrice><AllowDiscount>1</AllowDiscount><ItemStatus>1</ItemStatus><ItemPrice>12.90</ItemPrice></item><item><PriceUpdateDate>2016-08-10 08:23:44</PriceUpdateDate><ItemCode>7290000413754</ItemCode><ItemType>1</ItemType><ItemName>פתי בר בינוני 250 גר</ItemName><ManufacturerName>לא ידוע</ManufacturerName><ManufactureCountry>ישראל</ManufactureCountry><ManufacturerItemDescription>פתיבר 250 גר</ManufacturerItemDescription><SoldByWeight/><Quantity>250.00</Quantity><UnitOfMeasure>גרם     </UnitOfMeasure><QtyInPackage>לא ידוע</QtyInPackage><UnitOfMeasurePrice>0.0336</UnitOfMeasurePrice><AllowDiscount>1</AllowDiscount><ItemStatus>1</ItemStatus><ItemPrice>8.40</ItemPrice></item><item><PriceUpdateDate>2016-03-17 09:36:32</PriceUpdateDate><ItemCode>7290000413761</ItemCode><ItemType>1</ItemType><ItemName>פתי בר וניל 500 גרם</ItemName><ManufacturerName>אסם</ManufacturerName><ManufactureCountry>ישראל</ManufactureCountry><ManufacturerItemDescription>ביסקויט פתיבר 500 גר</ManufacturerItemDescription><SoldByWeight/><Quantity>500.00</Quantity><UnitOfMeasure>גרם     </UnitOfMeasure><QtyInPackage>לא ידוע</QtyInPackage><UnitOfMeasurePrice>0.0218</UnitOfMeasurePrice><AllowDiscount>1</AllowDiscount><ItemStatus>1</ItemStatus><ItemPrice>10.90</ItemPrice></item><item><PriceUpdateDate>2016-08-10 08:22:49</PriceUpdateDate><ItemCode>7290000413785</ItemCode><ItemType>1</ItemType><ItemName>קרקר שומשום 250 גרם</ItemName><ManufacturerName>קרם קרקר אסם</ManufacturerName><ManufactureCountry>ישראל</ManufactureCountry><ManufacturerItemDescription>קרקר שומשום250 גר</ManufacturerItemDescription><SoldByWeight/><Quantity>250.00</Quantity><UnitOfMeasure>גרם     </UnitOfMeasure><QtyInPackage>לא ידוע</QtyInPackage><UnitOfMeasurePrice>0.0416</UnitOfMeasurePrice><AllowDiscount>1</AllowDiscount><ItemStatus>1</ItemStatus><ItemPrice>10.40</ItemPrice></item><item><PriceUpdateDate>2016-08-10 08:22:49</PriceUpdateDate><ItemCode>7290000413792</ItemCode><ItemType>1</ItemType><ItemName>קרקר פיקנטי 250 גרם</ItemName><ManufacturerName>קרקר אסם</ManufacturerName><ManufactureCountry>ישראל</ManufactureCountry><ManufacturerItemDescription>טבעון קרקר פיקנטי250 גר</ManufacturerItemDescription><SoldByWeight/><Quantity>250.00</Quantity><UnitOfMeasure>גרם     </UnitOfMeasure><QtyInPackage>לא ידוע</QtyInPackage><UnitOfMeasurePrice>0.0460</UnitOfMeasurePrice><AllowDiscount>1</AllowDiscount><ItemStatus>1</ItemStatus><ItemPrice>11.50</ItemPrice></item><item><PriceUpdateDate>2016-08-02 07:34:05</PriceUpdateDate><ItemCode>7290000413822</ItemCode><ItemType>1</ItemType><ItemName>לחמית ללא מלח וסוכר</ItemName><ManufacturerName>לא ממותג</ManufacturerName><ManufactureCountry>ישראל</ManufactureCountry><ManufacturerItemDescription>לחמית ללא מלח וסוכר</ManufacturerItemDescription><SoldByWeight/><Quantity>250.00</Quantity><UnitOfMeasure>גרם     </UnitOfMeasure><QtyInPackage>לא ידוע</QtyInPackage><UnitOfMeasurePrice>0.0468</UnitOfMeasurePrice><AllowDiscount>1</AllowDiscount><ItemStatus>1</ItemStatus><ItemPrice>11.70</ItemPrice></item><item><PriceUpdateDate>2016-05-31 07:00:51</PriceUpdateDate><ItemCode>7290000413839</ItemCode><ItemType>1</ItemType><ItemName>קרקר זהב 150 גרם</ItemName><ManufacturerName>קרקר אסם</ManufacturerName><ManufactureCountry>ישראל</ManufactureCountry><ManufacturerItemDescription>קרקר זהב 150 גרם</ManufacturerItemDescription><SoldByWeight/><Quantity>150.00</Quantity><UnitOfMeasure>גרם     </UnitOfMeasure><QtyInPackage>לא ידוע</QtyInPackage><UnitOfMeasurePrice>0.0487</UnitOfMeasurePrice><AllowDiscount>1</AllowDiscount><ItemStatus>1</ItemStatus><ItemPrice>7.30</ItemPrice></item><item><PriceUpdateDate>2015-11-18 13:57:11</PriceUpdateDate><ItemCode>7290000413846</ItemCode><ItemType>1</ItemType><ItemName>פתי בר בינוני 1 קג</ItemName><ManufacturerName>לא ידוע</ManufacturerName><ManufactureCountry>ישראל</ManufactureCountry><ManufacturerItemDescription>פתי בר בינוני 1 קג</ManufacturerItemDescription><SoldByWeight/><Quantity>1000.00</Quantity><UnitOfMeasure>גרם     </UnitOfMeasure><QtyInPackage>לא ידוע</QtyInPackage><UnitOfMeasurePrice>0.0232</UnitOfMeasurePrice><AllowDiscount>1</AllowDiscount><ItemStatus>1</ItemStatus><ItemPrice>23.20</ItemPrice></item><item><PriceUpdateDate>2016-08-10 08:22:49</PriceUpdateDate><ItemCode>7290000413945</ItemCode><ItemType>1</ItemType><ItemName>עוגיות מיני שוקוצ'יפ</ItemName><ManufacturerName>לא ממותג</ManufacturerName><ManufactureCountry>ישראל</ManufactureCountry><ManufacturerItemDescription>עוגיות מיני שוקוצ'יפ</ManufacturerItemDescription><SoldByWeight/><Quantity>225.00</Quantity><UnitOfMeasure>גרם     </UnitOfMeasure><QtyInPackage>לא ידוע</QtyInPackage><UnitOfMeasurePrice>0.0560</UnitOfMeasurePrice><AllowDiscount>1</AllowDiscount><ItemStatus>1</ItemStatus><ItemPrice>12.60</ItemPrice></item><item><PriceUpdateDate>2016-02-08 10:37:25</PriceUpdateDate><ItemCode>7290000413952</ItemCode><ItemType>1</ItemType><ItemName>עוגיות שוקוצ'יפס קלא</ItemName><ManufacturerName>אסם</ManufacturerName><ManufactureCountry>ישראל</ManufactureCountry><ManufacturerItemDescription>עוגיות משהו וניל שוקוציפס</ManufacturerItemDescription><SoldByWeight/><Quantity>200.00</Quantity><UnitOfMeasure>גרם     </UnitOfMeasure><QtyInPackage>לא ידוע</QtyInPackage><UnitOfMeasurePrice>0.0645</UnitOfMeasurePrice><AllowDiscount>1</AllowDiscount><ItemStatus>1</ItemStatus><ItemPrice>12.90</ItemPrice></item><item><PriceUpdateDate>2016-08-02 07:34:05</PriceUpdateDate><ItemCode>7290000413969</ItemCode><ItemType>1</ItemType><ItemName>לחמית חיטה מלאה 250</ItemName><ManufacturerName>לחמית</ManufacturerName><ManufactureCountry>ישראל</ManufactureCountry><ManufacturerItemDescription>לחמית קרקר חיטה מלאה 250</ManufacturerItemDescription><SoldByWeight/><Quantity>250.00</Quantity><UnitOfMeasure>גרם     </UnitOfMeasure><QtyInPackage>לא ידוע</QtyInPackage><UnitOfMeasurePrice>0.0396</UnitOfMeasurePrice><AllowDiscount>1</AllowDiscount><ItemStatus>1</ItemStatus><ItemPrice>9.90</ItemPrice></item><item><PriceUpdateDate>2016-08-02 07:37:55</PriceUpdateDate><ItemCode>7290000414027</ItemCode><ItemType>1</ItemType><ItemName>מב בייגלה שמיניות קט</ItemName><ManufacturerName>בייגלה אסם</ManufacturerName><ManufactureCountry>ישראל</ManufactureCountry><ManufacturerItemDescription>ביגלה שמיניות קטנות 400 ג</ManufacturerItemDescription><SoldByWeight/><Quantity>400.00</Quantity><UnitOfMeasure>גרם     </UnitOfMeasure><QtyInPackage>לא ידוע</QtyInPackage><UnitOfMeasurePrice>0.0223</UnitOfMeasurePrice><AllowDiscount>1</AllowDiscount><ItemStatus>1</ItemStatus><ItemPrice>8.90</ItemPrice></item><item><PriceUpdateDate>2015-11-18 13:57:11</PriceUpdateDate><ItemCode>7290000414034</ItemCode><ItemType>1</ItemType><ItemName>נס קוויק אבקה להכנת</ItemName><ManufacturerName>נסקוויק</ManufacturerName><ManufactureCountry>ישראל</ManufactureCountry><ManufacturerItemDescription>אבקה להכנת משקה שוקולד נס</ManufacturerItemDescription><SoldByWeight/><Quantity>450.00</Quantity><UnitOfMeasure>גרם     </UnitOfMeasure><QtyInPackage>לא ידוע</QtyInPackage><UnitOfMeasurePrice>0.0389</UnitOfMeasurePrice><AllowDiscount>1</AllowDiscount><ItemStatus>1</ItemStatus><ItemPrice>17.50</ItemPrice></item><item><PriceUpdateDate>2016-02-08 10:37:25</PriceUpdateDate><ItemCode>7290000414096</ItemCode><ItemType>1</ItemType><ItemName>עוגיות קרמוגית במילו</ItemName><ManufacturerName>אסם</ManufacturerName><ManufactureCountry>ישראל</ManufactureCountry><ManufacturerItemDescription>עוגיות משהו קרמוגית שוקול</ManufacturerItemDescription><SoldByWeight/><Quantity>200.00</Quantity><UnitOfMeasure>גרם     </UnitOfMeasure><QtyInPackage>לא ידוע</QtyInPackage><UnitOfMeasurePrice>0.0645</UnitOfMeasurePrice><AllowDiscount>1</AllowDiscount><ItemStatus>1</ItemStatus><ItemPrice>12.90</ItemPrice></item><item><PriceUpdateDate>2016-08-02 07:34:06</PriceUpdateDate><ItemCode>7290000414249</ItemCode><ItemType>1</ItemType><ItemName>קרם קרקר דל נתרן 250</ItemName><ManufacturerName>אסם</ManufacturerName><ManufactureCountry>ישראל</ManufactureCountry><ManufacturerItemDescription>קרם קרקר דל נתרן 250</ManufacturerItemDescription><SoldByWeight/><Quantity>250.00</Quantity><UnitOfMeasure>גרם     </UnitOfMeasure><QtyInPackage>לא ידוע</QtyInPackage><UnitOfMeasurePrice>0.0476</UnitOfMeasurePrice><AllowDiscount>1</AllowDiscount><ItemStatus>1</ItemStatus><ItemPrice>11.90</ItemPrice></item><item><PriceUpdateDate>2016-08-10 08:22:49</PriceUpdateDate><ItemCode>7290000414256</ItemCode><ItemType>1</ItemType><ItemName>חמים וטעים תבשיל אור</ItemName><ManufacturerName>אסם</ManufacturerName><ManufactureCountry>ישראל</ManufactureCountry><ManufacturerItemDescription>תבשיל אורז ספרדי 140 גר</ManufacturerItemDescription><SoldByWeight/><Quantity>140.00</Quantity><UnitOfMeasure>גרם     </UnitOfMeasure><QtyInPackage>לא ידוע</QtyInPackage><UnitOfMeasurePrice>0.0921</UnitOfMeasurePrice><AllowDiscount>1</AllowDiscount><ItemStatus>1</ItemStatus><ItemPrice>12.90</ItemPrice></item><item><PriceUpdateDate>2016-08-02 07:34:06</PriceUpdateDate><ItemCode>7290000414300</ItemCode><ItemType>1</ItemType><ItemName>סלט טורקי רפי כהן 40</ItemName><ManufacturerName>צבר</ManufacturerName><ManufactureCountry>ישראל</ManufactureCountry><ManufacturerItemDescription>סלט טורקי רפי 400 גרם</ManufacturerItemDescription><SoldByWeight/><Quantity>400.00</Quantity><UnitOfMeasure>גרם     </UnitOfMeasure><QtyInPackage>לא ידוע</QtyInPackage><UnitOfMeasurePrice>0.0413</UnitOfMeasurePrice><AllowDiscount>1</AllowDiscount><ItemStatus>1</ItemStatus><ItemPrice>16.50</ItemPrice></item><item><PriceUpdateDate>2016-08-02 07:34:06</PriceUpdateDate><ItemCode>7290000414324</ItemCode><ItemType>1</ItemType><ItemName>סלט חציל בטעם כבד רפ</ItemName><ManufacturerName>צבר</ManufacturerName><ManufactureCountry>ישראל</ManufactureCountry><ManufacturerItemDescription>סלט חציל בטעם כבד רפ</ManufacturerItemDescription><SoldByWeight/><Quantity>400.00</Quantity><UnitOfMeasure>גרם     </UnitOfMeasure><QtyInPackage>לא ידוע</QtyInPackage><UnitOfMeasurePrice>0.0413</UnitOfMeasurePrice><AllowDiscount>1</AllowDiscount><ItemStatus>1</ItemStatus><ItemPrice>16.50</ItemPrice></item><item><PriceUpdateDate>2016-01-18 10:38:57</PriceUpdateDate><ItemCode>7290000414348</ItemCode><ItemType>1</ItemType><ItemName>טוסטעים פת קליה 100</ItemName><ManufacturerName>אסם</ManufacturerName><ManufactureCountry>ישראל</ManufactureCountry><ManufacturerItemDescription>טוסטעים פת קלוי  100 גרם</ManufacturerItemDescription><SoldByWeight/><Quantity>100.00</Quantity><UnitOfMeasure>גרם     </UnitOfMeasure><QtyInPackage>לא ידוע</QtyInPackage><UnitOfMeasurePrice>0.1190</UnitOfMeasurePrice><AllowDiscount>1</AllowDiscount><ItemStatus>1</ItemStatus><ItemPrice>11.90</ItemPrice></item><item><PriceUpdateDate>2016-01-18 10:38:57</PriceUpdateDate><ItemCode>7290000414355</ItemCode><ItemType>1</ItemType><ItemName>טוסטעים פת שומשום 10</ItemName><ManufacturerName>אסם</ManufacturerName><ManufactureCountry>ישראל</ManufactureCountry><ManufacturerItemDescription>טוסטעים +שומשו  שומשו100</ManufacturerItemDescription><SoldByWeight/><Quantity>100.00</Quantity><UnitOfMeasure>גרם     </UnitOfMeasure><QtyInPackage>לא ידוע</QtyInPackage><UnitOfMeasurePrice>0.1190</UnitOfMeasurePrice><AllowDiscount>1</AllowDiscount><ItemStatus>1</ItemStatus><ItemPrice>11.90</ItemPrice></item><item><PriceUpdateDate>2016-08-10 08:22:49</PriceUpdateDate><ItemCode>7290000414362</ItemCode><ItemType>1</ItemType><ItemName>חטיף צ'יפסי טבעי 50</ItemName><ManufacturerName>ציפסי</ManufacturerName><ManufactureCountry>ישראל</ManufactureCountry><ManufacturerItemDescription>חטיף ציפסי 50 גרם</ManufacturerItemDescription><SoldByWeight/><Quantity>50.00</Quantity><UnitOfMeasure>גרם     </UnitOfMeasure><QtyInPackage>לא ידוע</QtyInPackage><UnitOfMeasurePrice>0.0760</UnitOfMeasurePrice><AllowDiscount>1</AllowDiscount><ItemStatus>1</ItemStatus><ItemPrice>3.80</ItemPrice></item><item><PriceUpdateDate>2016-08-02 07:37:55</PriceUpdateDate><ItemCode>7290000414379</ItemCode><ItemType>1</ItemType><ItemName>מב בייגלה טבעות שומש</ItemName><ManufacturerName>בייגלה אסם</ManufacturerName><ManufactureCountry>ישראל</ManufactureCountry><ManufacturerItemDescription>ביגלה טבעות שומשום 300 גר</ManufacturerItemDescription><SoldByWeight/><Quantity>300.00</Quantity><UnitOfMeasure>גרם     </UnitOfMeasure><QtyInPackage>לא ידוע</QtyInPackage><UnitOfMeasurePrice>0.0297</UnitOfMeasurePrice><AllowDiscount>1</AllowDiscount><ItemStatus>1</ItemStatus><ItemPrice>8.90</ItemPrice></item><item><PriceUpdateDate>2016-05-31 07:00:51</PriceUpdateDate><ItemCode>7290000414447</ItemCode><ItemType>1</ItemType><ItemName>אפונה עדינה 600 גרם</ItemName><ManufacturerName>סנפרוסט</ManufacturerName><ManufactureCountry>ישראל</ManufactureCountry><ManufacturerItemDescription>אפונה עדינה 600 גר</ManufacturerItemDescription><SoldByWeight/><Quantity>600.00</Quantity><UnitOfMeasure>גרם     </UnitOfMeasure><QtyInPackage>לא ידוע</QtyInPackage><UnitOfMeasurePrice>0.0298</UnitOfMeasurePrice><AllowDiscount>1</AllowDiscount><ItemStatus>1</ItemStatus><ItemPrice>17.90</ItemPrice></item><item><PriceUpdateDate>2016-08-10 08:23:44</PriceUpdateDate><ItemCode>7290000414454</ItemCode><ItemType>1</ItemType><ItemName>במיה סנפרוסט</ItemName><ManufacturerName>סנפרוסט</ManufacturerName><ManufactureCountry>ישראל</ManufactureCountry><ManufacturerItemDescription>במיה 600 גר</ManufacturerItemDescription><SoldByWeight/><Quantity>600.00</Quantity><UnitOfMeasure>גרם     </UnitOfMeasure><QtyInPackage>לא ידוע</QtyInPackage><UnitOfMeasurePrice>0.0332</UnitOfMeasurePrice><AllowDiscount>1</AllowDiscount><ItemStatus>1</ItemStatus><ItemPrice>19.90</ItemPrice></item><item><PriceUpdateDate>2016-05-31 07:00:51</PriceUpdateDate><ItemCode>7290000414485</ItemCode><ItemType>1</ItemType><ItemName>אפונת גינה סנפרוסט 8</ItemName><ManufacturerName>סנפרוסט</ManufacturerName><ManufactureCountry>ישראל</ManufactureCountry><ManufacturerItemDescription>אפונת גינה 800 גר</ManufacturerItemDescription><SoldByWeight/><Quantity>800.00</Quantity><UnitOfMeasure>גרם     </UnitOfMeasure><QtyInPackage>לא ידוע</QtyInPackage><UnitOfMeasurePrice>0.0199</UnitOfMeasurePrice><AllowDiscount>1</AllowDiscount><ItemStatus>1</ItemStatus><ItemPrice>15.90</ItemPrice></item><item><PriceUpdateDate>2016-08-02 07:37:56</PriceUpdateDate><ItemCode>7290000414492</ItemCode><ItemType>1</ItemType><ItemName>מב שעועית שלמה סנפרו</ItemName><ManufacturerName>סנפרוסט</ManufacturerName><ManufactureCountry>ישראל</ManufactureCountry><ManufacturerItemDescription>שעועית ירוקה שלמה 800 גר</ManufacturerItemDescription><SoldByWeight/><Quantity>800.00</Quantity><UnitOfMeasure>גרם     </UnitOfMeasure><QtyInPackage>לא ידוע</QtyInPackage><UnitOfMeasurePrice>0.0186</UnitOfMeasurePrice><AllowDiscount>1</AllowDiscount><ItemStatus>1</ItemStatus><ItemPrice>14.90</ItemPrice></item><item><PriceUpdateDate>2016-05-31 07:00:52</PriceUpdateDate><ItemCode>7290000414508</ItemCode><ItemType>1</ItemType><ItemName>גרעיני תירס 800 גרם</ItemName><ManufacturerName>סנפרוסט</ManufacturerName><ManufactureCountry>ישראל</ManufactureCountry><ManufacturerItemDescription>תירס גרעינים 800 גר</ManufacturerItemDescription><SoldByWeight/><Quantity>800.00</Quantity><UnitOfMeasure>גרם     </UnitOfMeasure><QtyInPackage>לא ידוע</QtyInPackage><UnitOfMeasurePrice>0.0199</UnitOfMeasurePrice><AllowDiscount>1</AllowDiscount><ItemStatus>1</ItemStatus><ItemPrice>15.90</ItemPrice></item><item><PriceUpdateDate>2016-08-02 07:37:56</PriceUpdateDate><ItemCode>7290000414515</ItemCode><ItemType>1</ItemType><ItemName>מב גזר גמדי סנפרוסט</ItemName><ManufacturerName>סנפרוסט</ManufacturerName><ManufactureCountry>ישראל</ManufactureCountry><ManufacturerItemDescription>גזר גמדי 800 גר</ManufacturerItemDescription><SoldByWeight/><Quantity>800.00</Quantity><UnitOfMeasure>גרם     </UnitOfMeasure><QtyInPackage>לא ידוע</QtyInPackage><UnitOfMeasurePrice>0.0186</UnitOfMeasurePrice><AllowDiscount>1</AllowDiscount><ItemStatus>1</ItemStatus><ItemPrice>14.90</ItemPrice></item><item><PriceUpdateDate>2016-05-01 08:12:40</PriceUpdateDate><ItemCode>7290000414522</ItemCode><ItemType>1</ItemType><ItemName>פול ירוק 800 גרם</ItemName><ManufacturerName>סנפרוסט</ManufacturerName><ManufactureCountry>ישראל</ManufactureCountry><ManufacturerItemDescription>פול ירוק 800 גר</ManufacturerItemDescription><SoldByWeight/><Quantity>800.00</Quantity><UnitOfMeasure>גרם     </UnitOfMeasure><QtyInPackage>לא ידוע</QtyInPackage><UnitOfMeasurePrice>0.0349</UnitOfMeasurePrice><AllowDiscount>1</AllowDiscount><ItemStatus>1</ItemStatus><ItemPrice>27.90</ItemPrice></item><item><PriceUpdateDate>2016-08-10 08:23:44</PriceUpdateDate><ItemCode>7290000414539</ItemCode><ItemType>1</ItemType><ItemName>שעועית ירוקה חתוכה 8</ItemName><ManufacturerName>סנפרוסט</ManufacturerName><ManufactureCountry>ישראל</ManufactureCountry><ManufacturerItemDescription>שעועית ירוקה חתוכה 800 גר</ManufacturerItemDescription><SoldByWeight/><Quantity>800.00</Quantity><UnitOfMeasure>גרם     </UnitOfMeasure><QtyInPackage>לא ידוע</QtyInPackage><UnitOfMeasurePrice>0.0211</UnitOfMeasurePrice><AllowDiscount>1</AllowDiscount><ItemStatus>1</ItemStatus><ItemPrice>16.90</ItemPrice></item><item><PriceUpdateDate>2016-05-01 08:12:40</PriceUpdateDate><ItemCode>7290000414553</ItemCode><ItemType>1</ItemType><ItemName>כרובית 800 גרם</ItemName><ManufacturerName>סנפרוסט</ManufacturerName><ManufactureCountry>ישראל</ManufactureCountry><ManufacturerItemDescription>כרובית 800-גר</ManufacturerItemDescription><SoldByWeight/><Quantity>800.00</Quantity><UnitOfMeasure>גרם     </UnitOfMeasure><QtyInPackage>לא ידוע</QtyInPackage><UnitOfMeasurePrice>0.0311</UnitOfMeasurePrice><AllowDiscount>1</AllowDiscount><ItemStatus>1</ItemStatus><ItemPrice>24.90</ItemPrice></item><item><PriceUpdateDate>2016-08-02 07:37:57</PriceUpdateDate><ItemCode>7290000414607</ItemCode><ItemType>1</ItemType><ItemName>מב גרגרי חומוס מבושל</ItemName><ManufacturerName>סנפרוסט</ManufacturerName><ManufactureCountry>ישראל</ManufactureCountry><ManufacturerItemDescription>גרגרי חומוס מבושלים קפואי</ManufacturerItemDescription><SoldByWeight/><Quantity>800.00</Quantity><UnitOfMeasure>גרם     </UnitOfMeasure><QtyInPackage>לא ידוע</QtyInPackage><UnitOfMeasurePrice>0.0186</UnitOfMeasurePrice><AllowDiscount>0</AllowDiscount><ItemStatus>1</ItemStatus><ItemPrice>14.90</ItemPrice></item><item><PriceUpdateDate>2016-05-31 07:00:52</PriceUpdateDate><ItemCode>7290000414621</ItemCode><ItemType>1</ItemType><ItemName>שעועית עדינה שלמה סנ</ItemName><ManufacturerName>סנפרוסט</ManufacturerName><ManufactureCountry>ישראל</ManufactureCountry><ManufacturerItemDescription>שעועית עדינה שלמה 600 גרם</ManufacturerItemDescription><SoldByWeight/><Quantity>600.00</Quantity><UnitOfMeasure>גרם     </UnitOfMeasure><QtyInPackage>לא ידוע</QtyInPackage><UnitOfMeasurePrice>0.0332</UnitOfMeasurePrice><AllowDiscount>1</AllowDiscount><ItemStatus>1</ItemStatus><ItemPrice>19.90</ItemPrice></item><item><PriceUpdateDate>2016-05-31 06:53:32</PriceUpdateDate><ItemCode>7290000414645</ItemCode><ItemType>1</ItemType><ItemName>לקט לקוסקוס 800 גרם</ItemName><ManufacturerName>סנפרוסט</ManufacturerName><ManufactureCountry>ישראל</ManufactureCountry><ManufacturerItemDescription>לקט לקוסקוס</ManufacturerItemDescription><SoldByWeight/><Quantity>800.00</Quantity><UnitOfMeasure>גרם     </UnitOfMeasure><QtyInPackage>לא ידוע</QtyInPackage><UnitOfMeasurePrice>0.0324</UnitOfMeasurePrice><AllowDiscount>1</AllowDiscount><ItemStatus>1</ItemStatus><ItemPrice>25.90</ItemPrice></item><item><PriceUpdateDate>2016-08-10 08:23:44</PriceUpdateDate><ItemCode>7290000414676</ItemCode><ItemType>1</ItemType><ItemName>לקט ירקות מעורבים 80</ItemName><ManufacturerName>סנפרוסט</ManufacturerName><ManufactureCountry>ישראל</ManufactureCountry><ManufacturerItemDescription>לקט ירקות מעורבים 80</ManufacturerItemDescription><SoldByWeight/><Quantity>800.00</Quantity><UnitOfMeasure>גרם     </UnitOfMeasure><QtyInPackage>לא ידוע</QtyInPackage><UnitOfMeasurePrice>0.0324</UnitOfMeasurePrice><AllowDiscount>1</AllowDiscount><ItemStatus>1</ItemStatus><ItemPrice>25.90</ItemPrice></item><item><PriceUpdateDate>2016-05-31 06:53:32</PriceUpdateDate><ItemCode>7290000414683</ItemCode><ItemType>1</ItemType><ItemName>לקט נורמנדי 800 גרם</ItemName><ManufacturerName>סנפרוסט</ManufacturerName><ManufactureCountry>ישראל</ManufactureCountry><ManufacturerItemDescription>לקט נורמנדי800 גר</ManufacturerItemDescription><SoldByWeight/><Quantity>800.00</Quantity><UnitOfMeasure>גרם     </UnitOfMeasure><QtyInPackage>לא ידוע</QtyInPackage><UnitOfMeasurePrice>0.0324</UnitOfMeasurePrice><AllowDiscount>1</AllowDiscount><ItemStatus>1</ItemStatus><ItemPrice>25.90</ItemPrice></item><item><PriceUpdateDate>2016-08-02 07:37:57</PriceUpdateDate><ItemCode>7290000414751</ItemCode><ItemType>1</ItemType><ItemName>מב חטיף סויה אדממה 4</ItemName><ManufacturerName>סנפרוסט</ManufacturerName><ManufactureCountry>ישראל</ManufactureCountry><ManufacturerItemDescription>חטיף פולי סויה אדממה 400</ManufacturerItemDescription><SoldByWeight/><Quantity>400.00</Quantity><UnitOfMeasure>גרם     </UnitOfMeasure><QtyInPackage>לא ידוע</QtyInPackage><UnitOfMeasurePrice>0.0248</UnitOfMeasurePrice><AllowDiscount>1</AllowDiscount><ItemStatus>1</ItemStatus><ItemPrice>9.90</ItemPrice></item><item><PriceUpdateDate>2016-08-10 08:23:44</PriceUpdateDate><ItemCode>7290000414768</ItemCode><ItemType>1</ItemType><ItemName>תחתיות ארטישוק 400 ג</ItemName><ManufacturerName>סנפרוסט</ManufacturerName><ManufactureCountry>ישראל</ManufactureCountry><ManufacturerItemDescription>תחתיות ארטישוק 400 גר</ManufacturerItemDescription><SoldByWeight/><Quantity>400.00</Quantity><UnitOfMeasure>גרם     </UnitOfMeasure><QtyInPackage>לא ידוע</QtyInPackage><UnitOfMeasurePrice>0.0622</UnitOfMeasurePrice><AllowDiscount>1</AllowDiscount><ItemStatus>1</ItemStatus><ItemPrice>24.90</ItemPrice></item><item><PriceUpdateDate>2016-08-10 08:22:49</PriceUpdateDate><ItemCode>7290000414799</ItemCode><ItemType>1</ItemType><ItemName>תפרחת ברוקולי סנפרוס</ItemName><ManufacturerName>סנפרוסט</ManufacturerName><ManufactureCountry>ישראל</ManufactureCountry><ManufacturerItemDescription>תפרחות ברוקולי 800 גר</ManufacturerItemDescription><SoldByWeight/><Quantity>800.00</Quantity><UnitOfMeasure>גרם     </UnitOfMeasure><QtyInPackage>לא ידוע</QtyInPackage><UnitOfMeasurePrice>0.0355</UnitOfMeasurePrice><AllowDiscount>1</AllowDiscount><ItemStatus>1</ItemStatus><ItemPrice>28.40</ItemPrice></item><item><PriceUpdateDate>2016-05-31 07:00:52</PriceUpdateDate><ItemCode>7290000414829</ItemCode><ItemType>1</ItemType><ItemName>מרגרינה בלו בנד בלי</ItemName><ManufacturerName>בלובנד</ManufacturerName><ManufactureCountry>ישראל</ManufactureCountry><ManufacturerItemDescription>מרגרינה בלו בנד בלי</ManufacturerItemDescription><SoldByWeight/><Quantity>200.00</Quantity><UnitOfMeasure>מ"ל</UnitOfMeasure><QtyInPackage>לא ידוע</QtyInPackage><UnitOfMeasurePrice>0.0235</UnitOfMeasurePrice><AllowDiscount>1</AllowDiscount><ItemStatus>1</ItemStatus><ItemPrice>4.70</ItemPrice></item><item><PriceUpdateDate>2016-08-10 08:22:49</PriceUpdateDate><ItemCode>7290000414836</ItemCode><ItemType>1</ItemType><ItemName>מרגרינה בטעם חמאה 20</ItemName><ManufacturerName>בלובנד</ManufacturerName><ManufactureCountry>ישראל</ManufactureCountry><ManufacturerItemDescription>מרגרינה בטעם חמאה 20</ManufacturerItemDescription><SoldByWeight/><Quantity>200.00</Quantity><UnitOfMeasure>מ"ל</UnitOfMeasure><QtyInPackage>לא ידוע</QtyInPackage><UnitOfMeasurePrice>0.0270</UnitOfMeasurePrice><AllowDiscount>1</AllowDiscount><ItemStatus>1</ItemStatus><ItemPrice>5.40</ItemPrice></item><item><PriceUpdateDate>2016-08-10 08:22:49</PriceUpdateDate><ItemCode>7290000414874</ItemCode><ItemType>1</ItemType><ItemName>חטיף כיפלי גריל בד"צ</ItemName><ManufacturerName>כיפלי</ManufacturerName><ManufactureCountry>ישראל</ManufactureCountry><ManufacturerItemDescription>חטיף כיפלי גריל בד"צ</ManufacturerItemDescription><SoldByWeight/><Quantity>14.00</Quantity><UnitOfMeasure>גרם     </UnitOfMeasure><QtyInPackage>לא ידוע</QtyInPackage><UnitOfMeasurePrice>0.4857</UnitOfMeasurePrice><AllowDiscount>1</AllowDiscount><ItemStatus>1</ItemStatus><ItemPrice>6.80</ItemPrice></item><item><PriceUpdateDate>2016-08-10 08:22:50</PriceUpdateDate><ItemCode>7290000414881</ItemCode><ItemType>1</ItemType><ItemName>חטיף כיפלי בצל בד"צ</ItemName><ManufacturerName>כיפלי</ManufacturerName><ManufactureCountry>ישראל</ManufactureCountry><ManufacturerItemDescription>חטיף כיפלי בצל בד"צ</ManufacturerItemDescription><SoldByWeight/><Quantity>70.00</Quantity><UnitOfMeasure>גרם     </UnitOfMeasure><QtyInPackage>לא ידוע</QtyInPackage><UnitOfMeasurePrice>0.0971</UnitOfMeasurePrice><AllowDiscount>1</AllowDiscount><ItemStatus>1</ItemStatus><ItemPrice>6.80</ItemPrice></item><item><PriceUpdateDate>2015-11-17 14:06:29</PriceUpdateDate><ItemCode>7290000414898</ItemCode><ItemType>1</ItemType><ItemName>מיונז 250 גרם</ItemName><ManufacturerName>תלמה</ManufacturerName><ManufactureCountry>ישראל</ManufactureCountry><ManufacturerItemDescription>מיונז 250 גרם</ManufacturerItemDescription><SoldByWeight/><Quantity>250.00</Quantity><UnitOfMeasure>גרם     </UnitOfMeasure><QtyInPackage>לא ידוע</QtyInPackage><UnitOfMeasurePrice>0.0308</UnitOfMeasurePrice><AllowDiscount>1</AllowDiscount><ItemStatus>1</ItemStatus><ItemPrice>7.70</ItemPrice></item><item><PriceUpdateDate>2016-05-31 07:00:52</PriceUpdateDate><ItemCode>7290000414928</ItemCode><ItemType>1</ItemType><ItemName>מיונז אמיתי תלמה 500</ItemName><ManufacturerName>תלמה</ManufacturerName><ManufactureCountry>ישראל</ManufactureCountry><ManufacturerItemDescription>מיונז אמיתי תלמה 500</ManufacturerItemDescription><SoldByWeight/><Quantity>500.00</Quantity><UnitOfMeasure>גרם     </UnitOfMeasure><QtyInPackage>לא ידוע</QtyInPackage><UnitOfMeasurePrice>0.0190</UnitOfMeasurePrice><AllowDiscount>1</AllowDiscount><ItemStatus>1</ItemStatus><ItemPrice>9.50</ItemPrice></item><item><PriceUpdateDate>2016-05-31 07:00:52</PriceUpdateDate><ItemCode>7290000414942</ItemCode><ItemType>1</ItemType><ItemName>מיונז 1 ק'ג</ItemName><ManufacturerName>תלמה</ManufacturerName><ManufactureCountry>ישראל</ManufactureCountry><ManufacturerItemDescription>מיונז 1 ק'ג</ManufacturerItemDescription><SoldByWeight/><Quantity>1000.00</Quantity><UnitOfMeasure>גרם     </UnitOfMeasure><QtyInPackage>לא ידוע</QtyInPackage><UnitOfMeasurePrice>0.0166</UnitOfMeasurePrice><AllowDiscount>1</AllowDiscount><ItemStatus>1</ItemStatus><ItemPrice>16.60</ItemPrice></item><item><PriceUpdateDate>2015-11-17 14:06:29</PriceUpdateDate><ItemCode>7290000414966</ItemCode><ItemType>1</ItemType><ItemName>חרדל אמיתי תלמה 550</ItemName><ManufacturerName>תלמה</ManufacturerName><ManufactureCountry>ישראל</ManufactureCountry><ManufacturerItemDescription>חרדל אמיתי תלמה 550</ManufacturerItemDescription><SoldByWeight/><Quantity>550.00</Quantity><UnitOfMeasure>גרם     </UnitOfMeasure><QtyInPackage>לא ידוע</QtyInPackage><UnitOfMeasurePrice>0.0233</UnitOfMeasurePrice><AllowDiscount>1</AllowDiscount><ItemStatus>1</ItemStatus><ItemPrice>12.80</ItemPrice></item><item><PriceUpdateDate>2016-05-31 07:00:53</PriceUpdateDate><ItemCode>7290000415031</ItemCode><ItemType>1</ItemType><ItemName>קנור מרק עוף 400 גרם</ItemName><ManufacturerName>קנור</ManufacturerName><ManufactureCountry>ישראל</ManufactureCountry><ManufacturerItemDescription>מרק עוף אמיתי 400 גרם קופ</ManufacturerItemDescription><SoldByWeight/><Quantity>400.00</Quantity><UnitOfMeasure>גרם     </UnitOfMeasure><QtyInPackage>לא ידוע</QtyInPackage><UnitOfMeasurePrice>0.0472</UnitOfMeasurePrice><AllowDiscount>1</AllowDiscount><ItemStatus>1</ItemStatus><ItemPrice>18.90</ItemPrice></item><item><PriceUpdateDate>2015-10-22 10:36:26</PriceUpdateDate><ItemCode>7290000415093</ItemCode><ItemType>1</ItemType><ItemName>חטיף כיפלי צ'יפס בד"</ItemName><ManufacturerName>כיפלי</ManufacturerName><ManufactureCountry>ישראל</ManufactureCountry><ManufacturerItemDescription>חטיף כיפלי צ'יפס בד"</ManufacturerItemDescription><SoldByWeight/><Quantity>50.00</Quantity><UnitOfMeasure>גרם     </UnitOfMeasure><QtyInPackage>לא ידוע</QtyInPackage><UnitOfMeasurePrice>0.1180</UnitOfMeasurePrice><AllowDiscount>1</AllowDiscount><ItemStatus>1</ItemStatus><ItemPrice>5.90</ItemPrice></item><item><PriceUpdateDate>2015-10-22 10:36:26</PriceUpdateDate><ItemCode>7290000415109</ItemCode><ItemType>1</ItemType><ItemName>חטיף כיפלי צ'יפס קטש</ItemName><ManufacturerName>כיפלי</ManufacturerName><ManufactureCountry>ישראל</ManufactureCountry><ManufacturerItemDescription>חטיף כיפלי צ'יפס קטש</ManufacturerItemDescription><SoldByWeight/><Quantity>14.00</Quantity><UnitOfMeasure>גרם     </UnitOfMeasure><QtyInPackage>לא ידוע</QtyInPackage><UnitOfMeasurePrice>0.4214</UnitOfMeasurePrice><AllowDiscount>1</AllowDiscount><ItemStatus>1</ItemStatus><ItemPrice>5.90</ItemPrice></item><item><PriceUpdateDate>2015-10-11 20:33:31</PriceUpdateDate><ItemCode>7290000415116</ItemCode><ItemType>1</ItemType><ItemName>מרק נמס בכוס לייט זו</ItemName><ManufacturerName>קנור</ManufacturerName><ManufactureCountry>ישראל</ManufactureCountry><ManufacturerItemDescription>מרקלייט נמס ירקות 034  גר</ManufacturerItemDescription><SoldByWeight/><Quantity>14.00</Quantity><UnitOfMeasure>גרם     </UnitOfMeasure><QtyInPackage>לא ידוע</QtyInPackage><UnitOfMeasurePrice>0.5929</UnitOfMeasurePrice><AllowDiscount>1</AllowDiscount><ItemStatus>1</ItemStatus><ItemPrice>8.30</ItemPrice></item><item><PriceUpdateDate>2016-08-10 08:22:50</PriceUpdateDate><ItemCode>7290000415475</ItemCode><ItemType>1</ItemType><ItemName>חטיף דגנים קוקומן 8</ItemName><ManufacturerName>קוקומן</ManufacturerName><ManufactureCountry>ישראל</ManufactureCountry><ManufacturerItemDescription>חטיף דגנים קוקומן 8</ManufacturerItemDescription><SoldByWeight/><Quantity>168.00</Quantity><UnitOfMeasure>גרם     </UnitOfMeasure><QtyInPackage>לא ידוע</QtyInPackage><UnitOfMeasurePrice>0.1363</UnitOfMeasurePrice><AllowDiscount>1</AllowDiscount><ItemStatus>1</ItemStatus><ItemPrice>22.90</ItemPrice></item><item><PriceUpdateDate>2015-10-11 20:33:31</PriceUpdateDate><ItemCode>7290000415499</ItemCode><ItemType>1</ItemType><ItemName>זוג מרק נמס בכוס קנו</ItemName><ManufacturerName>קנור</ManufacturerName><ManufactureCountry>ישראל</ManufactureCountry><ManufacturerItemDescription>מרק נמס בכוס פטריות</ManufacturerItemDescription><SoldByWeight/><Quantity>43.00</Quantity><UnitOfMeasure>גרם     </UnitOfMeasure><QtyInPackage>לא ידוע</QtyInPackage><UnitOfMeasurePrice>0.1930</UnitOfMeasurePrice><AllowDiscount>1</AllowDiscount><ItemStatus>1</ItemStatus><ItemPrice>8.30</ItemPrice></item><item><PriceUpdateDate>2016-08-10 08:22:50</PriceUpdateDate><ItemCode>7290000415673</ItemCode><ItemType>1</ItemType><ItemName>שוקולד קליק לבן עם ש</ItemName><ManufacturerName>קליק ורד הגליל</ManufacturerName><ManufactureCountry>ישראל</ManufactureCountry><ManufacturerItemDescription>שוקולד קליק לבן עם ש</ManufacturerItemDescription><SoldByWeight/><Quantity>100.00</Quantity><UnitOfMeasure>גרם     </UnitOfMeasure><QtyInPackage>לא ידוע</QtyInPackage><UnitOfMeasurePrice>0.0720</UnitOfMeasurePrice><AllowDiscount>1</AllowDiscount><ItemStatus>1</ItemStatus><ItemPrice>7.20</ItemPrice></item><item><PriceUpdateDate>2016-02-08 10:37:25</PriceUpdateDate><ItemCode>7290000415703</ItemCode><ItemType>1</ItemType><ItemName>מיונז הלמנס 424 גרם</ItemName><ManufacturerName>הלמנס</ManufacturerName><ManufactureCountry>ארצות הברית</ManufactureCountry><ManufacturerItemDescription>מחצלת לגלגול סושי 1 יחיד</ManufacturerItemDescription><SoldByWeight/><Quantity>424.00</Quantity><UnitOfMeasure>גרם     </UnitOfMeasure><QtyInPackage>לא ידוע</QtyInPackage><UnitOfMeasurePrice>0.0351</UnitOfMeasurePrice><AllowDiscount>1</AllowDiscount><ItemStatus>1</ItemStatus><ItemPrice>14.90</ItemPrice></item><item><PriceUpdateDate>2016-06-28 09:28:10</PriceUpdateDate><ItemCode>7290000415727</ItemCode><ItemType>1</ItemType><ItemName>החתול המחייך 120 גרם</ItemName><ManufacturerName>מון בלאן</ManufacturerName><ManufactureCountry>ישראל</ManufactureCountry><ManufacturerItemDescription>החתול המחייך 120 גרם</ManufacturerItemDescription><SoldByWeight/><Quantity>120.00</Quantity><UnitOfMeasure>גרם     </UnitOfMeasure><QtyInPackage>לא ידוע</QtyInPackage><UnitOfMeasurePrice>0.1033</UnitOfMeasurePrice><AllowDiscount>1</AllowDiscount><ItemStatus>1</ItemStatus><ItemPrice>12.40</ItemPrice></item><item><PriceUpdateDate>2015-11-17 14:06:29</PriceUpdateDate><ItemCode>7290000415888</ItemCode><ItemType>1</ItemType><ItemName>תמצית וניל אפיכל 50</ItemName><ManufacturerName>אפיכל</ManufacturerName><ManufactureCountry>ישראל</ManufactureCountry><ManufacturerItemDescription>תמצית וניל אפיכל 50</ManufacturerItemDescription><SoldByWeight/><Quantity>14.00</Quantity><UnitOfMeasure>מ"ל</UnitOfMeasure><QtyInPackage>לא ידוע</QtyInPackage><UnitOfMeasurePrice>0.4286</UnitOfMeasurePrice><AllowDiscount>1</AllowDiscount><ItemStatus>1</ItemStatus><ItemPrice>6.00</ItemPrice></item><item><PriceUpdateDate>2015-11-17 14:06:29</PriceUpdateDate><ItemCode>7290000415895</ItemCode><ItemType>1</ItemType><ItemName>תמצית רום אפיכל 50 ג</ItemName><ManufacturerName>אפיכל</ManufacturerName><ManufactureCountry>ישראל</ManufactureCountry><ManufacturerItemDescription>תמצית רום אפיכל 50 ג</ManufacturerItemDescription><SoldByWeight/><Quantity>14.00</Quantity><UnitOfMeasure>מ"ל</UnitOfMeasure><QtyInPackage>לא ידוע</QtyInPackage><UnitOfMeasurePrice>0.4286</UnitOfMeasurePrice><AllowDiscount>1</AllowDiscount><ItemStatus>1</ItemStatus><ItemPrice>6.00</ItemPrice></item><item><PriceUpdateDate>2015-10-22 10:36:26</PriceUpdateDate><ItemCode>7290000415994</ItemCode><ItemType>1</ItemType><ItemName>מרגרינה מזולה 250גרם</ItemName><ManufacturerName>מזולה</ManufacturerName><ManufactureCountry>ישראל</ManufactureCountry><ManufacturerItemDescription>מרגרינה מזולה 250גרם</ManufacturerItemDescription><SoldByWeight/><Quantity>250.00</Quantity><UnitOfMeasure>גרם     </UnitOfMeasure><QtyInPackage>לא ידוע</QtyInPackage><UnitOfMeasurePrice>0.0448</UnitOfMeasurePrice><AllowDiscount>1</AllowDiscount><ItemStatus>1</ItemStatus><ItemPrice>11.20</ItemPrice></item><item><PriceUpdateDate>2015-10-22 10:36:26</PriceUpdateDate><ItemCode>7290000416007</ItemCode><ItemType>1</ItemType><ItemName>מרגרינה מזולה 250 גר</ItemName><ManufacturerName>מזולה</ManufacturerName><ManufactureCountry>ישראל</ManufactureCountry><ManufacturerItemDescription>מרגרינה מזולה 250 גר</ManufacturerItemDescription><SoldByWeight/><Quantity>250.00</Quantity><UnitOfMeasure>גרם     </UnitOfMeasure><QtyInPackage>לא ידוע</QtyInPackage><UnitOfMeasurePrice>0.0412</UnitOfMeasurePrice><AllowDiscount>1</AllowDiscount><ItemStatus>1</ItemStatus><ItemPrice>10.30</ItemPrice></item><item><PriceUpdateDate>2015-11-17 14:06:29</PriceUpdateDate><ItemCode>7290000416014</ItemCode><ItemType>1</ItemType><ItemName>מרגרינה מזולה עם שמן</ItemName><ManufacturerName>מזולה</ManufacturerName><ManufactureCountry>ישראל</ManufactureCountry><ManufacturerItemDescription>מרגרינה מזולה עם שמן</ManufacturerItemDescription><SoldByWeight/><Quantity>250.00</Quantity><UnitOfMeasure>מ"ל</UnitOfMeasure><QtyInPackage>לא ידוע</QtyInPackage><UnitOfMeasurePrice>0.0448</UnitOfMeasurePrice><AllowDiscount>1</AllowDiscount><ItemStatus>1</ItemStatus><ItemPrice>11.20</ItemPrice></item><item><PriceUpdateDate>2016-05-01 08:13:17</PriceUpdateDate><ItemCode>7290000416021</ItemCode><ItemType>1</ItemType><ItemName>ממרח השחר העולה 500</ItemName><ManufacturerName>השחר</ManufacturerName><ManufactureCountry>ישראל</ManufactureCountry><ManufacturerItemDescription>ממרח שוקולד השחר500 גר</ManufacturerItemDescription><SoldByWeight/><Quantity>500.00</Quantity><UnitOfMeasure>גרם     </UnitOfMeasure><QtyInPackage>לא ידוע</QtyInPackage><UnitOfMeasurePrice>0.0238</UnitOfMeasurePrice><AllowDiscount>1</AllowDiscount><ItemStatus>1</ItemStatus><ItemPrice>11.90</ItemPrice></item><item><PriceUpdateDate>2016-02-01 20:44:06</PriceUpdateDate><ItemCode>7290000416045</ItemCode><ItemType>1</ItemType><ItemName>ממרח השחר העולה 1 ק"</ItemName><ManufacturerName>השחר</ManufacturerName><ManufactureCountry>ישראל</ManufactureCountry><ManufacturerItemDescription>ממרח השחר העולה 1 ק"</ManufacturerItemDescription><SoldByWeight/><Quantity>1000.00</Quantity><UnitOfMeasure>גרם     </UnitOfMeasure><QtyInPackage>לא ידוע</QtyInPackage><UnitOfMeasurePrice>0.0234</UnitOfMeasurePrice><AllowDiscount>1</AllowDiscount><ItemStatus>1</ItemStatus><ItemPrice>23.40</ItemPrice></item><item><PriceUpdateDate>2016-08-02 07:34:07</PriceUpdateDate><ItemCode>7290000416182</ItemCode><ItemType>1</ItemType><ItemName>קונפיטור 778 משמש 33</ItemName><ManufacturerName>778</ManufacturerName><ManufactureCountry>ישראל</ManufactureCountry><ManufacturerItemDescription>קונפיטור 778 משמש 33</ManufacturerItemDescription><SoldByWeight/><Quantity>330.00</Quantity><UnitOfMeasure>גרם     </UnitOfMeasure><QtyInPackage>לא ידוע</QtyInPackage><UnitOfMeasurePrice>0.0491</UnitOfMeasurePrice><AllowDiscount>1</AllowDiscount><ItemStatus>1</ItemStatus><ItemPrice>16.20</ItemPrice></item><item><PriceUpdateDate>2016-08-02 07:34:07</PriceUpdateDate><ItemCode>7290000416199</ItemCode><ItemType>1</ItemType><ItemName>קונפיטור 778 תות שדה</ItemName><ManufacturerName>778</ManufacturerName><ManufactureCountry>ישראל</ManufactureCountry><ManufacturerItemDescription>קונפיטור 778 תות שדה</ManufacturerItemDescription><SoldByWeight/><Quantity>330.00</Quantity><UnitOfMeasure>גרם     </UnitOfMeasure><QtyInPackage>לא ידוע</QtyInPackage><UnitOfMeasurePrice>0.0491</UnitOfMeasurePrice><AllowDiscount>1</AllowDiscount><ItemStatus>1</ItemStatus><ItemPrice>16.20</ItemPrice></item><item><PriceUpdateDate>2016-08-02 07:34:07</PriceUpdateDate><ItemCode>7290000416212</ItemCode><ItemType>1</ItemType><ItemName>קונפיטור 778 פובידל</ItemName><ManufacturerName>778</ManufacturerName><ManufactureCountry>ישראל</ManufactureCountry><ManufacturerItemDescription>קונפיטור 778 פובידל</ManufacturerItemDescription><SoldByWeight/><Quantity>340.00</Quantity><UnitOfMeasure>גרם     </UnitOfMeasure><QtyInPackage>לא ידוע</QtyInPackage><UnitOfMeasurePrice>0.0476</UnitOfMeasurePrice><AllowDiscount>1</AllowDiscount><ItemStatus>1</ItemStatus><ItemPrice>16.20</ItemPrice></item><item><PriceUpdateDate>2016-03-01 06:16:01</PriceUpdateDate><ItemCode>7290000416434</ItemCode><ItemType>1</ItemType><ItemName>משקה ג'אמפ תפוזים 1.</ItemName><ManufacturerName>גאמפ</ManufacturerName><ManufactureCountry>ישראל</ManufactureCountry><ManufacturerItemDescription>משקל גאמפ תפוזים 1.5 ל</ManufacturerItemDescription><SoldByWeight/><Quantity>1500.00</Quantity><UnitOfMeasure>מ"ל</UnitOfMeasure><QtyInPackage>לא ידוע</QtyInPackage><UnitOfMeasurePrice>0.0046</UnitOfMeasurePrice><AllowDiscount>1</AllowDiscount><ItemStatus>1</ItemStatus><ItemPrice>6.90</ItemPrice></item><item><PriceUpdateDate>2016-03-01 06:16:01</PriceUpdateDate><ItemCode>7290000416441</ItemCode><ItemType>1</ItemType><ItemName>משקה ג'אמפ אשכוליות</ItemName><ManufacturerName>גאמפ</ManufacturerName><ManufactureCountry>ישראל</ManufactureCountry><ManufacturerItemDescription>משקל גאמפ אשכוליות 1.5 ל</ManufacturerItemDescription><SoldByWeight/><Quantity>1500.00</Quantity><UnitOfMeasure>מ"ל</UnitOfMeasure><QtyInPackage>לא ידוע</QtyInPackage><UnitOfMeasurePrice>0.0046</UnitOfMeasurePrice><AllowDiscount>1</AllowDiscount><ItemStatus>1</ItemStatus><ItemPrice>6.90</ItemPrice></item><item><PriceUpdateDate>2016-03-01 06:16:01</PriceUpdateDate><ItemCode>7290000416458</ItemCode><ItemType>1</ItemType><ItemName>משקה ג'אמפ תות בננה</ItemName><ManufacturerName>גאמפ</ManufacturerName><ManufactureCountry>ישראל</ManufactureCountry><ManufacturerItemDescription>משקה ג'אמפ תות בננה</ManufacturerItemDescription><SoldByWeight/><Quantity>1500.00</Quantity><UnitOfMeasure>מ"ל</UnitOfMeasure><QtyInPackage>לא ידוע</QtyInPackage><UnitOfMeasurePrice>0.0046</UnitOfMeasurePrice><AllowDiscount>1</AllowDiscount><ItemStatus>1</ItemStatus><ItemPrice>6.90</ItemPrice></item><item><PriceUpdateDate>2014-11-10 06:30:11</PriceUpdateDate><ItemCode>7290000416502</ItemCode><ItemType>1</ItemType><ItemName>שמפו טום וג'רי 700 מ</ItemName><ManufacturerName>טום אנד גרי</ManufacturerName><ManufactureCountry>ישראל</ManufactureCountry><ManufacturerItemDescription>שמפו טום וג'רי 700 מ</ManufacturerItemDescription><SoldByWeight/><Quantity>700.00</Quantity><UnitOfMeasure>מ"ל</UnitOfMeasure><QtyInPackage>לא ידוע</QtyInPackage><UnitOfMeasurePrice>0.0259</UnitOfMeasurePrice><AllowDiscount>1</AllowDiscount><ItemStatus>1</ItemStatus><ItemPrice>18.10</ItemPrice></item><item><PriceUpdateDate>2016-03-16 18:08:32</PriceUpdateDate><ItemCode>7290000416533</ItemCode><ItemType>1</ItemType><ItemName>שמפו הוואי לגבר 700</ItemName><ManufacturerName>הוואי</ManufacturerName><ManufactureCountry>ישראל</ManufactureCountry><ManufacturerItemDescription>הוואי שמפו לגבר 700 מל</ManufacturerItemDescription><SoldByWeight/><Quantity>700.00</Quantity><UnitOfMeasure>מ"ל</UnitOfMeasure><QtyInPackage>לא ידוע</QtyInPackage><UnitOfMeasurePrice>0.0141</UnitOfMeasurePrice><AllowDiscount>0</AllowDiscount><ItemStatus>1</ItemStatus><ItemPrice>9.90</ItemPrice></item><item><PriceUpdateDate>2016-03-16 18:08:32</PriceUpdateDate><ItemCode>7290000416571</ItemCode><ItemType>1</ItemType><ItemName>שמפו הוואי לשיער רגי</ItemName><ManufacturerName>הוואי</ManufacturerName><ManufactureCountry>ישראל</ManufactureCountry><ManufacturerItemDescription>הוואי שמפו לשיער רגיל 700</ManufacturerItemDescription><SoldByWeight/><Quantity>700.00</Quantity><UnitOfMeasure>מ"ל</UnitOfMeasure><QtyInPackage>לא ידוע</QtyInPackage><UnitOfMeasurePrice>0.0141</UnitOfMeasurePrice><AllowDiscount>0</AllowDiscount><ItemStatus>1</ItemStatus><ItemPrice>9.90</ItemPrice></item><item><PriceUpdateDate>2016-03-16 18:08:32</PriceUpdateDate><ItemCode>7290000416595</ItemCode><ItemType>1</ItemType><ItemName>שמפו הוואי למניעת קש</ItemName><ManufacturerName>הוואי</ManufacturerName><ManufactureCountry>ישראל</ManufactureCountry><ManufacturerItemDescription>הוואי שמפו למניעת קשקשים7</ManufacturerItemDescription><SoldByWeight/><Quantity>700.00</Quantity><UnitOfMeasure>מ"ל</UnitOfMeasure><QtyInPackage>לא ידוע</QtyInPackage><UnitOfMeasurePrice>0.0141</UnitOfMeasurePrice><AllowDiscount>0</AllowDiscount><ItemStatus>1</ItemStatus><ItemPrice>9.90</ItemPrice></item><item><PriceUpdateDate>2016-03-16 18:08:32</PriceUpdateDate><ItemCode>7290000416601</ItemCode><ItemType>1</ItemType><ItemName>מרכך הוואי לשיער רגי</ItemName><ManufacturerName>הוואי</ManufacturerName><ManufactureCountry>ישראל</ManufactureCountry><ManufacturerItemDescription>הוואי מרכך לשיער רגיל 700</ManufacturerItemDescription><SoldByWeight/><Quantity>700.00</Quantity><UnitOfMeasure>מ"ל</UnitOfMeasure><QtyInPackage>לא ידוע</QtyInPackage><UnitOfMeasurePrice>0.0141</UnitOfMeasurePrice><AllowDiscount>0</AllowDiscount><ItemStatus>1</ItemStatus><ItemPrice>9.90</ItemPrice></item><item><PriceUpdateDate>2016-05-31 07:02:17</PriceUpdateDate><ItemCode>7290000416618</ItemCode><ItemType>1</ItemType><ItemName>מב ממרח פרווה השחר 4</ItemName><ManufacturerName>השחר</ManufacturerName><ManufactureCountry>ישראל</ManufactureCountry><ManufacturerItemDescription>ממרח שוקולד השחר400ג.בדץ</ManufacturerItemDescription><SoldByWeight/><Quantity>400.00</Quantity><UnitOfMeasure>גרם     </UnitOfMeasure><QtyInPackage>לא ידוע</QtyInPackage><UnitOfMeasurePrice>0.0323</UnitOfMeasurePrice><AllowDiscount>1</AllowDiscount><ItemStatus>1</ItemStatus><ItemPrice>12.90</ItemPrice></item><item><PriceUpdateDate>2015-10-22 10:36:27</PriceUpdateDate><ItemCode>7290000416861</ItemCode><ItemType>1</ItemType><ItemName>סבון מוצק הוואי כחול</ItemName><ManufacturerName>הוואי</ManufacturerName><ManufactureCountry>ישראל</ManufactureCountry><ManufacturerItemDescription>סבון הוואי מוצק כחול</ManufacturerItemDescription><SoldByWeight/><Quantity>400.00</Quantity><UnitOfMeasure>גרם     </UnitOfMeasure><QtyInPackage>לא ידוע</QtyInPackage><UnitOfMeasurePrice>0.0380</UnitOfMeasurePrice><AllowDiscount>1</AllowDiscount><ItemStatus>1</ItemStatus><ItemPrice>15.20</ItemPrice></item><item><PriceUpdateDate>2016-06-28 09:28:10</PriceUpdateDate><ItemCode>7290000416946</ItemCode><ItemType>1</ItemType><ItemName>משחת שינים טום וגרי</ItemName><ManufacturerName>טום אנד גרי</ManufacturerName><ManufactureCountry>ישראל</ManufactureCountry><ManufacturerItemDescription>משחת שינים טום וגרי</ManufacturerItemDescription><SoldByWeight/><Quantity>1.00</Quantity><UnitOfMeasure>יח'</UnitOfMeasure><QtyInPackage>לא ידוע</QtyInPackage><UnitOfMeasurePrice>9.9000</UnitOfMeasurePrice><AllowDiscount>1</AllowDiscount><ItemStatus>1</ItemStatus><ItemPrice>9.90</ItemPrice></item><item><PriceUpdateDate>2016-06-28 09:28:10</PriceUpdateDate><ItemCode>7290000416960</ItemCode><ItemType>1</ItemType><ItemName>משחת שיניים טום וג'ר</ItemName><ManufacturerName>טום אנד גרי</ManufacturerName><ManufactureCountry>ישראל</ManufactureCountry><ManufacturerItemDescription>משחת שיניים טום וג'ר</ManufacturerItemDescription><SoldByWeight/><Quantity>1.00</Quantity><UnitOfMeasure>יח'</UnitOfMeasure><QtyInPackage>לא ידוע</QtyInPackage><UnitOfMeasurePrice>9.9000</UnitOfMeasurePrice><AllowDiscount>1</AllowDiscount><ItemStatus>1</ItemStatus><ItemPrice>9.90</ItemPrice></item><item><PriceUpdateDate>2016-08-02 07:37:57</PriceUpdateDate><ItemCode>7290000417011</ItemCode><ItemType>1</ItemType><ItemName>מב מיץ פריגת סחוט תפ</ItemName><ManufacturerName>פריגת</ManufacturerName><ManufactureCountry>ישראל</ManufactureCountry><ManufacturerItemDescription>מיץ סחוט תפוזים2 ל</ManufacturerItemDescription><SoldByWeight/><Quantity>2000.00</Quantity><UnitOfMeasure>מ"ל</UnitOfMeasure><QtyInPackage>לא ידוע</QtyInPackage><UnitOfMeasurePrice>0.0109</UnitOfMeasurePrice><AllowDiscount>1</AllowDiscount><ItemStatus>1</ItemStatus><ItemPrice>21.90</ItemPrice></item><item><PriceUpdateDate>2015-10-22 10:36:27</PriceUpdateDate><ItemCode>7290000417066</ItemCode><ItemType>1</ItemType><ItemName>גת גרעיני חמניה 200</ItemName><ManufacturerName>ליימן חטיבת המותגים</ManufacturerName><ManufactureCountry>ישראל</ManufactureCountry><ManufacturerItemDescription>גרעיני חמניה 200 גרם</ManufacturerItemDescription><SoldByWeight/><Quantity>200.00</Quantity><UnitOfMeasure>גרם     </UnitOfMeasure><QtyInPackage>לא ידוע</QtyInPackage><UnitOfMeasurePrice>0.0405</UnitOfMeasurePrice><AllowDiscount>0</AllowDiscount><ItemStatus>1</ItemStatus><ItemPrice>8.10</ItemPrice></item><item><PriceUpdateDate>2016-06-28 09:28:10</PriceUpdateDate><ItemCode>7290000417073</ItemCode><ItemType>1</ItemType><ItemName>גת שקד קלוי שקית 200</ItemName><ManufacturerName>ליימן חטיבת המותגים</ManufacturerName><ManufactureCountry>ישראל</ManufactureCountry><ManufacturerItemDescription>שקדים קלויים 200 גרם</ManufacturerItemDescription><SoldByWeight/><Quantity>200.00</Quantity><UnitOfMeasure>גרם     </UnitOfMeasure><QtyInPackage>לא ידוע</QtyInPackage><UnitOfMeasurePrice>0.1135</UnitOfMeasurePrice><AllowDiscount>1</AllowDiscount><ItemStatus>1</ItemStatus><ItemPrice>22.70</ItemPrice></item><item><PriceUpdateDate>2016-08-02 07:34:07</PriceUpdateDate><ItemCode>7290000417219</ItemCode><ItemType>1</ItemType><ItemName>נקניקיות עוף 400 גרם</ItemName><ManufacturerName>עוף טוב</ManufacturerName><ManufactureCountry>ישראל</ManufactureCountry><ManufacturerItemDescription>נקניקיות עוף עוף טוב 400</ManufacturerItemDescription><SoldByWeight/><Quantity>400.00</Quantity><UnitOfMeasure>גרם     </UnitOfMeasure><QtyInPackage>לא ידוע</QtyInPackage><UnitOfMeasurePrice>0.0298</UnitOfMeasurePrice><AllowDiscount>1</AllowDiscount><ItemStatus>1</ItemStatus><ItemPrice>11.90</ItemPrice></item><item><PriceUpdateDate>2015-11-17 14:06:29</PriceUpdateDate><ItemCode>7290000417547</ItemCode><ItemType>1</ItemType><ItemName>גולדבנד גביע 250 גרם</ItemName><ManufacturerName>גולדבנד</ManufacturerName><ManufactureCountry>ישראל</ManufactureCountry><ManufacturerItemDescription>גולדבנד גביע 250 גרם</ManufacturerItemDescription><SoldByWeight/><Quantity>250.00</Quantity><UnitOfMeasure>גרם     </UnitOfMeasure><QtyInPackage>לא ידוע</QtyInPackage><UnitOfMeasurePrice>0.0372</UnitOfMeasurePrice><AllowDiscount>1</AllowDiscount><ItemStatus>1</ItemStatus><ItemPrice>9.30</ItemPrice></item><item><PriceUpdateDate>2015-11-17 14:06:29</PriceUpdateDate><ItemCode>7290000417554</ItemCode><ItemType>1</ItemType><ItemName>מחמאה גביע 250 גרם</ItemName><ManufacturerName>מחמאה</ManufacturerName><ManufactureCountry>ישראל</ManufactureCountry><ManufacturerItemDescription>מחמאה גביע 250 גרם</ManufacturerItemDescription><SoldByWeight/><Quantity>250.00</Quantity><UnitOfMeasure>גרם     </UnitOfMeasure><QtyInPackage>לא ידוע</QtyInPackage><UnitOfMeasurePrice>0.0352</UnitOfMeasurePrice><AllowDiscount>1</AllowDiscount><ItemStatus>1</ItemStatus><ItemPrice>8.80</ItemPrice></item><item><PriceUpdateDate>2016-05-01 08:12:42</PriceUpdateDate><ItemCode>7290000417578</ItemCode><ItemType>1</ItemType><ItemName>מיונז אמיתי משמן קנו</ItemName><ManufacturerName>תלמה</ManufacturerName><ManufactureCountry>ישראל</ManufactureCountry><ManufacturerItemDescription>מיונז אמיתי משמן קנו</ManufacturerItemDescription><SoldByWeight/><Quantity>500.00</Quantity><UnitOfMeasure>גרם     </UnitOfMeasure><QtyInPackage>לא ידוע</QtyInPackage><UnitOfMeasurePrice>0.0318</UnitOfMeasurePrice><AllowDiscount>1</AllowDiscount><ItemStatus>1</ItemStatus><ItemPrice>15.90</ItemPrice></item><item><PriceUpdateDate>2016-05-31 07:00:54</PriceUpdateDate><ItemCode>7290000417622</ItemCode><ItemType>1</ItemType><ItemName>שוקולד פרה חלב 100 ג</ItemName><ManufacturerName>פרה</ManufacturerName><ManufactureCountry>ישראל</ManufactureCountry><ManufacturerItemDescription>שוקולד פרה חלב שטוח 100 ג</ManufacturerItemDescription><SoldByWeight/><Quantity>100.00</Quantity><UnitOfMeasure>גרם     </UnitOfMeasure><QtyInPackage>לא ידוע</QtyInPackage><UnitOfMeasurePrice>0.0540</UnitOfMeasurePrice><AllowDiscount>0</AllowDiscount><ItemStatus>1</ItemStatus><ItemPrice>5.40</ItemPrice></item><item><PriceUpdateDate>2016-05-31 07:00:54</PriceUpdateDate><ItemCode>7290000417639</ItemCode><ItemType>1</ItemType><ItemName>שוקולד פרה מריר 100</ItemName><ManufacturerName>פרה</ManufacturerName><ManufactureCountry>ישראל</ManufactureCountry><ManufacturerItemDescription>שוקולד פרה מריר שטוח 100</ManufacturerItemDescription><SoldByWeight/><Quantity>100.00</Quantity><UnitOfMeasure>גרם     </UnitOfMeasure><QtyInPackage>לא ידוע</QtyInPackage><UnitOfMeasurePrice>0.0540</UnitOfMeasurePrice><AllowDiscount>0</AllowDiscount><ItemStatus>1</ItemStatus><ItemPrice>5.40</ItemPrice></item><item><PriceUpdateDate>2015-10-11 20:33:32</PriceUpdateDate><ItemCode>7290000417677</ItemCode><ItemType>1</ItemType><ItemName>חטיף כיף כף בודד 45</ItemName><ManufacturerName>כיף כף</ManufacturerName><ManufactureCountry>ישראל</ManufactureCountry><ManufacturerItemDescription>חטיף כיף כף45 גר</ManufacturerItemDescription><SoldByWeight/><Quantity>0.00</Quantity><UnitOfMeasure>גרם     </UnitOfMeasure><QtyInPackage>לא ידוע</QtyInPackage><UnitOfMeasurePrice>0.0000</UnitOfMeasurePrice><AllowDiscount>1</AllowDiscount><ItemStatus>1</ItemStatus><ItemPrice>5.00</ItemPrice></item><item><PriceUpdateDate>2016-05-31 07:00:54</PriceUpdateDate><ItemCode>7290000417714</ItemCode><ItemType>1</ItemType><ItemName>בפלות שוקולד 1 ק"ג ע</ItemName><ManufacturerName>עלית</ManufacturerName><ManufactureCountry>ישראל</ManufactureCountry><ManufacturerItemDescription>בפלות שוקולד 1 ק"ג ע</ManufacturerItemDescription><SoldByWeight/><Quantity>1000.00</Quantity><UnitOfMeasure>גרם     </UnitOfMeasure><QtyInPackage>לא ידוע</QtyInPackage><UnitOfMeasurePrice>0.0193</UnitOfMeasurePrice><AllowDiscount>1</AllowDiscount><ItemStatus>1</ItemStatus><ItemPrice>19.30</ItemPrice></item><item><PriceUpdateDate>2016-05-01 08:18:57</PriceUpdateDate><ItemCode>7290000417721</ItemCode><ItemType>1</ItemType><ItemName>בפלות בטעם שוקו 500</ItemName><ManufacturerName>עלית</ManufacturerName><ManufactureCountry>ישראל</ManufactureCountry><ManufacturerItemDescription>וופל שוקולד 500 גר</ManufacturerItemDescription><SoldByWeight/><Quantity>500.00</Quantity><UnitOfMeasure>גרם     </UnitOfMeasure><QtyInPackage>לא ידוע</QtyInPackage><UnitOfMeasurePrice>0.0278</UnitOfMeasurePrice><AllowDiscount>1</AllowDiscount><ItemStatus>1</ItemStatus><ItemPrice>13.90</ItemPrice></item><item><PriceUpdateDate>2016-05-31 07:00:54</PriceUpdateDate><ItemCode>7290000417738</ItemCode><ItemType>1</ItemType><ItemName>אבקת שוקולית 500 גרם</ItemName><ManufacturerName>שוקולית</ManufacturerName><ManufactureCountry>ישראל</ManufactureCountry><ManufacturerItemDescription>שוקולית עלית 500 גרם</ManufacturerItemDescription><SoldByWeight/><Quantity>500.00</Quantity><UnitOfMeasure>גרם     </UnitOfMeasure><QtyInPackage>לא ידוע</QtyInPackage><UnitOfMeasurePrice>0.0270</UnitOfMeasurePrice><AllowDiscount>1</AllowDiscount><ItemStatus>1</ItemStatus><ItemPrice>13.50</ItemPrice></item><item><PriceUpdateDate>2016-08-02 07:37:58</PriceUpdateDate><ItemCode>7290000417752</ItemCode><ItemType>1</ItemType><ItemName>מב ממרחית שוקולד עלי</ItemName><ManufacturerName>פרה</ManufacturerName><ManufactureCountry>ישראל</ManufactureCountry><ManufacturerItemDescription>ממרחית 500 גר</ManufacturerItemDescription><SoldByWeight/><Quantity>500.00</Quantity><UnitOfMeasure>גרם     </UnitOfMeasure><QtyInPackage>לא ידוע</QtyInPackage><UnitOfMeasurePrice>0.0158</UnitOfMeasurePrice><AllowDiscount>1</AllowDiscount><ItemStatus>1</ItemStatus><ItemPrice>7.90</ItemPrice></item><item><PriceUpdateDate>2016-03-16 18:08:32</PriceUpdateDate><ItemCode>7290000417776</ItemCode><ItemType>1</ItemType><ItemName>קפה טורקי עלית בשקית</ItemName><ManufacturerName>עלית</ManufacturerName><ManufactureCountry>ישראל</ManufactureCountry><ManufacturerItemDescription>קפה טורקי בצלופן 100 גרם</ManufacturerItemDescription><SoldByWeight/><Quantity>100.00</Quantity><UnitOfMeasure>גרם     </UnitOfMeasure><QtyInPackage>לא ידוע</QtyInPackage><UnitOfMeasurePrice>0.0880</UnitOfMeasurePrice><AllowDiscount>0</AllowDiscount><ItemStatus>1</ItemStatus><ItemPrice>8.80</ItemPrice></item><item><PriceUpdateDate>2016-02-16 20:38:13</PriceUpdateDate><ItemCode>7290000417783</ItemCode><ItemType>1</ItemType><ItemName>קפה טורקי עלית עם הל</ItemName><ManufacturerName>טורקי עלית</ManufacturerName><ManufactureCountry>ישראל</ManufactureCountry><ManufacturerItemDescription>קפה עם הל 100 גר</ManufacturerItemDescription><SoldByWeight/><Quantity>100.00</Quantity><UnitOfMeasure>גרם     </UnitOfMeasure><QtyInPackage>לא ידוע</QtyInPackage><UnitOfMeasurePrice>0.0990</UnitOfMeasurePrice><AllowDiscount>1</AllowDiscount><ItemStatus>1</ItemStatus><ItemPrice>9.90</ItemPrice></item><item><PriceUpdateDate>2016-08-04 11:36:03</PriceUpdateDate><ItemCode>7290000417837</ItemCode><ItemType>1</ItemType><ItemName>מב קפה האג בואקום 20</ItemName><ManufacturerName>האג</ManufacturerName><ManufactureCountry>ישראל</ManufactureCountry><ManufacturerItemDescription>מב קפה האג בואקום 20</ManufacturerItemDescription><SoldByWeight/><Quantity>200.00</Quantity><UnitOfMeasure>גרם     </UnitOfMeasure><QtyInPackage>לא ידוע</QtyInPackage><UnitOfMeasurePrice>0.1095</UnitOfMeasurePrice><AllowDiscount>1</AllowDiscount><ItemStatus>1</ItemStatus><ItemPrice>21.90</ItemPrice></item><item><PriceUpdateDate>2016-06-02 11:51:18</PriceUpdateDate><ItemCode>7290000417844</ItemCode><ItemType>1</ItemType><ItemName>קפה נמס עלית 50 גרם</ItemName><ManufacturerName>עלית נמס</ManufacturerName><ManufactureCountry>ישראל</ManufactureCountry><ManufacturerItemDescription>קפה נמס עלית 50 גר</ManufacturerItemDescription><SoldByWeight/><Quantity>14.00</Quantity><UnitOfMeasure>גרם     </UnitOfMeasure><QtyInPackage>לא ידוע</QtyInPackage><UnitOfMeasurePrice>0.7071</UnitOfMeasurePrice><AllowDiscount>0</AllowDiscount><ItemStatus>1</ItemStatus><ItemPrice>9.90</ItemPrice></item><item><PriceUpdateDate>2016-03-17 09:36:32</PriceUpdateDate><ItemCode>7290000417851</ItemCode><ItemType>1</ItemType><ItemName>קפה נמס עלית 200 גרם</ItemName><ManufacturerName>עלית נמס</ManufacturerName><ManufactureCountry>ישראל</ManufactureCountry><ManufacturerItemDescription>קפה נמס עלית פחית 200 גר</ManufacturerItemDescription><SoldByWeight/><Quantity>200.00</Quantity><UnitOfMeasure>גרם     </UnitOfMeasure><QtyInPackage>לא ידוע</QtyInPackage><UnitOfMeasurePrice>0.0995</UnitOfMeasurePrice><AllowDiscount>1</AllowDiscount><ItemStatus>1</ItemStatus><ItemPrice>19.90</ItemPrice></item><item><PriceUpdateDate>2016-03-14 09:48:45</PriceUpdateDate><ItemCode>7290000417868</ItemCode><ItemType>1</ItemType><ItemName>קפה נמס האג 50 גרם</ItemName><ManufacturerName>עלית</ManufacturerName><ManufactureCountry>ישראל</ManufactureCountry><ManufacturerItemDescription>קפה נמס האג עלית 50 גר</ManufacturerItemDescription><SoldByWeight/><Quantity>50.00</Quantity><UnitOfMeasure>גרם     </UnitOfMeasure><QtyInPackage>לא ידוע</QtyInPackage><UnitOfMeasurePrice>0.2380</UnitOfMeasurePrice><AllowDiscount>1</AllowDiscount><ItemStatus>1</ItemStatus><ItemPrice>11.90</ItemPrice></item><item><PriceUpdateDate>2016-05-31 07:00:54</PriceUpdateDate><ItemCode>7290000417899</ItemCode><ItemType>1</ItemType><ItemName>שוקולד פרה לבן 100 ג</ItemName><ManufacturerName>פרה</ManufacturerName><ManufactureCountry>ישראל</ManufactureCountry><ManufacturerItemDescription>שוקולד פרה לבן 100 גר</ManufacturerItemDescription><SoldByWeight/><Quantity>100.00</Quantity><UnitOfMeasure>גרם     </UnitOfMeasure><QtyInPackage>לא ידוע</QtyInPackage><UnitOfMeasurePrice>0.0540</UnitOfMeasurePrice><AllowDiscount>0</AllowDiscount><ItemStatus>1</ItemStatus><ItemPrice>5.40</ItemPrice></item><item><PriceUpdateDate>2016-05-31 06:53:33</PriceUpdateDate><ItemCode>7290000417905</ItemCode><ItemType>1</ItemType><ItemName>קפה טורקי עלית בואקו</ItemName><ManufacturerName>עלית</ManufacturerName><ManufactureCountry>ישראל</ManufactureCountry><ManufacturerItemDescription>קפה טורקי קלוי טחוןבואקום</ManufacturerItemDescription><SoldByWeight/><Quantity>200.00</Quantity><UnitOfMeasure>גרם     </UnitOfMeasure><QtyInPackage>לא ידוע</QtyInPackage><UnitOfMeasurePrice>0.0945</UnitOfMeasurePrice><AllowDiscount>1</AllowDiscount><ItemStatus>1</ItemStatus><ItemPrice>18.90</ItemPrice></item><item><PriceUpdateDate>2015-11-18 13:57:13</PriceUpdateDate><ItemCode>7290000417936</ItemCode><ItemType>1</ItemType><ItemName>וופל שוקו מצופה שוקו</ItemName><ManufacturerName>עלית</ManufacturerName><ManufactureCountry>ישראל</ManufactureCountry><ManufacturerItemDescription>וופל שוקו מצופה שוקו</ManufacturerItemDescription><SoldByWeight/><Quantity>500.00</Quantity><UnitOfMeasure>גרם     </UnitOfMeasure><QtyInPackage>לא ידוע</QtyInPackage><UnitOfMeasurePrice>0.0356</UnitOfMeasurePrice><AllowDiscount>1</AllowDiscount><ItemStatus>1</ItemStatus><ItemPrice>17.80</ItemPrice></item><item><PriceUpdateDate>2015-10-01 06:16:06</PriceUpdateDate><ItemCode>7290000417943</ItemCode><ItemType>1</ItemType><ItemName>חטיף תפוציפס טבעי 50</ItemName><ManufacturerName>תפוצ'יפס</ManufacturerName><ManufactureCountry>ישראל</ManufactureCountry><ManufacturerItemDescription>תפוציפס מלוח 50 גר</ManufacturerItemDescription><SoldByWeight/><Quantity>14.00</Quantity><UnitOfMeasure>גרם     </UnitOfMeasure><QtyInPackage>לא ידוע</QtyInPackage><UnitOfMeasurePrice>0.2786</UnitOfMeasurePrice><AllowDiscount>1</AllowDiscount><ItemStatus>1</ItemStatus><ItemPrice>3.90</ItemPrice></item><item><PriceUpdateDate>2016-06-28 09:28:10</PriceUpdateDate><ItemCode>7290000417967</ItemCode><ItemType>1</ItemType><ItemName>תפוצ'יפס טבעי 200 גר</ItemName><ManufacturerName>תפוצ'יפס</ManufacturerName><ManufactureCountry>ישראל</ManufactureCountry><ManufacturerItemDescription>תפוציפס מלוח 200 גר</ManufacturerItemDescription><SoldByWeight/><Quantity>200.00</Quantity><UnitOfMeasure>גרם     </UnitOfMeasure><QtyInPackage>לא ידוע</QtyInPackage><UnitOfMeasurePrice>0.0610</UnitOfMeasurePrice><AllowDiscount>1</AllowDiscount><ItemStatus>1</ItemStatus><ItemPrice>12.20</ItemPrice></item><item><PriceUpdateDate>2015-12-16 09:04:32</PriceUpdateDate><ItemCode>7290000417998</ItemCode><ItemType>1</ItemType><ItemName>ביסקוויט עד חצות חלב</ItemName><ManufacturerName>פרה</ManufacturerName><ManufactureCountry>ישראל</ManufactureCountry><ManufacturerItemDescription>ביסקוויט חלב 200 גר</ManufacturerItemDescription><SoldByWeight/><Quantity>200.00</Quantity><UnitOfMeasure>גרם     </UnitOfMeasure><QtyInPackage>לא ידוע</QtyInPackage><UnitOfMeasurePrice>0.0745</UnitOfMeasurePrice><AllowDiscount>1</AllowDiscount><ItemStatus>1</ItemStatus><ItemPrice>14.90</ItemPrice></item><item><PriceUpdateDate>2016-08-02 07:37:58</PriceUpdateDate><ItemCode>7290000418001</ItemCode><ItemType>1</ItemType><ItemName>מב ממרחית חלב עלית 5</ItemName><ManufacturerName>פרה</ManufacturerName><ManufactureCountry>ישראל</ManufactureCountry><ManufacturerItemDescription>ממרח חלב500 גר</ManufacturerItemDescription><SoldByWeight/><Quantity>500.00</Quantity><UnitOfMeasure>גרם     </UnitOfMeasure><QtyInPackage>לא ידוע</QtyInPackage><UnitOfMeasurePrice>0.0158</UnitOfMeasurePrice><AllowDiscount>1</AllowDiscount><ItemStatus>1</ItemStatus><ItemPrice>7.90</ItemPrice></item><item><PriceUpdateDate>2016-06-30 11:52:59</PriceUpdateDate><ItemCode>7290000418018</ItemCode><ItemType>1</ItemType><ItemName>וופל שוקו ללא סוכר 5</ItemName><ManufacturerName>מנעמים</ManufacturerName><ManufactureCountry>ישראל</ManufactureCountry><ManufacturerItemDescription>וופל שוקולד ללא סוכר 500</ManufacturerItemDescription><SoldByWeight/><Quantity>500.00</Quantity><UnitOfMeasure>גרם     </UnitOfMeasure><QtyInPackage>לא ידוע</QtyInPackage><UnitOfMeasurePrice>0.0418</UnitOfMeasurePrice><AllowDiscount>1</AllowDiscount><ItemStatus>1</ItemStatus><ItemPrice>20.90</ItemPrice></item><item><PriceUpdateDate>2016-05-31 07:00:54</PriceUpdateDate><ItemCode>7290000418087</ItemCode><ItemType>1</ItemType><ItemName>נ.טואלט לילי קלאסיק</ItemName><ManufacturerName>לילי</ManufacturerName><ManufactureCountry>ישראל</ManufactureCountry><ManufacturerItemDescription>נייר טואלט לילי לבן 32 יח</ManufacturerItemDescription><SoldByWeight/><Quantity>589.00</Quantity><UnitOfMeasure>מטר</UnitOfMeasure><QtyInPackage>לא ידוע</QtyInPackage><UnitOfMeasurePrice>0.0657</UnitOfMeasurePrice><AllowDiscount>1</AllowDiscount><ItemStatus>1</ItemStatus><ItemPrice>38.70</ItemPrice></item><item><PriceUpdateDate>2016-08-02 07:34:07</PriceUpdateDate><ItemCode>7290000418094</ItemCode><ItemType>1</ItemType><ItemName>נייר טואלט לילי פסטל</ItemName><ManufacturerName>לילי</ManufacturerName><ManufactureCountry>ישראל</ManufactureCountry><ManufacturerItemDescription>נייר טואלט לילי פסטל</ManufacturerItemDescription><SoldByWeight/><Quantity>589.00</Quantity><UnitOfMeasure>מטר</UnitOfMeasure><QtyInPackage>לא ידוע</QtyInPackage><UnitOfMeasurePrice>0.0691</UnitOfMeasurePrice><AllowDiscount>1</AllowDiscount><ItemStatus>1</ItemStatus><ItemPrice>40.70</ItemPrice></item><item><PriceUpdateDate>2016-05-01 08:12:42</PriceUpdateDate><ItemCode>7290000418230</ItemCode><ItemType>1</ItemType><ItemName>ניקול סופר מטלית</ItemName><ManufacturerName>ניקול</ManufacturerName><ManufactureCountry>ישראל</ManufactureCountry><ManufacturerItemDescription>מגבת ניקול סופר מטלית</ManufacturerItemDescription><SoldByWeight/><Quantity>1.00</Quantity><UnitOfMeasure>יח'</UnitOfMeasure><QtyInPackage>לא ידוע</QtyInPackage><UnitOfMeasurePrice>19.9000</UnitOfMeasurePrice><AllowDiscount>1</AllowDiscount><ItemStatus>1</ItemStatus><ItemPrice>19.90</ItemPrice></item><item><PriceUpdateDate>2016-05-31 07:00:54</PriceUpdateDate><ItemCode>7290000418469</ItemCode><ItemType>1</ItemType><ItemName>אשפתון 60 שקיות ניקו</ItemName><ManufacturerName>ניקול</ManufacturerName><ManufactureCountry>ישראל</ManufactureCountry><ManufacturerItemDescription>ש.אשפה מתכלות 60 יח</ManufacturerItemDescription><SoldByWeight/><Quantity>60.00</Quantity><UnitOfMeasure>חב'</UnitOfMeasure><QtyInPackage>לא ידוע</QtyInPackage><UnitOfMeasurePrice>0.3650</UnitOfMeasurePrice><AllowDiscount>1</AllowDiscount><ItemStatus>1</ItemStatus><ItemPrice>21.90</ItemPrice></item><item><PriceUpdateDate>2016-05-01 08:12:43</PriceUpdateDate><ItemCode>7290000418513</ItemCode><ItemType>1</ItemType><ItemName>מפיות ניקול 3  שכבות</ItemName><ManufacturerName>ניקול</ManufacturerName><ManufactureCountry>ישראל</ManufactureCountry><ManufacturerItemDescription>מפיות ניקול 3  שכבות</ManufacturerItemDescription><SoldByWeight/><Quantity>20.00</Quantity><UnitOfMeasure>חב'</UnitOfMeasure><QtyInPackage>לא ידוע</QtyInPackage><UnitOfMeasurePrice>0.5700</UnitOfMeasurePrice><AllowDiscount>1</AllowDiscount><ItemStatus>1</ItemStatus><ItemPrice>11.40</ItemPrice></item><item><PriceUpdateDate>2016-08-02 07:37:58</PriceUpdateDate><ItemCode>7290000418520</ItemCode><ItemType>1</ItemType><ItemName>מב זוג מפיות חלקות ח</ItemName><ManufacturerName>ניקול</ManufacturerName><ManufactureCountry>ישראל</ManufactureCountry><ManufacturerItemDescription>מב זוג מפיות חלקות ח</ManufacturerItemDescription><SoldByWeight/><Quantity>170.00</Quantity><UnitOfMeasure>יח'</UnitOfMeasure><QtyInPackage>לא ידוע</QtyInPackage><UnitOfMeasurePrice>0.0676</UnitOfMeasurePrice><AllowDiscount>1</AllowDiscount><ItemStatus>1</ItemStatus><ItemPrice>11.50</ItemPrice></item><item><PriceUpdateDate>2015-11-18 13:57:13</PriceUpdateDate><ItemCode>7290000418711</ItemCode><ItemType>1</ItemType><ItemName>תחבושות לילי אינטרלו</ItemName><ManufacturerName>לילי</ManufacturerName><ManufactureCountry>ישראל</ManufactureCountry><ManufacturerItemDescription>תחבושות לילי אינטרלו</ManufacturerItemDescription><SoldByWeight/><Quantity>50.00</Quantity><UnitOfMeasure>בודד</UnitOfMeasure><QtyInPackage>לא ידוע</QtyInPackage><UnitOfMeasurePrice>0.2480</UnitOfMeasurePrice><AllowDiscount>1</AllowDiscount><ItemStatus>1</ItemStatus><ItemPrice>12.40</ItemPrice></item><item><PriceUpdateDate>2016-01-04 21:05:06</PriceUpdateDate><ItemCode>7290000418759</ItemCode><ItemType>1</ItemType><ItemName>תחבושות לילי 20 יחי</ItemName><ManufacturerName>לילי</ManufacturerName><ManufactureCountry>ישראל</ManufactureCountry><ManufacturerItemDescription>תחבושות לילי 20 יחי</ManufacturerItemDescription><SoldByWeight/><Quantity>20.00</Quantity><UnitOfMeasure>בודד</UnitOfMeasure><QtyInPackage>לא ידוע</QtyInPackage><UnitOfMeasurePrice>0.9800</UnitOfMeasurePrice><AllowDiscount>1</AllowDiscount><ItemStatus>1</ItemStatus><ItemPrice>19.60</ItemPrice></item><item><PriceUpdateDate>2016-01-04 21:05:06</PriceUpdateDate><ItemCode>7290000418797</ItemCode><ItemType>1</ItemType><ItemName>מגן תחתון  לילי לונג</ItemName><ManufacturerName>לילי</ManufacturerName><ManufactureCountry>ישראל</ManufactureCountry><ManufacturerItemDescription>מגן תחתון  לילי לונג</ManufacturerItemDescription><SoldByWeight/><Quantity>52.00</Quantity><UnitOfMeasure>בודד</UnitOfMeasure><QtyInPackage>לא ידוע</QtyInPackage><UnitOfMeasurePrice>0.3769</UnitOfMeasurePrice><AllowDiscount>1</AllowDiscount><ItemStatus>1</ItemStatus><ItemPrice>19.60</ItemPrice></item><item><PriceUpdateDate>2016-01-10 12:59:57</PriceUpdateDate><ItemCode>7290000418827</ItemCode><ItemType>1</ItemType><ItemName>תחבושות לילי נורמל +</ItemName><ManufacturerName>לילי</ManufacturerName><ManufactureCountry>ישראל</ManufactureCountry><ManufacturerItemDescription>תחבושות לילי נורמל +</ManufacturerItemDescription><SoldByWeight/><Quantity>24.00</Quantity><UnitOfMeasure>בודד</UnitOfMeasure><QtyInPackage>לא ידוע</QtyInPackage><UnitOfMeasurePrice>0.8167</UnitOfMeasurePrice><AllowDiscount>1</AllowDiscount><ItemStatus>1</ItemStatus><ItemPrice>19.60</ItemPrice></item><item><PriceUpdateDate>2016-01-04 21:05:06</PriceUpdateDate><ItemCode>7290000418834</ItemCode><ItemType>1</ItemType><ItemName>תחבושות לילי סופר +</ItemName><ManufacturerName>לילי</ManufacturerName><ManufactureCountry>ישראל</ManufactureCountry><ManufacturerItemDescription>תחבושות לילי סופר +</ManufacturerItemDescription><SoldByWeight/><Quantity>24.00</Quantity><UnitOfMeasure>בודד</UnitOfMeasure><QtyInPackage>לא ידוע</QtyInPackage><UnitOfMeasurePrice>0.8167</UnitOfMeasurePrice><AllowDiscount>1</AllowDiscount><ItemStatus>1</ItemStatus><ItemPrice>19.60</ItemPrice></item><item><PriceUpdateDate>2016-01-04 21:05:06</PriceUpdateDate><ItemCode>7290000418872</ItemCode><ItemType>1</ItemType><ItemName>תחבושות לילי נורמל 2</ItemName><ManufacturerName>לא ידוע</ManufacturerName><ManufactureCountry>ישראל</ManufactureCountry><ManufacturerItemDescription>תחבושות לילי נורמל 2</ManufacturerItemDescription><SoldByWeight/><Quantity>24.00</Quantity><UnitOfMeasure>בודד</UnitOfMeasure><QtyInPackage>לא ידוע</QtyInPackage><UnitOfMeasurePrice>0.8167</UnitOfMeasurePrice><AllowDiscount>1</AllowDiscount><ItemStatus>1</ItemStatus><ItemPrice>19.60</ItemPrice></item><item><PriceUpdateDate>2015-11-18 13:58:35</PriceUpdateDate><ItemCode>7290000419220</ItemCode><ItemType>1</ItemType><ItemName>מארז קפה שחור לנדוור</ItemName><ManufacturerName>לנדוור</ManufacturerName><ManufactureCountry>ישראל</ManufactureCountry><ManufacturerItemDescription>מארז קפה שחור לנדוור</ManufacturerItemDescription><SoldByWeight/><Quantity>300.00</Quantity><UnitOfMeasure>גרם     </UnitOfMeasure><QtyInPackage>לא ידוע</QtyInPackage><UnitOfMeasurePrice>0.0927</UnitOfMeasurePrice><AllowDiscount>1</AllowDiscount><ItemStatus>1</ItemStatus><ItemPrice>27.80</ItemPrice></item><item><PriceUpdateDate>2016-08-02 07:37:59</PriceUpdateDate><ItemCode>7290000419312</ItemCode><ItemType>1</ItemType><ItemName>מב אשפתון ניקול 50 י</ItemName><ManufacturerName>ניקול</ManufacturerName><ManufactureCountry>ישראל</ManufactureCountry><ManufacturerItemDescription>אשפתון ענק 50 75*90 יחידו</ManufacturerItemDescription><SoldByWeight/><Quantity>50.00</Quantity><UnitOfMeasure>בודד</UnitOfMeasure><QtyInPackage>לא ידוע</QtyInPackage><UnitOfMeasurePrice>0.4380</UnitOfMeasurePrice><AllowDiscount>1</AllowDiscount><ItemStatus>1</ItemStatus><ItemPrice>21.90</ItemPrice></item><item><PriceUpdateDate>2016-06-28 09:30:21</PriceUpdateDate><ItemCode>7290000419381</ItemCode><ItemType>1</ItemType><ItemName>מב תבניות אפייה חד פ</ItemName><ManufacturerName>ניקול</ManufacturerName><ManufactureCountry>ישראל</ManufactureCountry><ManufacturerItemDescription>תבנית אלומיניום קטן 4 יח</ManufacturerItemDescription><SoldByWeight/><Quantity>4.00</Quantity><UnitOfMeasure>יח'</UnitOfMeasure><QtyInPackage>לא ידוע</QtyInPackage><UnitOfMeasurePrice>1.9750</UnitOfMeasurePrice><AllowDiscount>1</AllowDiscount><ItemStatus>1</ItemStatus><ItemPrice>7.90</ItemPrice></item><item><PriceUpdateDate>2016-06-28 09:30:21</PriceUpdateDate><ItemCode>7290000419398</ItemCode><ItemType>1</ItemType><ItemName>מב תבניות אפייה חד פ</ItemName><ManufacturerName>ניקול</ManufacturerName><ManufactureCountry>ישראל</ManufactureCountry><ManufacturerItemDescription>תבנית אלומיניום גדול 4 יח</ManufacturerItemDescription><SoldByWeight/><Quantity>0.00</Quantity><UnitOfMeasure>יח'</UnitOfMeasure><QtyInPackage>לא ידוע</QtyInPackage><UnitOfMeasurePrice>0.0000</UnitOfMeasurePrice><AllowDiscount>1</AllowDiscount><ItemStatus>1</ItemStatus><ItemPrice>7.90</ItemPrice></item><item><PriceUpdateDate>2016-06-28 09:30:21</PriceUpdateDate><ItemCode>7290000419404</ItemCode><ItemType>1</ItemType><ItemName>מב תבנית אפיה חד פעמ</ItemName><ManufacturerName>ניקול</ManufacturerName><ManufactureCountry>ישראל</ManufactureCountry><ManufacturerItemDescription>תבנית אלומיניום ענק 2 יח</ManufacturerItemDescription><SoldByWeight/><Quantity>1.00</Quantity><UnitOfMeasure>יח'</UnitOfMeasure><QtyInPackage>לא ידוע</QtyInPackage><UnitOfMeasurePrice>7.9000</UnitOfMeasurePrice><AllowDiscount>1</AllowDiscount><ItemStatus>1</ItemStatus><ItemPrice>7.90</ItemPrice></item><item><PriceUpdateDate>2016-05-01 08:18:58</PriceUpdateDate><ItemCode>7290000419558</ItemCode><ItemType>1</ItemType><ItemName>מטליות רב שימושי ניק</ItemName><ManufacturerName>ניקול</ManufacturerName><ManufactureCountry>ישראל</ManufactureCountry><ManufacturerItemDescription>מטלית ניקול</ManufacturerItemDescription><SoldByWeight/><Quantity>1.00</Quantity><UnitOfMeasure>יח'</UnitOfMeasure><QtyInPackage>לא ידוע</QtyInPackage><UnitOfMeasurePrice>10.9000</UnitOfMeasurePrice><AllowDiscount>1</AllowDiscount><ItemStatus>1</ItemStatus><ItemPrice>10.90</ItemPrice></item><item><PriceUpdateDate>2016-08-02 07:37:59</PriceUpdateDate><ItemCode>7290000419572</ItemCode><ItemType>1</ItemType><ItemName>מב מטליות רב שימושיו</ItemName><ManufacturerName>ניקול</ManufacturerName><ManufactureCountry>ישראל</ManufactureCountry><ManufacturerItemDescription>מב מטליות רב שימושיו</ManufacturerItemDescription><SoldByWeight/><Quantity>40.00</Quantity><UnitOfMeasure>חב'</UnitOfMeasure><QtyInPackage>לא ידוע</QtyInPackage><UnitOfMeasurePrice>0.4225</UnitOfMeasurePrice><AllowDiscount>1</AllowDiscount><ItemStatus>1</ItemStatus><ItemPrice>16.90</ItemPrice></item><item><PriceUpdateDate>2016-08-02 07:34:08</PriceUpdateDate><ItemCode>7290000419633</ItemCode><ItemType>1</ItemType><ItemName>מלווח מעדנות 700 גרם</ItemName><ManufacturerName>מעדנות</ManufacturerName><ManufactureCountry>ישראל</ManufactureCountry><ManufacturerItemDescription>מלווח 700 גר</ManufacturerItemDescription><SoldByWeight/><Quantity>700.00</Quantity><UnitOfMeasure>גרם     </UnitOfMeasure><QtyInPackage>לא ידוע</QtyInPackage><UnitOfMeasurePrice>0.0270</UnitOfMeasurePrice><AllowDiscount>1</AllowDiscount><ItemStatus>1</ItemStatus><ItemPrice>18.90</ItemPrice></item><item><PriceUpdateDate>2016-08-10 08:22:50</PriceUpdateDate><ItemCode>7290000419657</ItemCode><ItemType>1</ItemType><ItemName>בורקס תפו"א מעדנות 8</ItemName><ManufacturerName>מעדנות</ManufacturerName><ManufactureCountry>ישראל</ManufactureCountry><ManufacturerItemDescription>בורקס תפוא800 גר .יחידה</ManufacturerItemDescription><SoldByWeight/><Quantity>800.00</Quantity><UnitOfMeasure>גרם     </UnitOfMeasure><QtyInPackage>לא ידוע</QtyInPackage><UnitOfMeasurePrice>0.0308</UnitOfMeasurePrice><AllowDiscount>1</AllowDiscount><ItemStatus>1</ItemStatus><ItemPrice>24.60</ItemPrice></item><item><PriceUpdateDate>2016-06-28 09:28:11</PriceUpdateDate><ItemCode>7290000419671</ItemCode><ItemType>1</ItemType><ItemName>ריבועי בצק עלים 800</ItemName><ManufacturerName>מעדנות</ManufacturerName><ManufactureCountry>ישראל</ManufactureCountry><ManufacturerItemDescription>ריבועי בצק עלים 800</ManufacturerItemDescription><SoldByWeight/><Quantity>800.00</Quantity><UnitOfMeasure>גרם     </UnitOfMeasure><QtyInPackage>לא ידוע</QtyInPackage><UnitOfMeasurePrice>0.0317</UnitOfMeasurePrice><AllowDiscount>1</AllowDiscount><ItemStatus>1</ItemStatus><ItemPrice>25.40</ItemPrice></item><item><PriceUpdateDate>2016-06-30 06:41:26</PriceUpdateDate><ItemCode>7290000419725</ItemCode><ItemType>1</ItemType><ItemName>אל סבון נוזלי הוואי</ItemName><ManufacturerName>הוואי</ManufacturerName><ManufactureCountry>ישראל</ManufactureCountry><ManufacturerItemDescription>אל סבון נוזלי הוואי</ManufacturerItemDescription><SoldByWeight/><Quantity>1500.00</Quantity><UnitOfMeasure>מ"ל</UnitOfMeasure><QtyInPackage>לא ידוע</QtyInPackage><UnitOfMeasurePrice>0.0119</UnitOfMeasurePrice><AllowDiscount>1</AllowDiscount><ItemStatus>1</ItemStatus><ItemPrice>17.90</ItemPrice></item><item><PriceUpdateDate>2016-03-16 18:08:33</PriceUpdateDate><ItemCode>7290000419763</ItemCode><ItemType>1</ItemType><ItemName>מרכך הוואי לשיער צבו</ItemName><ManufacturerName>הוואי</ManufacturerName><ManufactureCountry>ישראל</ManufactureCountry><ManufacturerItemDescription>מרכך הוואי לשיער צבו</ManufacturerItemDescription><SoldByWeight/><Quantity>700.00</Quantity><UnitOfMeasure>מ"ל</UnitOfMeasure><QtyInPackage>לא ידוע</QtyInPackage><UnitOfMeasurePrice>0.0141</UnitOfMeasurePrice><AllowDiscount>0</AllowDiscount><ItemStatus>1</ItemStatus><ItemPrice>9.90</ItemPrice></item><item><PriceUpdateDate>2016-06-28 09:28:11</PriceUpdateDate><ItemCode>7290000419817</ItemCode><ItemType>1</ItemType><ItemName>קרם ידיים ולווטה 100</ItemName><ManufacturerName>ולוטה</ManufacturerName><ManufactureCountry>ישראל</ManufactureCountry><ManufacturerItemDescription>קרם ולוטה 80 גר</ManufacturerItemDescription><SoldByWeight/><Quantity>100.00</Quantity><UnitOfMeasure>גרם     </UnitOfMeasure><QtyInPackage>לא ידוע</QtyInPackage><UnitOfMeasurePrice>0.1390</UnitOfMeasurePrice><AllowDiscount>1</AllowDiscount><ItemStatus>1</ItemStatus><ItemPrice>13.90</ItemPrice></item><item><PriceUpdateDate>2015-11-18 13:58:35</PriceUpdateDate><ItemCode>7290000419909</ItemCode><ItemType>1</ItemType><ItemName>קפה לנדוור אספרסו טח</ItemName><ManufacturerName>לנדוור</ManufacturerName><ManufactureCountry>ישראל</ManufactureCountry><ManufacturerItemDescription>קפה לנדוור אספרסו טח</ManufacturerItemDescription><SoldByWeight/><Quantity>100.00</Quantity><UnitOfMeasure>גרם     </UnitOfMeasure><QtyInPackage>לא ידוע</QtyInPackage><UnitOfMeasurePrice>0.0910</UnitOfMeasurePrice><AllowDiscount>1</AllowDiscount><ItemStatus>1</ItemStatus><ItemPrice>9.10</ItemPrice></item><item><PriceUpdateDate>2016-08-02 07:38:00</PriceUpdateDate><ItemCode>7290000419947</ItemCode><ItemType>1</ItemType><ItemName>מב אבקת כביסה פרסיל</ItemName><ManufacturerName>פרסיל</ManufacturerName><ManufactureCountry>ישראל</ManufactureCountry><ManufacturerItemDescription>אב.כביסה פרסיל קולור 1.25</ManufacturerItemDescription><SoldByWeight/><Quantity>1250.00</Quantity><UnitOfMeasure>גרם     </UnitOfMeasure><QtyInPackage>לא ידוע</QtyInPackage><UnitOfMeasurePrice>0.0103</UnitOfMeasurePrice><AllowDiscount>0</AllowDiscount><ItemStatus>1</ItemStatus><ItemPrice>12.90</ItemPrice></item><item><PriceUpdateDate>2016-02-08 10:37:26</PriceUpdateDate><ItemCode>7290000419954</ItemCode><ItemType>1</ItemType><ItemName>אבקת כביסה אור ביו י</ItemName><ManufacturerName>ביו אור</ManufacturerName><ManufactureCountry>ישראל</ManufactureCountry><ManufacturerItemDescription>אבקת כביסה אור ביו י</ManufacturerItemDescription><SoldByWeight/><Quantity>1000.00</Quantity><UnitOfMeasure>גרם     </UnitOfMeasure><QtyInPackage>לא ידוע</QtyInPackage><UnitOfMeasurePrice>0.0189</UnitOfMeasurePrice><AllowDiscount>1</AllowDiscount><ItemStatus>1</ItemStatus><ItemPrice>18.90</ItemPrice></item><item><PriceUpdateDate>2016-02-08 10:37:26</PriceUpdateDate><ItemCode>7290000419985</ItemCode><ItemType>1</ItemType><ItemName>אבקת כביסה סוד בייבי</ItemName><ManufacturerName>סוד</ManufacturerName><ManufactureCountry>ישראל</ManufactureCountry><ManufacturerItemDescription>אבקת כביסה סוד בייבי</ManufacturerItemDescription><SoldByWeight/><Quantity>1250.00</Quantity><UnitOfMeasure>גרם     </UnitOfMeasure><QtyInPackage>לא ידוע</QtyInPackage><UnitOfMeasurePrice>0.0119</UnitOfMeasurePrice><AllowDiscount>1</AllowDiscount><ItemStatus>1</ItemStatus><ItemPrice>14.90</ItemPrice></item><item><PriceUpdateDate>2016-05-01 08:12:43</PriceUpdateDate><ItemCode>7290000420110</ItemCode><ItemType>1</ItemType><ItemName>ג'ל כביסה פרסיל רגיל</ItemName><ManufacturerName>פרסיל</ManufacturerName><ManufactureCountry>ישראל</ManufactureCountry><ManufacturerItemDescription>פרסיל גל כביסה 3 ליטר</ManufacturerItemDescription><SoldByWeight/><Quantity>3000.00</Quantity><UnitOfMeasure>מ"ל</UnitOfMeasure><QtyInPackage>לא ידוע</QtyInPackage><UnitOfMeasurePrice>0.0110</UnitOfMeasurePrice><AllowDiscount>1</AllowDiscount><ItemStatus>1</ItemStatus><ItemPrice>32.90</ItemPrice></item><item><PriceUpdateDate>2016-08-02 07:38:00</PriceUpdateDate><ItemCode>7290000420127</ItemCode><ItemType>1</ItemType><ItemName>מב מרכך כביסה סוד ור</ItemName><ManufacturerName>סוד</ManufacturerName><ManufactureCountry>ישראל</ManufactureCountry><ManufacturerItemDescription>מב מרכך כביסה סוד ור</ManufacturerItemDescription><SoldByWeight/><Quantity>4000.00</Quantity><UnitOfMeasure>מ"ל</UnitOfMeasure><QtyInPackage>לא ידוע</QtyInPackage><UnitOfMeasurePrice>0.0042</UnitOfMeasurePrice><AllowDiscount>1</AllowDiscount><ItemStatus>1</ItemStatus><ItemPrice>16.90</ItemPrice></item><item><PriceUpdateDate>2016-02-16 20:38:13</PriceUpdateDate><ItemCode>7290000420165</ItemCode><ItemType>1</ItemType><ItemName>שוקולד פרה חלב עם פצ</ItemName><ManufacturerName>פרה</ManufacturerName><ManufactureCountry>ישראל</ManufactureCountry><ManufacturerItemDescription>שוקולד חלב פרה+פצפוצי אור</ManufacturerItemDescription><SoldByWeight/><Quantity>100.00</Quantity><UnitOfMeasure>גרם     </UnitOfMeasure><QtyInPackage>לא ידוע</QtyInPackage><UnitOfMeasurePrice>0.0690</UnitOfMeasurePrice><AllowDiscount>0</AllowDiscount><ItemStatus>1</ItemStatus><ItemPrice>6.90</ItemPrice></item><item><PriceUpdateDate>2016-08-10 08:22:50</PriceUpdateDate><ItemCode>7290000420172</ItemCode><ItemType>1</ItemType><ItemName>נייר טואלט מולט 32 ג</ItemName><ManufacturerName>מולט</ManufacturerName><ManufactureCountry>ישראל</ManufactureCountry><ManufacturerItemDescription>נ.ט.מולט לבבות 32 יחידות</ManufacturerItemDescription><SoldByWeight/><Quantity>0.00</Quantity><UnitOfMeasure>יח'</UnitOfMeasure><QtyInPackage>לא ידוע</QtyInPackage><UnitOfMeasurePrice>0.0000</UnitOfMeasurePrice><AllowDiscount>1</AllowDiscount><ItemStatus>1</ItemStatus><ItemPrice>32.00</ItemPrice></item><item><PriceUpdateDate>2016-05-31 07:02:17</PriceUpdateDate><ItemCode>7290000420325</ItemCode><ItemType>1</ItemType><ItemName>מב פופקורן למיקרו 50</ItemName><ManufacturerName>פופ סטאר</ManufacturerName><ManufactureCountry>ארצות הברית</ManufactureCountry><ManufacturerItemDescription>מרכך בדין אקסטרא הדבש960</ManufacturerItemDescription><SoldByWeight/><Quantity>500.00</Quantity><UnitOfMeasure>גרם     </UnitOfMeasure><QtyInPackage>לא ידוע</QtyInPackage><UnitOfMeasurePrice>0.0258</UnitOfMeasurePrice><AllowDiscount>1</AllowDiscount><ItemStatus>1</ItemStatus><ItemPrice>12.90</ItemPrice></item><item><PriceUpdateDate>2016-05-31 07:02:17</PriceUpdateDate><ItemCode>7290000420417</ItemCode><ItemType>1</ItemType><ItemName>גלילונית 52*65 60 יח</ItemName><ManufacturerName>גלילונית</ManufacturerName><ManufactureCountry>ישראל</ManufactureCountry><ManufacturerItemDescription>גלילונית 52*65 60 יח</ManufacturerItemDescription><SoldByWeight/><Quantity>60.00</Quantity><UnitOfMeasure>בודד</UnitOfMeasure><QtyInPackage>לא ידוע</QtyInPackage><UnitOfMeasurePrice>0.3283</UnitOfMeasurePrice><AllowDiscount>1</AllowDiscount><ItemStatus>1</ItemStatus><ItemPrice>19.70</ItemPrice></item><item><PriceUpdateDate>2016-05-31 07:00:55</PriceUpdateDate><ItemCode>7290000420554</ItemCode><ItemType>1</ItemType><ItemName>מיץ לימון טבעי עסיס</ItemName><ManufacturerName>עסיס</ManufacturerName><ManufactureCountry>ישראל</ManufactureCountry><ManufacturerItemDescription>מיץ לימון טבעי עסיס</ManufacturerItemDescription><SoldByWeight/><Quantity>1000.00</Quantity><UnitOfMeasure>מ"ל</UnitOfMeasure><QtyInPackage>לא ידוע</QtyInPackage><UnitOfMeasurePrice>0.0094</UnitOfMeasurePrice><AllowDiscount>1</AllowDiscount><ItemStatus>1</ItemStatus><ItemPrice>9.40</ItemPrice></item><item><PriceUpdateDate>2016-03-16 18:08:33</PriceUpdateDate><ItemCode>7290000420561</ItemCode><ItemType>1</ItemType><ItemName>חומץ עסיס 1 ליטר</ItemName><ManufacturerName>עסיס</ManufacturerName><ManufactureCountry>ישראל</ManufactureCountry><ManufacturerItemDescription>חומץ עסיס 1 ליטר</ManufacturerItemDescription><SoldByWeight/><Quantity>1000.00</Quantity><UnitOfMeasure>מ"ל</UnitOfMeasure><QtyInPackage>לא ידוע</QtyInPackage><UnitOfMeasurePrice>0.0069</UnitOfMeasurePrice><AllowDiscount>1</AllowDiscount><ItemStatus>1</ItemStatus><ItemPrice>6.90</ItemPrice></item><item><PriceUpdateDate>2015-10-01 06:16:08</PriceUpdateDate><ItemCode>7290000420578</ItemCode><ItemType>1</ItemType><ItemName>קוקה קולה 1.5 ליטר</ItemName><ManufacturerName>קוקה קולה</ManufacturerName><ManufactureCountry>ישראל</ManufactureCountry><ManufacturerItemDescription>קוקה קולה 1.5 ליטר</ManufacturerItemDescription><SoldByWeight/><Quantity>1500.00</Quantity><UnitOfMeasure>מ"ל</UnitOfMeasure><QtyInPackage>לא ידוע</QtyInPackage><UnitOfMeasurePrice>0.0043</UnitOfMeasurePrice><AllowDiscount>1</AllowDiscount><ItemStatus>1</ItemStatus><ItemPrice>6.40</ItemPrice></item><item><PriceUpdateDate>2016-08-10 08:22:50</PriceUpdateDate><ItemCode>7290000420585</ItemCode><ItemType>1</ItemType><ItemName>קינלי סודה 1.5 ליטר</ItemName><ManufacturerName>קינלי</ManufacturerName><ManufactureCountry>ישראל</ManufactureCountry><ManufacturerItemDescription>סודה קינלי 1.5 ליטר</ManufacturerItemDescription><SoldByWeight/><Quantity>1500.00</Quantity><UnitOfMeasure>מ"ל</UnitOfMeasure><QtyInPackage>לא ידוע</QtyInPackage><UnitOfMeasurePrice>0.0030</UnitOfMeasurePrice><AllowDiscount>1</AllowDiscount><ItemStatus>1</ItemStatus><ItemPrice>4.50</ItemPrice></item><item><PriceUpdateDate>2016-05-31 07:00:55</PriceUpdateDate><ItemCode>7290000420608</ItemCode><ItemType>1</ItemType><ItemName>קוקה קולה דיאט 1.5 ל</ItemName><ManufacturerName>דיאט קוקה קולה</ManufacturerName><ManufactureCountry>ישראל</ManufactureCountry><ManufacturerItemDescription>קולה דיאט 1.5 ל</ManufacturerItemDescription><SoldByWeight/><Quantity>1500.00</Quantity><UnitOfMeasure>מ"ל</UnitOfMeasure><QtyInPackage>לא ידוע</QtyInPackage><UnitOfMeasurePrice>0.0043</UnitOfMeasurePrice><AllowDiscount>1</AllowDiscount><ItemStatus>1</ItemStatus><ItemPrice>6.40</ItemPrice></item><item><PriceUpdateDate>2016-03-16 18:08:33</PriceUpdateDate><ItemCode>7290000420622</ItemCode><ItemType>1</ItemType><ItemName>קוקה קולה נטול קופאי</ItemName><ManufacturerName>דיאט קולה נטול קופאי</ManufacturerName><ManufactureCountry>ישראל</ManufactureCountry><ManufacturerItemDescription>קולה דיאט נטול קפאין 1.5</ManufacturerItemDescription><SoldByWeight/><Quantity>1500.00</Quantity><UnitOfMeasure>מ"ל</UnitOfMeasure><QtyInPackage>לא ידוע</QtyInPackage><UnitOfMeasurePrice>0.0046</UnitOfMeasurePrice><AllowDiscount>1</AllowDiscount><ItemStatus>1</ItemStatus><ItemPrice>6.90</ItemPrice></item><item><PriceUpdateDate>2016-03-29 07:02:13</PriceUpdateDate><ItemCode>7290000420721</ItemCode><ItemType>1</ItemType><ItemName>שניצל תירס 750 גרם</ItemName><ManufacturerName>טבעול</ManufacturerName><ManufactureCountry>ישראל</ManufactureCountry><ManufacturerItemDescription>שניצל תירס 750 גרם טבעול</ManufacturerItemDescription><SoldByWeight/><Quantity>750.00</Quantity><UnitOfMeasure>גרם     </UnitOfMeasure><QtyInPackage>לא ידוע</QtyInPackage><UnitOfMeasurePrice>0.0372</UnitOfMeasurePrice><AllowDiscount>1</AllowDiscount><ItemStatus>1</ItemStatus><ItemPrice>27.90</ItemPrice></item><item><PriceUpdateDate>2016-02-08 10:37:26</PriceUpdateDate><ItemCode>7290000420738</ItemCode><ItemType>1</ItemType><ItemName>שניצל תרד 750 גרם</ItemName><ManufacturerName>טבעול</ManufacturerName><ManufactureCountry>ישראל</ManufactureCountry><ManufacturerItemDescription>שניצל תרד 750 ג</ManufacturerItemDescription><SoldByWeight/><Quantity>750.00</Quantity><UnitOfMeasure>גרם     </UnitOfMeasure><QtyInPackage>לא ידוע</QtyInPackage><UnitOfMeasurePrice>0.0465</UnitOfMeasurePrice><AllowDiscount>1</AllowDiscount><ItemStatus>1</ItemStatus><ItemPrice>34.90</ItemPrice></item><item><PriceUpdateDate>2014-11-10 06:30:28</PriceUpdateDate><ItemCode>7290000420929</ItemCode><ItemType>1</ItemType><ItemName>פילה מקרל בשמן 120 ג</ItemName><ManufacturerName>יונה</ManufacturerName><ManufactureCountry>ישראל</ManufactureCountry><ManufacturerItemDescription>פילה מקרל בשמן 120 ג</ManufacturerItemDescription><SoldByWeight/><Quantity>120.00</Quantity><UnitOfMeasure>גרם     </UnitOfMeasure><QtyInPackage>לא ידוע</QtyInPackage><UnitOfMeasurePrice>0.0742</UnitOfMeasurePrice><AllowDiscount>1</AllowDiscount><ItemStatus>1</ItemStatus><ItemPrice>8.90</ItemPrice></item><item><PriceUpdateDate>2016-08-10 08:22:50</PriceUpdateDate><ItemCode>7290000420967</ItemCode><ItemType>1</ItemType><ItemName>עוגיות זהבה שוקו 250</ItemName><ManufacturerName>אסם</ManufacturerName><ManufactureCountry>ישראל</ManufactureCountry><ManufacturerItemDescription>ביסקוויט זהבה ושלשת הדובי</ManufacturerItemDescription><SoldByWeight/><Quantity>250.00</Quantity><UnitOfMeasure>גרם     </UnitOfMeasure><QtyInPackage>לא ידוע</QtyInPackage><UnitOfMeasurePrice>0.0376</UnitOfMeasurePrice><AllowDiscount>1</AllowDiscount><ItemStatus>1</ItemStatus><ItemPrice>9.40</ItemPrice></item><item><PriceUpdateDate>2016-03-01 06:16:03</PriceUpdateDate><ItemCode>7290000421155</ItemCode><ItemType>1</ItemType><ItemName>משקה ג'אמפ דיאט אשכו</ItemName><ManufacturerName>גאמפ</ManufacturerName><ManufactureCountry>ישראל</ManufactureCountry><ManufacturerItemDescription>משקה ג'אמפ דיאט אשכו</ManufacturerItemDescription><SoldByWeight/><Quantity>1500.00</Quantity><UnitOfMeasure>מ"ל</UnitOfMeasure><QtyInPackage>לא ידוע</QtyInPackage><UnitOfMeasurePrice>0.0046</UnitOfMeasurePrice><AllowDiscount>1</AllowDiscount><ItemStatus>1</ItemStatus><ItemPrice>6.90</ItemPrice></item><item><PriceUpdateDate>2016-03-01 06:16:03</PriceUpdateDate><ItemCode>7290000421162</ItemCode><ItemType>1</ItemType><ItemName>משקה ג'אמפ מנגו 1.5</ItemName><ManufacturerName>גאמפ</ManufacturerName><ManufactureCountry>ישראל</ManufactureCountry><ManufacturerItemDescription>משקה ג'אמפ מנגו 1.5</ManufacturerItemDescription><SoldByWeight/><Quantity>1500.00</Quantity><UnitOfMeasure>מ"ל</UnitOfMeasure><QtyInPackage>לא ידוע</QtyInPackage><UnitOfMeasurePrice>0.0046</UnitOfMeasurePrice><AllowDiscount>1</AllowDiscount><ItemStatus>1</ItemStatus><ItemPrice>6.90</ItemPrice></item><item><PriceUpdateDate>2016-08-02 07:38:00</PriceUpdateDate><ItemCode>7290000421186</ItemCode><ItemType>1</ItemType><ItemName>מב סודה טמפו 1.5 ליט</ItemName><ManufacturerName>טמפו</ManufacturerName><ManufactureCountry>ישראל</ManufactureCountry><ManufacturerItemDescription>סודה 1.5 ל</ManufacturerItemDescription><SoldByWeight/><Quantity>1500.00</Quantity><UnitOfMeasure>מ"ל</UnitOfMeasure><QtyInPackage>לא ידוע</QtyInPackage><UnitOfMeasurePrice>0.0019</UnitOfMeasurePrice><AllowDiscount>1</AllowDiscount><ItemStatus>1</ItemStatus><ItemPrice>2.90</ItemPrice></item><item><PriceUpdateDate>2016-05-31 06:53:34</PriceUpdateDate><ItemCode>7290000421230</ItemCode><ItemType>1</ItemType><ItemName>תפוגן מובחר 700 גרם</ItemName><ManufacturerName>תפוגן</ManufacturerName><ManufactureCountry>ישראל</ManufactureCountry><ManufacturerItemDescription>תפוגן מובחר 700 גרם</ManufacturerItemDescription><SoldByWeight/><Quantity>700.00</Quantity><UnitOfMeasure>גרם     </UnitOfMeasure><QtyInPackage>לא ידוע</QtyInPackage><UnitOfMeasurePrice>0.0199</UnitOfMeasurePrice><AllowDiscount>0</AllowDiscount><ItemStatus>1</ItemStatus><ItemPrice>13.90</ItemPrice></item><item><PriceUpdateDate>2016-08-10 08:22:50</PriceUpdateDate><ItemCode>7290000421247</ItemCode><ItemType>1</ItemType><ItemName>תפוגן מארז שלישיה 37</ItemName><ManufacturerName>תפוגן</ManufacturerName><ManufactureCountry>ישראל</ManufactureCountry><ManufacturerItemDescription>מארז ציפס למיקרו שלישייה</ManufacturerItemDescription><SoldByWeight/><Quantity>375.00</Quantity><UnitOfMeasure>גרם     </UnitOfMeasure><QtyInPackage>לא ידוע</QtyInPackage><UnitOfMeasurePrice>0.0499</UnitOfMeasurePrice><AllowDiscount>1</AllowDiscount><ItemStatus>1</ItemStatus><ItemPrice>18.70</ItemPrice></item><item><PriceUpdateDate>2016-03-07 09:31:30</PriceUpdateDate><ItemCode>7290000421285</ItemCode><ItemType>1</ItemType><ItemName>תפוגן טבע שניצל תירס</ItemName><ManufacturerName>תפוגן</ManufacturerName><ManufactureCountry>ישראל</ManufactureCountry><ManufacturerItemDescription>תפוגן טבע שניצל תירס</ManufacturerItemDescription><SoldByWeight/><Quantity>750.00</Quantity><UnitOfMeasure>גרם     </UnitOfMeasure><QtyInPackage>לא ידוע</QtyInPackage><UnitOfMeasurePrice>0.0319</UnitOfMeasurePrice><AllowDiscount>1</AllowDiscount><ItemStatus>1</ItemStatus><ItemPrice>23.90</ItemPrice></item><item><PriceUpdateDate>2016-03-07 09:31:30</PriceUpdateDate><ItemCode>7290000421292</ItemCode><ItemType>1</ItemType><ItemName>תפוגן טבע חטיפי תירס</ItemName><ManufacturerName>תפוגן</ManufacturerName><ManufactureCountry>ישראל</ManufactureCountry><ManufacturerItemDescription>תפוגן טבע חטיפי תירס</ManufacturerItemDescription><SoldByWeight/><Quantity>600.00</Quantity><UnitOfMeasure>גרם     </UnitOfMeasure><QtyInPackage>לא ידוע</QtyInPackage><UnitOfMeasurePrice>0.0398</UnitOfMeasurePrice><AllowDiscount>1</AllowDiscount><ItemStatus>1</ItemStatus><ItemPrice>23.90</ItemPrice></item><item><PriceUpdateDate>2014-11-10 06:29:38</PriceUpdateDate><ItemCode>7290000421421</ItemCode><ItemType>1</ItemType><ItemName>משחת כלים קלין  1 ק'</ItemName><ManufacturerName>קלין-סיף</ManufacturerName><ManufactureCountry>ישראל</ManufactureCountry><ManufacturerItemDescription>משחת כלים קלין  1 ק'</ManufacturerItemDescription><SoldByWeight/><Quantity>1000.00</Quantity><UnitOfMeasure>מ"ל</UnitOfMeasure><QtyInPackage>לא ידוע</QtyInPackage><UnitOfMeasurePrice>0.0181</UnitOfMeasurePrice><AllowDiscount>1</AllowDiscount><ItemStatus>1</ItemStatus><ItemPrice>18.10</ItemPrice></item><item><PriceUpdateDate>2016-05-31 07:00:55</PriceUpdateDate><ItemCode>7290000421469</ItemCode><ItemType>1</ItemType><ItemName>מרכך כביסה בדין צהוב</ItemName><ManufacturerName>בדין</ManufacturerName><ManufactureCountry>ישראל</ManufactureCountry><ManufacturerItemDescription>מרכך כביסה בדין צהוב</ManufacturerItemDescription><SoldByWeight/><Quantity>4000.00</Quantity><UnitOfMeasure>מ"ל</UnitOfMeasure><QtyInPackage>לא ידוע</QtyInPackage><UnitOfMeasurePrice>0.0050</UnitOfMeasurePrice><AllowDiscount>1</AllowDiscount><ItemStatus>1</ItemStatus><ItemPrice>19.90</ItemPrice></item><item><PriceUpdateDate>2016-05-31 07:00:55</PriceUpdateDate><ItemCode>7290000421476</ItemCode><ItemType>1</ItemType><ItemName>מרכך כביסה בדין כחול</ItemName><ManufacturerName>בדין</ManufacturerName><ManufactureCountry>ישראל</ManufactureCountry><ManufacturerItemDescription>מרכך כביסה בדין כחול</ManufacturerItemDescription><SoldByWeight/><Quantity>4000.00</Quantity><UnitOfMeasure>מ"ל</UnitOfMeasure><QtyInPackage>לא ידוע</QtyInPackage><UnitOfMeasurePrice>0.0050</UnitOfMeasurePrice><AllowDiscount>1</AllowDiscount><ItemStatus>1</ItemStatus><ItemPrice>19.90</ItemPrice></item><item><PriceUpdateDate>2016-08-02 07:38:00</PriceUpdateDate><ItemCode>7290000421636</ItemCode><ItemType>1</ItemType><ItemName>מב נקניקיות פיקנטיות</ItemName><ManufacturerName>טירת צבי</ManufacturerName><ManufactureCountry>ישראל</ManufactureCountry><ManufacturerItemDescription>מב נקניקיות פיקנטיות</ManufacturerItemDescription><SoldByWeight/><Quantity>400.00</Quantity><UnitOfMeasure>גרם     </UnitOfMeasure><QtyInPackage>לא ידוע</QtyInPackage><UnitOfMeasurePrice>0.0273</UnitOfMeasurePrice><AllowDiscount>1</AllowDiscount><ItemStatus>1</ItemStatus><ItemPrice>10.90</ItemPrice></item><item><PriceUpdateDate>2016-08-02 07:38:01</PriceUpdateDate><ItemCode>7290000421650</ItemCode><ItemType>1</ItemType><ItemName>מב סלסולי כתף בקר 12</ItemName><ManufacturerName>טירת צבי</ManufacturerName><ManufactureCountry>ישראל</ManufactureCountry><ManufacturerItemDescription>סלסולי כתף בקר 120 גרם</ManufacturerItemDescription><SoldByWeight/><Quantity>120.00</Quantity><UnitOfMeasure>גרם     </UnitOfMeasure><QtyInPackage>לא ידוע</QtyInPackage><UnitOfMeasurePrice>0.1075</UnitOfMeasurePrice><AllowDiscount>1</AllowDiscount><ItemStatus>1</ItemStatus><ItemPrice>12.90</ItemPrice></item><item><PriceUpdateDate>2016-08-02 07:38:01</PriceUpdateDate><ItemCode>7290000421667</ItemCode><ItemType>1</ItemType><ItemName>מב סלסולי סלמי איטלק</ItemName><ManufacturerName>טירת צבי</ManufacturerName><ManufactureCountry>ישראל</ManufactureCountry><ManufacturerItemDescription>סלסולי סלמי איטלקי משובח</ManufacturerItemDescription><SoldByWeight/><Quantity>120.00</Quantity><UnitOfMeasure>גרם     </UnitOfMeasure><QtyInPackage>לא ידוע</QtyInPackage><UnitOfMeasurePrice>0.1075</UnitOfMeasurePrice><AllowDiscount>1</AllowDiscount><ItemStatus>1</ItemStatus><ItemPrice>12.90</ItemPrice></item><item><PriceUpdateDate>2014-11-10 06:29:07</PriceUpdateDate><ItemCode>7290000421698</ItemCode><ItemType>1</ItemType><ItemName>נקניקיות וינר 500 גר</ItemName><ManufacturerName>טירת צבי</ManufacturerName><ManufactureCountry>ישראל</ManufactureCountry><ManufacturerItemDescription>נקניקיות קרנץ הודו 500 גר</ManufacturerItemDescription><SoldByWeight/><Quantity>500.00</Quantity><UnitOfMeasure>גרם     </UnitOfMeasure><QtyInPackage>לא ידוע</QtyInPackage><UnitOfMeasurePrice>0.0362</UnitOfMeasurePrice><AllowDiscount>1</AllowDiscount><ItemStatus>1</ItemStatus><ItemPrice>18.10</ItemPrice></item><item><PriceUpdateDate>2015-11-18 13:57:15</PriceUpdateDate><ItemCode>7290000421711</ItemCode><ItemType>1</ItemType><ItemName>נקניקיות אמריקאיות 5</ItemName><ManufacturerName>טירת צבי</ManufacturerName><ManufactureCountry>ישראל</ManufactureCountry><ManufacturerItemDescription>נקניקיות אמריקאיות 500 גר</ManufacturerItemDescription><SoldByWeight/><Quantity>500.00</Quantity><UnitOfMeasure>גרם     </UnitOfMeasure><QtyInPackage>לא ידוע</QtyInPackage><UnitOfMeasurePrice>0.0596</UnitOfMeasurePrice><AllowDiscount>1</AllowDiscount><ItemStatus>1</ItemStatus><ItemPrice>29.80</ItemPrice></item><item><PriceUpdateDate>2016-08-02 07:34:08</PriceUpdateDate><ItemCode>7290000421735</ItemCode><ItemType>1</ItemType><ItemName>מב נקניקיות עוף 1 ק"</ItemName><ManufacturerName>טירת צבי</ManufacturerName><ManufactureCountry>ישראל</ManufactureCountry><ManufacturerItemDescription>נקניקיות עוף 1 קג</ManufacturerItemDescription><SoldByWeight/><Quantity>1000.00</Quantity><UnitOfMeasure>גרם     </UnitOfMeasure><QtyInPackage>לא ידוע</QtyInPackage><UnitOfMeasurePrice>0.0280</UnitOfMeasurePrice><AllowDiscount>1</AllowDiscount><ItemStatus>1</ItemStatus><ItemPrice>28.00</ItemPrice></item><item><PriceUpdateDate>2016-08-02 07:38:01</PriceUpdateDate><ItemCode>7290000421742</ItemCode><ItemType>1</ItemType><ItemName>מב נקניקיות עוף טרי</ItemName><ManufacturerName>טירת צבי</ManufacturerName><ManufactureCountry>ישראל</ManufactureCountry><ManufacturerItemDescription>נקניקיות עוף 400 ג</ManufacturerItemDescription><SoldByWeight/><Quantity>400.00</Quantity><UnitOfMeasure>גרם     </UnitOfMeasure><QtyInPackage>לא ידוע</QtyInPackage><UnitOfMeasurePrice>0.0273</UnitOfMeasurePrice><AllowDiscount>0</AllowDiscount><ItemStatus>1</ItemStatus><ItemPrice>10.90</ItemPrice></item><item><PriceUpdateDate>2016-08-02 07:34:08</PriceUpdateDate><ItemCode>7290000421988</ItemCode><ItemType>1</ItemType><ItemName>מב נקניק צמד כפרי 80</ItemName><ManufacturerName>טירת צבי</ManufacturerName><ManufactureCountry>ישראל</ManufactureCountry><ManufacturerItemDescription>צמד כפרי 800 גר</ManufacturerItemDescription><SoldByWeight/><Quantity>800.00</Quantity><UnitOfMeasure>גרם     </UnitOfMeasure><QtyInPackage>לא ידוע</QtyInPackage><UnitOfMeasurePrice>0.0374</UnitOfMeasurePrice><AllowDiscount>1</AllowDiscount><ItemStatus>1</ItemStatus><ItemPrice>29.90</ItemPrice></item><item><PriceUpdateDate>2016-08-02 07:34:08</PriceUpdateDate><ItemCode>7290000422039</ItemCode><ItemType>1</ItemType><ItemName>גת גרעיני אבטיח 200</ItemName><ManufacturerName>ליימן חטיבת המותגים</ManufacturerName><ManufactureCountry>ישראל</ManufactureCountry><ManufacturerItemDescription>גרעין אבטיח 200 גרם</ManufacturerItemDescription><SoldByWeight/><Quantity>200.00</Quantity><UnitOfMeasure>גרם     </UnitOfMeasure><QtyInPackage>לא ידוע</QtyInPackage><UnitOfMeasurePrice>0.0770</UnitOfMeasurePrice><AllowDiscount>1</AllowDiscount><ItemStatus>1</ItemStatus><ItemPrice>15.40</ItemPrice></item><item><PriceUpdateDate>2015-10-11 20:33:33</PriceUpdateDate><ItemCode>7290000422091</ItemCode><ItemType>1</ItemType><ItemName>דנונה טבעי 3% 200 גר</ItemName><ManufacturerName>דנונה</ManufacturerName><ManufactureCountry>ישראל</ManufactureCountry><ManufacturerItemDescription>דנונה 200 3%- גרם</ManufacturerItemDescription><SoldByWeight/><Quantity>200.00</Quantity><UnitOfMeasure>גרם     </UnitOfMeasure><QtyInPackage>לא ידוע</QtyInPackage><UnitOfMeasurePrice>0.0200</UnitOfMeasurePrice><AllowDiscount>1</AllowDiscount><ItemStatus>1</ItemStatus><ItemPrice>4.00</ItemPrice></item><item><PriceUpdateDate>2016-03-17 09:36:33</PriceUpdateDate><ItemCode>7290000422107</ItemCode><ItemType>1</ItemType><ItemName>דנונה בר עם פצפוצי ש</ItemName><ManufacturerName>דנונה</ManufacturerName><ManufactureCountry>ישראל</ManufactureCountry><ManufacturerItemDescription>דנונה+דגנים שוקולד200 1/2</ManufacturerItemDescription><SoldByWeight/><Quantity>173.00</Quantity><UnitOfMeasure>גרם     </UnitOfMeasure><QtyInPackage>לא ידוע</QtyInPackage><UnitOfMeasurePrice>0.0260</UnitOfMeasurePrice><AllowDiscount>1</AllowDiscount><ItemStatus>1</ItemStatus><ItemPrice>4.50</ItemPrice></item><item><PriceUpdateDate>2015-11-18 13:57:16</PriceUpdateDate><ItemCode>7290000422152</ItemCode><ItemType>1</ItemType><ItemName>מארז קפה שחור לנדוור</ItemName><ManufacturerName>לנדוור</ManufacturerName><ManufactureCountry>ישראל</ManufactureCountry><ManufacturerItemDescription>מארז קפה שחור לנדוור</ManufacturerItemDescription><SoldByWeight/><Quantity>300.00</Quantity><UnitOfMeasure>גרם     </UnitOfMeasure><QtyInPackage>לא ידוע</QtyInPackage><UnitOfMeasurePrice>0.0927</UnitOfMeasurePrice><AllowDiscount>1</AllowDiscount><ItemStatus>1</ItemStatus><ItemPrice>27.80</ItemPrice></item><item><PriceUpdateDate>2015-11-18 13:57:16</PriceUpdateDate><ItemCode>7290000422190</ItemCode><ItemType>1</ItemType><ItemName>קפה לנדוור אספרסו טח</ItemName><ManufacturerName>לנדוור</ManufacturerName><ManufactureCountry>ישראל</ManufactureCountry><ManufacturerItemDescription>קפה לנדוור אספרסו טח</ManufacturerItemDescription><SoldByWeight/><Quantity>100.00</Quantity><UnitOfMeasure>גרם     </UnitOfMeasure><QtyInPackage>לא ידוע</QtyInPackage><UnitOfMeasurePrice>0.0910</UnitOfMeasurePrice><AllowDiscount>1</AllowDiscount><ItemStatus>1</ItemStatus><ItemPrice>9.10</ItemPrice></item><item><PriceUpdateDate>2016-08-10 08:23:44</PriceUpdateDate><ItemCode>7290000422312</ItemCode><ItemType>1</ItemType><ItemName>פפסי קולה 1.5 ליטר</ItemName><ManufacturerName>פפסי</ManufacturerName><ManufactureCountry>ישראל</ManufactureCountry><ManufacturerItemDescription>פפסי קולה 1.5  ל</ManufacturerItemDescription><SoldByWeight/><Quantity>1500.00</Quantity><UnitOfMeasure>מ"ל</UnitOfMeasure><QtyInPackage>לא ידוע</QtyInPackage><UnitOfMeasurePrice>0.0046</UnitOfMeasurePrice><AllowDiscount>0</AllowDiscount><ItemStatus>1</ItemStatus><ItemPrice>6.90</ItemPrice></item><item><PriceUpdateDate>2016-08-10 08:23:44</PriceUpdateDate><ItemCode>7290000422329</ItemCode><ItemType>1</ItemType><ItemName>סבן אפ 1.5 ליטר</ItemName><ManufacturerName>7 אפ</ManufacturerName><ManufactureCountry>ישראל</ManufactureCountry><ManufacturerItemDescription>פפסי סבנאפ 1.5  ל</ManufacturerItemDescription><SoldByWeight/><Quantity>1500.00</Quantity><UnitOfMeasure>מ"ל</UnitOfMeasure><QtyInPackage>לא ידוע</QtyInPackage><UnitOfMeasurePrice>0.0046</UnitOfMeasurePrice><AllowDiscount>1</AllowDiscount><ItemStatus>1</ItemStatus><ItemPrice>6.90</ItemPrice></item><item><PriceUpdateDate>2015-10-22 10:36:28</PriceUpdateDate><ItemCode>7290000422336</ItemCode><ItemType>1</ItemType><ItemName>מירנדה 1.5 ליטר</ItemName><ManufacturerName>מירינדה תפוז</ManufacturerName><ManufactureCountry>ישראל</ManufactureCountry><ManufacturerItemDescription>פפסי מירינדה 1.5  ל</ManufacturerItemDescription><SoldByWeight/><Quantity>1500.00</Quantity><UnitOfMeasure>מ"ל</UnitOfMeasure><QtyInPackage>לא ידוע</QtyInPackage><UnitOfMeasurePrice>0.0049</UnitOfMeasurePrice><AllowDiscount>0</AllowDiscount><ItemStatus>1</ItemStatus><ItemPrice>7.30</ItemPrice></item><item><PriceUpdateDate>2016-08-10 08:23:44</PriceUpdateDate><ItemCode>7290000422343</ItemCode><ItemType>1</ItemType><ItemName>סבן אפ דיאט 1.5 ליטר</ItemName><ManufacturerName>7 אפ דיאט</ManufacturerName><ManufactureCountry>ישראל</ManufactureCountry><ManufacturerItemDescription>פפסי סבנאפ דיאט 1.5  ל</ManufacturerItemDescription><SoldByWeight/><Quantity>1500.00</Quantity><UnitOfMeasure>מ"ל</UnitOfMeasure><QtyInPackage>לא ידוע</QtyInPackage><UnitOfMeasurePrice>0.0046</UnitOfMeasurePrice><AllowDiscount>1</AllowDiscount><ItemStatus>1</ItemStatus><ItemPrice>6.90</ItemPrice></item><item><PriceUpdateDate>2016-08-10 08:23:44</PriceUpdateDate><ItemCode>7290000422350</ItemCode><ItemType>1</ItemType><ItemName>פפסי מקס 1.5 ליטר</ItemName><ManufacturerName>פפסי מקס</ManufacturerName><ManufactureCountry>ישראל</ManufactureCountry><ManufacturerItemDescription>פפסי קולה מקס 1.5 ללא סוכ</ManufacturerItemDescription><SoldByWeight/><Quantity>1500.00</Quantity><UnitOfMeasure>מ"ל</UnitOfMeasure><QtyInPackage>לא ידוע</QtyInPackage><UnitOfMeasurePrice>0.0046</UnitOfMeasurePrice><AllowDiscount>0</AllowDiscount><ItemStatus>1</ItemStatus><ItemPrice>6.90</ItemPrice></item><item><PriceUpdateDate>2016-05-31 07:00:55</PriceUpdateDate><ItemCode>7290000422381</ItemCode><ItemType>1</ItemType><ItemName>סיף פנטסטיק לניקוי כ</ItemName><ManufacturerName>סיף</ManufacturerName><ManufactureCountry>ישראל</ManufactureCountry><ManufacturerItemDescription>סיף פנטסטיק לניקוי כ</ManufacturerItemDescription><SoldByWeight/><Quantity>4000.00</Quantity><UnitOfMeasure>מ"ל</UnitOfMeasure><QtyInPackage>לא ידוע</QtyInPackage><UnitOfMeasurePrice>0.0055</UnitOfMeasurePrice><AllowDiscount>1</AllowDiscount><ItemStatus>1</ItemStatus><ItemPrice>21.90</ItemPrice></item><item><PriceUpdateDate>2015-11-18 13:57:16</PriceUpdateDate><ItemCode>7290000422411</ItemCode><ItemType>1</ItemType><ItemName>טונה פוסידון בשמן 10</ItemName><ManufacturerName>פוסידון</ManufacturerName><ManufactureCountry>ישראל</ManufactureCountry><ManufacturerItemDescription>טונה בהירה בשמן פוסידון 1</ManufacturerItemDescription><SoldByWeight/><Quantity>108.00</Quantity><UnitOfMeasure>גרם     </UnitOfMeasure><QtyInPackage>לא ידוע</QtyInPackage><UnitOfMeasurePrice>0.0648</UnitOfMeasurePrice><AllowDiscount>1</AllowDiscount><ItemStatus>1</ItemStatus><ItemPrice>7.00</ItemPrice></item><item><PriceUpdateDate>2014-11-10 06:29:57</PriceUpdateDate><ItemCode>7290000422428</ItemCode><ItemType>1</ItemType><ItemName>טונה פוסידון במים 10</ItemName><ManufacturerName>פוסידון</ManufacturerName><ManufactureCountry>ישראל</ManufactureCountry><ManufacturerItemDescription>טונה בהירהבמיםפוסידון 108</ManufacturerItemDescription><SoldByWeight/><Quantity>108.00</Quantity><UnitOfMeasure>גרם     </UnitOfMeasure><QtyInPackage>לא ידוע</QtyInPackage><UnitOfMeasurePrice>0.0694</UnitOfMeasurePrice><AllowDiscount>1</AllowDiscount><ItemStatus>1</ItemStatus><ItemPrice>7.50</ItemPrice></item><item><PriceUpdateDate>2016-08-10 08:22:50</PriceUpdateDate><ItemCode>7290000422442</ItemCode><ItemType>1</ItemType><ItemName>שמרים טריים 50 גרם</ItemName><ManufacturerName>שמרית</ManufacturerName><ManufactureCountry>ישראל</ManufactureCountry><ManufacturerItemDescription>שמרים לחים אינסטנט</ManufacturerItemDescription><SoldByWeight/><Quantity>14.00</Quantity><UnitOfMeasure>גרם     </UnitOfMeasure><QtyInPackage>לא ידוע</QtyInPackage><UnitOfMeasurePrice>0.3857</UnitOfMeasurePrice><AllowDiscount>1</AllowDiscount><ItemStatus>1</ItemStatus><ItemPrice>5.40</ItemPrice></item><item><PriceUpdateDate>2016-05-01 08:12:45</PriceUpdateDate><ItemCode>7290000422534</ItemCode><ItemType>1</ItemType><ItemName>מב בייגלה שמיניות עם</ItemName><ManufacturerName>בייגל בייגל</ManufacturerName><ManufactureCountry>ישראל</ManufactureCountry><ManufacturerItemDescription>בייגלה שמיניות 400 גר</ManufacturerItemDescription><SoldByWeight/><Quantity>400.00</Quantity><UnitOfMeasure>גרם     </UnitOfMeasure><QtyInPackage>לא ידוע</QtyInPackage><UnitOfMeasurePrice>0.0248</UnitOfMeasurePrice><AllowDiscount>1</AllowDiscount><ItemStatus>1</ItemStatus><ItemPrice>9.90</ItemPrice></item><item><PriceUpdateDate>2016-08-10 08:22:50</PriceUpdateDate><ItemCode>7290000422626</ItemCode><ItemType>1</ItemType><ItemName>סחוג אדום חריף עדין</ItemName><ManufacturerName>זהבי הכרם</ManufacturerName><ManufactureCountry>ישראל</ManufactureCountry><ManufacturerItemDescription>סחוג150 גר .בצנצנת</ManufacturerItemDescription><SoldByWeight/><Quantity>150.00</Quantity><UnitOfMeasure>גרם     </UnitOfMeasure><QtyInPackage>לא ידוע</QtyInPackage><UnitOfMeasurePrice>0.0660</UnitOfMeasurePrice><AllowDiscount>1</AllowDiscount><ItemStatus>1</ItemStatus><ItemPrice>9.90</ItemPrice></item><item><PriceUpdateDate>2016-08-10 08:22:50</PriceUpdateDate><ItemCode>7290000422640</ItemCode><ItemType>1</ItemType><ItemName>סחוג חריף מאוד זהבי</ItemName><ManufacturerName>זהבי הכרם</ManufacturerName><ManufactureCountry>ישראל</ManufactureCountry><ManufacturerItemDescription>סחוג חריף מאוד זהבי</ManufacturerItemDescription><SoldByWeight/><Quantity>150.00</Quantity><UnitOfMeasure>גרם     </UnitOfMeasure><QtyInPackage>לא ידוע</QtyInPackage><UnitOfMeasurePrice>0.0660</UnitOfMeasurePrice><AllowDiscount>1</AllowDiscount><ItemStatus>1</ItemStatus><ItemPrice>9.90</ItemPrice></item><item><PriceUpdateDate>2016-08-10 08:22:50</PriceUpdateDate><ItemCode>7290000422664</ItemCode><ItemType>1</ItemType><ItemName>סחוג ירוק זהבי 150 ג</ItemName><ManufacturerName>זהבי הכרם</ManufacturerName><ManufactureCountry>ישראל</ManufactureCountry><ManufacturerItemDescription>סחוג ירוק150 גר</ManufacturerItemDescription><SoldByWeight/><Quantity>150.00</Quantity><UnitOfMeasure>גרם     </UnitOfMeasure><QtyInPackage>לא ידוע</QtyInPackage><UnitOfMeasurePrice>0.0660</UnitOfMeasurePrice><AllowDiscount>1</AllowDiscount><ItemStatus>1</ItemStatus><ItemPrice>9.90</ItemPrice></item><item><PriceUpdateDate>2015-11-18 13:57:17</PriceUpdateDate><ItemCode>7290000422725</ItemCode><ItemType>1</ItemType><ItemName>זית חרוזית שחור בית</ItemName><ManufacturerName>בית השיטה</ManufacturerName><ManufactureCountry>ישראל</ManufactureCountry><ManufacturerItemDescription>זית חרוזית שחור בית</ManufacturerItemDescription><SoldByWeight/><Quantity>275.00</Quantity><UnitOfMeasure>גרם     </UnitOfMeasure><QtyInPackage>לא ידוע</QtyInPackage><UnitOfMeasurePrice>0.0436</UnitOfMeasurePrice><AllowDiscount>1</AllowDiscount><ItemStatus>1</ItemStatus><ItemPrice>12.00</ItemPrice></item><item><PriceUpdateDate>2016-04-25 08:29:00</PriceUpdateDate><ItemCode>7290000422756</ItemCode><ItemType>1</ItemType><ItemName>זית טבעות שחור A3  2</ItemName><ManufacturerName>לא ממותג</ManufacturerName><ManufactureCountry>ישראל</ManufactureCountry><ManufacturerItemDescription>זית טבעות שחור A3  2</ManufacturerItemDescription><SoldByWeight/><Quantity>280.00</Quantity><UnitOfMeasure>גרם     </UnitOfMeasure><QtyInPackage>לא ידוע</QtyInPackage><UnitOfMeasurePrice>0.0457</UnitOfMeasurePrice><AllowDiscount>1</AllowDiscount><ItemStatus>1</ItemStatus><ItemPrice>12.80</ItemPrice></item><item><PriceUpdateDate>2016-05-31 07:00:56</PriceUpdateDate><ItemCode>7290000422770</ItemCode><ItemType>1</ItemType><ItemName>מלפפון 7-9 במלח 560</ItemName><ManufacturerName>בית השיטה</ManufacturerName><ManufactureCountry>ישראל</ManufactureCountry><ManufacturerItemDescription>מלפפון 7-9 במלח 560</ManufacturerItemDescription><SoldByWeight/><Quantity>560.00</Quantity><UnitOfMeasure>גרם     </UnitOfMeasure><QtyInPackage>לא ידוע</QtyInPackage><UnitOfMeasurePrice>0.0105</UnitOfMeasurePrice><AllowDiscount>1</AllowDiscount><ItemStatus>1</ItemStatus><ItemPrice>5.90</ItemPrice></item><item><PriceUpdateDate>2016-05-31 07:00:56</PriceUpdateDate><ItemCode>7290000422787</ItemCode><ItemType>1</ItemType><ItemName>מלפפון במלח 10-12  3</ItemName><ManufacturerName>לא ידוע</ManufacturerName><ManufactureCountry>ישראל</ManufactureCountry><ManufacturerItemDescription>מלפפון במלח 10-12  3</ManufacturerItemDescription><SoldByWeight/><Quantity>320.00</Quantity><UnitOfMeasure>גרם     </UnitOfMeasure><QtyInPackage>לא ידוע</QtyInPackage><UnitOfMeasurePrice>0.0203</UnitOfMeasurePrice><AllowDiscount>1</AllowDiscount><ItemStatus>1</ItemStatus><ItemPrice>6.50</ItemPrice></item><item><PriceUpdateDate>2016-07-27 09:34:55</PriceUpdateDate><ItemCode>7290000422794</ItemCode><ItemType>1</ItemType><ItemName>מלפפון 13-17 במלח  3</ItemName><ManufacturerName>בית השיטה</ManufacturerName><ManufactureCountry>ישראל</ManufactureCountry><ManufacturerItemDescription>מלפפון 13-17 במלח  3</ManufacturerItemDescription><SoldByWeight/><Quantity>320.00</Quantity><UnitOfMeasure>גרם     </UnitOfMeasure><QtyInPackage>לא ידוע</QtyInPackage><UnitOfMeasurePrice>0.0309</UnitOfMeasurePrice><AllowDiscount>1</AllowDiscount><ItemStatus>1</ItemStatus><ItemPrice>9.90</ItemPrice></item><item><PriceUpdateDate>2015-10-11 20:33:33</PriceUpdateDate><ItemCode>7290000422800</ItemCode><ItemType>1</ItemType><ItemName>מלפפון 18-25 במלח 56</ItemName><ManufacturerName>בית השיטה</ManufacturerName><ManufactureCountry>ישראל</ManufactureCountry><ManufacturerItemDescription>מלפפון 18-25 במלח 56</ManufacturerItemDescription><SoldByWeight/><Quantity>560.00</Quantity><UnitOfMeasure>גרם     </UnitOfMeasure><QtyInPackage>לא ידוע</QtyInPackage><UnitOfMeasurePrice>0.0229</UnitOfMeasurePrice><AllowDiscount>1</AllowDiscount><ItemStatus>1</ItemStatus><ItemPrice>12.80</ItemPrice></item><item><PriceUpdateDate>2016-05-31 07:00:56</PriceUpdateDate><ItemCode>7290000422848</ItemCode><ItemType>1</ItemType><ItemName>מלפפון 7-9 בחומץ 560</ItemName><ManufacturerName>בית השיטה</ManufacturerName><ManufactureCountry>ישראל</ManufactureCountry><ManufacturerItemDescription>מלפפון 7-9 בחומץ 560</ManufacturerItemDescription><SoldByWeight/><Quantity>560.00</Quantity><UnitOfMeasure>גרם     </UnitOfMeasure><QtyInPackage>לא ידוע</QtyInPackage><UnitOfMeasurePrice>0.0105</UnitOfMeasurePrice><AllowDiscount>1</AllowDiscount><ItemStatus>1</ItemStatus><ItemPrice>5.90</ItemPrice></item><item><PriceUpdateDate>2016-05-31 07:00:56</PriceUpdateDate><ItemCode>7290000422855</ItemCode><ItemType>1</ItemType><ItemName>מלפפון 12 10חומץ גלע</ItemName><ManufacturerName>אסם</ManufacturerName><ManufactureCountry>ישראל</ManufactureCountry><ManufacturerItemDescription>מלפפון 12 10חומץ גלע</ManufacturerItemDescription><SoldByWeight/><Quantity>290.00</Quantity><UnitOfMeasure>גרם     </UnitOfMeasure><QtyInPackage>לא ידוע</QtyInPackage><UnitOfMeasurePrice>0.0224</UnitOfMeasurePrice><AllowDiscount>1</AllowDiscount><ItemStatus>1</ItemStatus><ItemPrice>6.50</ItemPrice></item><item><PriceUpdateDate>2016-07-27 09:34:55</PriceUpdateDate><ItemCode>7290000422862</ItemCode><ItemType>1</ItemType><ItemName>מלפפון 13-17 חומץ בי</ItemName><ManufacturerName>בית השיטה</ManufacturerName><ManufactureCountry>ישראל</ManufactureCountry><ManufacturerItemDescription>מלפפון 13-17 חומץ בי</ManufacturerItemDescription><SoldByWeight/><Quantity>290.00</Quantity><UnitOfMeasure>גרם     </UnitOfMeasure><QtyInPackage>לא ידוע</QtyInPackage><UnitOfMeasurePrice>0.0341</UnitOfMeasurePrice><AllowDiscount>1</AllowDiscount><ItemStatus>1</ItemStatus><ItemPrice>9.90</ItemPrice></item><item><PriceUpdateDate>2015-10-11 20:33:33</PriceUpdateDate><ItemCode>7290000422879</ItemCode><ItemType>1</ItemType><ItemName>מלפפון 18-25 בחומץ 5</ItemName><ManufacturerName>בית השיטה</ManufacturerName><ManufactureCountry>ישראל</ManufactureCountry><ManufacturerItemDescription>מלפפון 18-25 בחומץ 5</ManufacturerItemDescription><SoldByWeight/><Quantity>560.00</Quantity><UnitOfMeasure>גרם     </UnitOfMeasure><QtyInPackage>לא ידוע</QtyInPackage><UnitOfMeasurePrice>0.0229</UnitOfMeasurePrice><AllowDiscount>1</AllowDiscount><ItemStatus>1</ItemStatus><ItemPrice>12.80</ItemPrice></item><item><PriceUpdateDate>2015-11-18 13:57:17</PriceUpdateDate><ItemCode>7290000422909</ItemCode><ItemType>1</ItemType><ItemName>פלפל חריף 600 גרם</ItemName><ManufacturerName>לא ממותג</ManufacturerName><ManufactureCountry>ישראל</ManufactureCountry><ManufacturerItemDescription>פלפל חריף 600 גרם</ManufacturerItemDescription><SoldByWeight/><Quantity>425.00</Quantity><UnitOfMeasure>גרם     </UnitOfMeasure><QtyInPackage>לא ידוע</QtyInPackage><UnitOfMeasurePrice>0.0191</UnitOfMeasurePrice><AllowDiscount>1</AllowDiscount><ItemStatus>1</ItemStatus><ItemPrice>8.10</ItemPrice></item><item><PriceUpdateDate>2016-02-11 08:21:14</PriceUpdateDate><ItemCode>7290000423081</ItemCode><ItemType>1</ItemType><ItemName>חלב טרה 3% בשקית 1 ל</ItemName><ManufacturerName>טרה</ManufacturerName><ManufactureCountry>ישראל</ManufactureCountry><ManufacturerItemDescription>חלב1 3% ל.שקית מהדרין פיק</ManufacturerItemDescription><SoldByWeight/><Quantity>1000.00</Quantity><UnitOfMeasure>מ"ל</UnitOfMeasure><QtyInPackage>לא ידוע</QtyInPackage><UnitOfMeasurePrice>0.0050</UnitOfMeasurePrice><AllowDiscount>1</AllowDiscount><ItemStatus>1</ItemStatus><ItemPrice>5.00</ItemPrice></item><item><PriceUpdateDate>2016-02-11 08:21:14</PriceUpdateDate><ItemCode>7290000423159</ItemCode><ItemType>1</ItemType><ItemName>שמנת חמוצה 15% 200 מ</ItemName><ManufacturerName>טרה</ManufacturerName><ManufactureCountry>ישראל</ManufactureCountry><ManufacturerItemDescription>שמנת חמוצה 15% 200 מ</ManufacturerItemDescription><SoldByWeight/><Quantity>200.00</Quantity><UnitOfMeasure>מ"ל</UnitOfMeasure><QtyInPackage>לא ידוע</QtyInPackage><UnitOfMeasurePrice>0.0110</UnitOfMeasurePrice><AllowDiscount>1</AllowDiscount><ItemStatus>1</ItemStatus><ItemPrice>2.20</ItemPrice></item><item><PriceUpdateDate>2016-08-02 07:38:01</PriceUpdateDate><ItemCode>7290000423180</ItemCode><ItemType>1</ItemType><ItemName>מב גבינה לבנה 5% טרה</ItemName><ManufacturerName>טרה</ManufacturerName><ManufactureCountry>ישראל</ManufactureCountry><ManufacturerItemDescription>גבינה לבנה250 5% גר  פיקו</ManufacturerItemDescription><SoldByWeight/><Quantity>250.00</Quantity><UnitOfMeasure>גרם     </UnitOfMeasure><QtyInPackage>לא ידוע</QtyInPackage><UnitOfMeasurePrice>0.0176</UnitOfMeasurePrice><AllowDiscount>1</AllowDiscount><ItemStatus>1</ItemStatus><ItemPrice>4.40</ItemPrice></item><item><PriceUpdateDate>2015-10-11 20:33:33</PriceUpdateDate><ItemCode>7290000423197</ItemCode><ItemType>1</ItemType><ItemName>גבינה טוב טעם 3% 250</ItemName><ManufacturerName>טוב טעם -גבינה</ManufacturerName><ManufactureCountry>ישראל</ManufactureCountry><ManufacturerItemDescription>גבינה טוב טעם250 3% גר</ManufacturerItemDescription><SoldByWeight/><Quantity>250.00</Quantity><UnitOfMeasure>גרם     </UnitOfMeasure><QtyInPackage>לא ידוע</QtyInPackage><UnitOfMeasurePrice>0.0468</UnitOfMeasurePrice><AllowDiscount>1</AllowDiscount><ItemStatus>1</ItemStatus><ItemPrice>11.70</ItemPrice></item><item><PriceUpdateDate>2016-05-31 07:00:56</PriceUpdateDate><ItemCode>7290000423258</ItemCode><ItemType>1</ItemType><ItemName>קוואקר בפחית 500 גרם</ItemName><ManufacturerName>קוואקר אואטס</ManufacturerName><ManufactureCountry>ישראל</ManufactureCountry><ManufacturerItemDescription>קואקר שיבולת    500גרם</ManufacturerItemDescription><SoldByWeight/><Quantity>500.00</Quantity><UnitOfMeasure>גרם     </UnitOfMeasure><QtyInPackage>לא ידוע</QtyInPackage><UnitOfMeasurePrice>0.0278</UnitOfMeasurePrice><AllowDiscount>1</AllowDiscount><ItemStatus>1</ItemStatus><ItemPrice>13.90</ItemPrice></item><item><PriceUpdateDate>2016-08-10 08:22:51</PriceUpdateDate><ItemCode>7290000423319</ItemCode><ItemType>1</ItemType><ItemName>רוטב צלי לבשר 290 גר</ItemName><ManufacturerName>אסם</ManufacturerName><ManufactureCountry>ישראל</ManufactureCountry><ManufacturerItemDescription>רוטב צלי בשר 22 גרם באבקה</ManufacturerItemDescription><SoldByWeight/><Quantity>290.00</Quantity><UnitOfMeasure>מ"ל</UnitOfMeasure><QtyInPackage>לא ידוע</QtyInPackage><UnitOfMeasurePrice>0.0172</UnitOfMeasurePrice><AllowDiscount>1</AllowDiscount><ItemStatus>1</ItemStatus><ItemPrice>5.00</ItemPrice></item><item><PriceUpdateDate>2016-08-10 08:23:44</PriceUpdateDate><ItemCode>7290000423326</ItemCode><ItemType>1</ItemType><ItemName>רוטב פטריות לבשר 29</ItemName><ManufacturerName>אסם</ManufacturerName><ManufactureCountry>ישראל</ManufactureCountry><ManufacturerItemDescription>רוטב פטריות לבשר 30 גרם ב</ManufacturerItemDescription><SoldByWeight/><Quantity>29.00</Quantity><UnitOfMeasure>שק'</UnitOfMeasure><QtyInPackage>לא ידוע</QtyInPackage><UnitOfMeasurePrice>0.2034</UnitOfMeasurePrice><AllowDiscount>1</AllowDiscount><ItemStatus>1</ItemStatus><ItemPrice>5.90</ItemPrice></item><item><PriceUpdateDate>2015-11-18 13:57:17</PriceUpdateDate><ItemCode>7290000423364</ItemCode><ItemType>1</ItemType><ItemName>סוכרזית 1200 טבליות</ItemName><ManufacturerName>סוכרזית</ManufacturerName><ManufactureCountry>ישראל</ManufactureCountry><ManufacturerItemDescription>ממתיק סוכרזית קנקן1200טבל</ManufacturerItemDescription><SoldByWeight/><Quantity>14.00</Quantity><UnitOfMeasure>גרם     </UnitOfMeasure><QtyInPackage>לא ידוע</QtyInPackage><UnitOfMeasurePrice>1.7429</UnitOfMeasurePrice><AllowDiscount>1</AllowDiscount><ItemStatus>1</ItemStatus><ItemPrice>24.40</ItemPrice></item><item><PriceUpdateDate>2016-08-02 07:34:08</PriceUpdateDate><ItemCode>7290000423555</ItemCode><ItemType>1</ItemType><ItemName>יין זני סגל קברנה סו</ItemName><ManufacturerName>סגל</ManufacturerName><ManufactureCountry>ישראל</ManufactureCountry><ManufacturerItemDescription>יין קברנה סוביניון סגל 75</ManufacturerItemDescription><SoldByWeight/><Quantity>750.00</Quantity><UnitOfMeasure>מ"ל</UnitOfMeasure><QtyInPackage>לא ידוע</QtyInPackage><UnitOfMeasurePrice>0.0376</UnitOfMeasurePrice><AllowDiscount>1</AllowDiscount><ItemStatus>1</ItemStatus><ItemPrice>28.20</ItemPrice></item><item><PriceUpdateDate>2016-08-02 07:34:08</PriceUpdateDate><ItemCode>7290000423579</ItemCode><ItemType>1</ItemType><ItemName>יין זניסגל מרלו קברנ</ItemName><ManufacturerName>סגל</ManufacturerName><ManufactureCountry>ישראל</ManufactureCountry><ManufacturerItemDescription>יין של סגל מרלו 66% וקברנ</ManufacturerItemDescription><SoldByWeight/><Quantity>750.00</Quantity><UnitOfMeasure>מ"ל</UnitOfMeasure><QtyInPackage>לא ידוע</QtyInPackage><UnitOfMeasurePrice>0.0376</UnitOfMeasurePrice><AllowDiscount>1</AllowDiscount><ItemStatus>1</ItemStatus><ItemPrice>28.20</ItemPrice></item><item><PriceUpdateDate>2016-08-02 07:34:08</PriceUpdateDate><ItemCode>7290000423586</ItemCode><ItemType>1</ItemType><ItemName>יין זני סגל קברנה שי</ItemName><ManufacturerName>סגל</ManufacturerName><ManufactureCountry>ישראל</ManufactureCountry><ManufacturerItemDescription>יין של סגל מרלו 66% ושירא</ManufacturerItemDescription><SoldByWeight/><Quantity>750.00</Quantity><UnitOfMeasure>מ"ל</UnitOfMeasure><QtyInPackage>לא ידוע</QtyInPackage><UnitOfMeasurePrice>0.0376</UnitOfMeasurePrice><AllowDiscount>1</AllowDiscount><ItemStatus>1</ItemStatus><ItemPrice>28.20</ItemPrice></item><item><PriceUpdateDate>2016-03-29 07:02:16</PriceUpdateDate><ItemCode>7290000423654</ItemCode><ItemType>1</ItemType><ItemName>מיץ סחוט תפוזים 1 לי</ItemName><ManufacturerName>פרימור</ManufacturerName><ManufactureCountry>ישראל</ManufactureCountry><ManufacturerItemDescription>מיץ סחוט תפוזים 1 ל</ManufacturerItemDescription><SoldByWeight/><Quantity>1000.00</Quantity><UnitOfMeasure>מ"ל</UnitOfMeasure><QtyInPackage>לא ידוע</QtyInPackage><UnitOfMeasurePrice>0.0152</UnitOfMeasurePrice><AllowDiscount>1</AllowDiscount><ItemStatus>1</ItemStatus><ItemPrice>15.20</ItemPrice></item><item><PriceUpdateDate>2015-11-18 13:57:18</PriceUpdateDate><ItemCode>7290000424088</ItemCode><ItemType>1</ItemType><ItemName>נקניקיות מרגז גריל ט</ItemName><ManufacturerName>טיבון ויל</ManufacturerName><ManufactureCountry>ישראל</ManufactureCountry><ManufacturerItemDescription>נקניקיות מרגז גריל 400 גר</ManufacturerItemDescription><SoldByWeight/><Quantity>400.00</Quantity><UnitOfMeasure>גרם     </UnitOfMeasure><QtyInPackage>לא ידוע</QtyInPackage><UnitOfMeasurePrice>0.0560</UnitOfMeasurePrice><AllowDiscount>1</AllowDiscount><ItemStatus>1</ItemStatus><ItemPrice>22.40</ItemPrice></item><item><PriceUpdateDate>2016-08-02 07:38:02</PriceUpdateDate><ItemCode>7290000424118</ItemCode><ItemType>1</ItemType><ItemName>מב סטייק בורגר 400 ג</ItemName><ManufacturerName>טיבון ויל</ManufacturerName><ManufactureCountry>ישראל</ManufactureCountry><ManufacturerItemDescription>סטייק בורגר בקר 400 גר</ManufacturerItemDescription><SoldByWeight/><Quantity>400.00</Quantity><UnitOfMeasure>גרם     </UnitOfMeasure><QtyInPackage>לא ידוע</QtyInPackage><UnitOfMeasurePrice>0.0472</UnitOfMeasurePrice><AllowDiscount>1</AllowDiscount><ItemStatus>1</ItemStatus><ItemPrice>18.90</ItemPrice></item><item><PriceUpdateDate>2016-08-02 07:34:09</PriceUpdateDate><ItemCode>7290000424132</ItemCode><ItemType>1</ItemType><ItemName>טחון עוף 500 גרם</ItemName><ManufacturerName>טיבון ויל</ManufacturerName><ManufactureCountry>ישראל</ManufactureCountry><ManufacturerItemDescription>טחון עוף 500 גרם</ManufacturerItemDescription><SoldByWeight/><Quantity>500.00</Quantity><UnitOfMeasure>גרם     </UnitOfMeasure><QtyInPackage>לא ידוע</QtyInPackage><UnitOfMeasurePrice>0.0304</UnitOfMeasurePrice><AllowDiscount>1</AllowDiscount><ItemStatus>1</ItemStatus><ItemPrice>15.20</ItemPrice></item><item><PriceUpdateDate>2016-08-02 07:34:09</PriceUpdateDate><ItemCode>7290000424149</ItemCode><ItemType>1</ItemType><ItemName>טחון הודו 500 גרם</ItemName><ManufacturerName>טיבון ויל</ManufacturerName><ManufactureCountry>ישראל</ManufactureCountry><ManufacturerItemDescription>טחון הודו 500 ג</ManufacturerItemDescription><SoldByWeight/><Quantity>500.00</Quantity><UnitOfMeasure>גרם     </UnitOfMeasure><QtyInPackage>לא ידוע</QtyInPackage><UnitOfMeasurePrice>0.0304</UnitOfMeasurePrice><AllowDiscount>1</AllowDiscount><ItemStatus>1</ItemStatus><ItemPrice>15.20</ItemPrice></item><item><PriceUpdateDate>2016-08-02 07:38:02</PriceUpdateDate><ItemCode>7290000426396</ItemCode><ItemType>1</ItemType><ItemName>מב לה קט דגים 2.85 ק</ItemName><ManufacturerName>לה קט</ManufacturerName><ManufactureCountry>ישראל</ManufactureCountry><ManufacturerItemDescription>מב לה קט דגים 2.85 ק</ManufacturerItemDescription><SoldByWeight/><Quantity>2850.00</Quantity><UnitOfMeasure>גרם     </UnitOfMeasure><QtyInPackage>לא ידוע</QtyInPackage><UnitOfMeasurePrice>0.0175</UnitOfMeasurePrice><AllowDiscount>1</AllowDiscount><ItemStatus>1</ItemStatus><ItemPrice>49.90</ItemPrice></item><item><PriceUpdateDate>2016-06-13 09:58:31</PriceUpdateDate><ItemCode>7290000426907</ItemCode><ItemType>1</ItemType><ItemName>פרימור סחוט תפוזים 2</ItemName><ManufacturerName>פרימור</ManufacturerName><ManufactureCountry>ישראל</ManufactureCountry><ManufacturerItemDescription>מיץ תפוזים סחוט2 ל</ManufacturerItemDescription><SoldByWeight/><Quantity>2000.00</Quantity><UnitOfMeasure>מ"ל</UnitOfMeasure><QtyInPackage>לא ידוע</QtyInPackage><UnitOfMeasurePrice>0.0124</UnitOfMeasurePrice><AllowDiscount>1</AllowDiscount><ItemStatus>1</ItemStatus><ItemPrice>24.90</ItemPrice></item><item><PriceUpdateDate>2016-06-13 09:58:31</PriceUpdateDate><ItemCode>7290000426976</ItemCode><ItemType>1</ItemType><ItemName>פרימור סחוט תפוחים צ</ItemName><ManufacturerName>פרימור</ManufacturerName><ManufactureCountry>ישראל</ManufactureCountry><ManufacturerItemDescription>מיץ תפוחים צלול 2 ליטר</ManufacturerItemDescription><SoldByWeight/><Quantity>2000.00</Quantity><UnitOfMeasure>מ"ל</UnitOfMeasure><QtyInPackage>לא ידוע</QtyInPackage><UnitOfMeasurePrice>0.0124</UnitOfMeasurePrice><AllowDiscount>1</AllowDiscount><ItemStatus>1</ItemStatus><ItemPrice>24.90</ItemPrice></item><item><PriceUpdateDate>2016-08-02 07:38:02</PriceUpdateDate><ItemCode>7290000427089</ItemCode><ItemType>1</ItemType><ItemName>מב שווארמה פרגיות 50</ItemName><ManufacturerName>טיבון ויל</ManufacturerName><ManufactureCountry>ישראל</ManufactureCountry><ManufacturerItemDescription>שווארמה פרגיות 500 גר</ManufacturerItemDescription><SoldByWeight/><Quantity>500.00</Quantity><UnitOfMeasure>גרם     </UnitOfMeasure><QtyInPackage>לא ידוע</QtyInPackage><UnitOfMeasurePrice>0.0498</UnitOfMeasurePrice><AllowDiscount>1</AllowDiscount><ItemStatus>1</ItemStatus><ItemPrice>24.90</ItemPrice></item><item><PriceUpdateDate>2016-08-02 07:38:02</PriceUpdateDate><ItemCode>7290000427096</ItemCode><ItemType>1</ItemType><ItemName>מב שווארמה הודו 500</ItemName><ManufacturerName>טיבון ויל</ManufacturerName><ManufactureCountry>ישראל</ManufactureCountry><ManufacturerItemDescription>שווארמה הודו 500 גר</ManufacturerItemDescription><SoldByWeight/><Quantity>500.00</Quantity><UnitOfMeasure>גרם     </UnitOfMeasure><QtyInPackage>לא ידוע</QtyInPackage><UnitOfMeasurePrice>0.0498</UnitOfMeasurePrice><AllowDiscount>1</AllowDiscount><ItemStatus>1</ItemStatus><ItemPrice>24.90</ItemPrice></item><item><PriceUpdateDate>2015-11-18 13:57:19</PriceUpdateDate><ItemCode>7290000427126</ItemCode><ItemType>1</ItemType><ItemName>שומן כבש 200 גרם</ItemName><ManufacturerName>טיבון ויל</ManufacturerName><ManufactureCountry>ישראל</ManufactureCountry><ManufacturerItemDescription>שומן כבש 200 גרם</ManufacturerItemDescription><SoldByWeight/><Quantity>1000.00</Quantity><UnitOfMeasure>קג</UnitOfMeasure><QtyInPackage>לא ידוע</QtyInPackage><UnitOfMeasurePrice>0.0239</UnitOfMeasurePrice><AllowDiscount>1</AllowDiscount><ItemStatus>1</ItemStatus><ItemPrice>23.90</ItemPrice></item><item><PriceUpdateDate>2015-11-18 13:57:19</PriceUpdateDate><ItemCode>7290000427966</ItemCode><ItemType>1</ItemType><ItemName>תחליף חלב דייסלה  1N</ItemName><ManufacturerName>לא ידוע</ManufacturerName><ManufactureCountry>ישראל</ManufactureCountry><ManufacturerItemDescription>תחליף חלב דייסלה  1N</ManufacturerItemDescription><SoldByWeight/><Quantity>300.00</Quantity><UnitOfMeasure>גרם     </UnitOfMeasure><QtyInPackage>לא ידוע</QtyInPackage><UnitOfMeasurePrice>0.0853</UnitOfMeasurePrice><AllowDiscount>1</AllowDiscount><ItemStatus>1</ItemStatus><ItemPrice>25.60</ItemPrice></item><item><PriceUpdateDate>2014-11-10 06:30:26</PriceUpdateDate><ItemCode>7290000428215</ItemCode><ItemType>1</ItemType><ItemName>בייבי בלאק 900 גרם</ItemName><ManufacturerName>פילסברי</ManufacturerName><ManufactureCountry>ישראל</ManufactureCountry><ManufacturerItemDescription>בייבי בלאק 900 גרם</ManufacturerItemDescription><SoldByWeight/><Quantity>1000.00</Quantity><UnitOfMeasure>ק"ג     </UnitOfMeasure><QtyInPackage>לא ידוע</QtyInPackage><UnitOfMeasurePrice>0.0523</UnitOfMeasurePrice><AllowDiscount>1</AllowDiscount><ItemStatus>1</ItemStatus><ItemPrice>52.30</ItemPrice></item><item><PriceUpdateDate>2014-11-10 06:30:26</PriceUpdateDate><ItemCode>7290000428239</ItemCode><ItemType>1</ItemType><ItemName>בייבי ריבת חלב 900 ג</ItemName><ManufacturerName>פילסברי</ManufacturerName><ManufactureCountry>ישראל</ManufactureCountry><ManufacturerItemDescription>בייבי ריבת חלב 900 ג</ManufacturerItemDescription><SoldByWeight/><Quantity>1000.00</Quantity><UnitOfMeasure>קג</UnitOfMeasure><QtyInPackage>לא ידוע</QtyInPackage><UnitOfMeasurePrice>0.0499</UnitOfMeasurePrice><AllowDiscount>1</AllowDiscount><ItemStatus>1</ItemStatus><ItemPrice>49.90</ItemPrice></item><item><PriceUpdateDate>2014-11-10 06:30:26</PriceUpdateDate><ItemCode>7290000428246</ItemCode><ItemType>1</ItemType><ItemName>רולדה גבינה אוכמניות</ItemName><ManufacturerName>פילסברי</ManufacturerName><ManufactureCountry>ישראל</ManufactureCountry><ManufacturerItemDescription>רולדה גבינה אוכמניות</ManufacturerItemDescription><SoldByWeight/><Quantity>1000.00</Quantity><UnitOfMeasure>ק"ג     </UnitOfMeasure><QtyInPackage>לא ידוע</QtyInPackage><UnitOfMeasurePrice>0.0436</UnitOfMeasurePrice><AllowDiscount>1</AllowDiscount><ItemStatus>1</ItemStatus><ItemPrice>43.60</ItemPrice></item><item><PriceUpdateDate>2014-11-10 06:30:26</PriceUpdateDate><ItemCode>7290000428253</ItemCode><ItemType>1</ItemType><ItemName>רולדה בלאק 450 גרם</ItemName><ManufacturerName>פילסברי</ManufacturerName><ManufactureCountry>ישראל</ManufactureCountry><ManufacturerItemDescription>רולדה בלאק 450 גרם</ManufacturerItemDescription><SoldByWeight/><Quantity>1000.00</Quantity><UnitOfMeasure>ק"ג     </UnitOfMeasure><QtyInPackage>לא ידוע</QtyInPackage><UnitOfMeasurePrice>0.0436</UnitOfMeasurePrice><AllowDiscount>1</AllowDiscount><ItemStatus>1</ItemStatus><ItemPrice>43.60</ItemPrice></item><item><PriceUpdateDate>2014-11-10 06:30:26</PriceUpdateDate><ItemCode>7290000428338</ItemCode><ItemType>1</ItemType><ItemName>עוגת שמרים שוקולד 50</ItemName><ManufacturerName>פילסברי</ManufacturerName><ManufactureCountry>ישראל</ManufactureCountry><ManufacturerItemDescription>עוגת שמרים שוקולד 50</ManufacturerItemDescription><SoldByWeight/><Quantity>1000.00</Quantity><UnitOfMeasure>ק"ג     </UnitOfMeasure><QtyInPackage>לא ידוע</QtyInPackage><UnitOfMeasurePrice>0.0187</UnitOfMeasurePrice><AllowDiscount>1</AllowDiscount><ItemStatus>1</ItemStatus><ItemPrice>18.70</ItemPrice></item><item><PriceUpdateDate>2016-08-02 07:34:09</PriceUpdateDate><ItemCode>7290000428390</ItemCode><ItemType>1</ItemType><ItemName>לחם אגוזים אפוי 500</ItemName><ManufacturerName>פילסברי</ManufacturerName><ManufactureCountry>ישראל</ManufactureCountry><ManufacturerItemDescription>לחם אגוזים אפוי 500</ManufacturerItemDescription><SoldByWeight/><Quantity>1000.00</Quantity><UnitOfMeasure>ק"ג     </UnitOfMeasure><QtyInPackage>לא ידוע</QtyInPackage><UnitOfMeasurePrice>0.0134</UnitOfMeasurePrice><AllowDiscount>1</AllowDiscount><ItemStatus>1</ItemStatus><ItemPrice>13.40</ItemPrice></item><item><PriceUpdateDate>2016-08-02 07:34:09</PriceUpdateDate><ItemCode>7290000428413</ItemCode><ItemType>1</ItemType><ItemName>לחם חיטה אפוי 500 גר</ItemName><ManufacturerName>פילסברי</ManufacturerName><ManufactureCountry>ישראל</ManufactureCountry><ManufacturerItemDescription>לחם חיטה אפוי 500 גר</ManufacturerItemDescription><SoldByWeight/><Quantity>1000.00</Quantity><UnitOfMeasure>קג</UnitOfMeasure><QtyInPackage>לא ידוע</QtyInPackage><UnitOfMeasurePrice>0.0126</UnitOfMeasurePrice><AllowDiscount>1</AllowDiscount><ItemStatus>1</ItemStatus><ItemPrice>12.60</ItemPrice></item><item><PriceUpdateDate>2015-10-22 10:36:29</PriceUpdateDate><ItemCode>7290000428475</ItemCode><ItemType>1</ItemType><ItemName>חלה עגולה פילסברי מת</ItemName><ManufacturerName>פילסברי</ManufacturerName><ManufactureCountry>ישראל</ManufactureCountry><ManufacturerItemDescription>חלת חג חצי אפויה</ManufacturerItemDescription><SoldByWeight/><Quantity>1000.00</Quantity><UnitOfMeasure>ק"ג     </UnitOfMeasure><QtyInPackage>לא ידוע</QtyInPackage><UnitOfMeasurePrice>0.0134</UnitOfMeasurePrice><AllowDiscount>1</AllowDiscount><ItemStatus>1</ItemStatus><ItemPrice>13.40</ItemPrice></item><item><PriceUpdateDate>2015-10-11 20:33:34</PriceUpdateDate><ItemCode>7290000428505</ItemCode><ItemType>1</ItemType><ItemName>אריסה מרוקאית ביטון</ItemName><ManufacturerName>תבליני ביטון יוחאי</ManufacturerName><ManufactureCountry>ישראל</ManufactureCountry><ManufacturerItemDescription>אריסה מרוקאית 250 גרם</ManufacturerItemDescription><SoldByWeight/><Quantity>250.00</Quantity><UnitOfMeasure>גרם     </UnitOfMeasure><QtyInPackage>לא ידוע</QtyInPackage><UnitOfMeasurePrice>0.0648</UnitOfMeasurePrice><AllowDiscount>1</AllowDiscount><ItemStatus>1</ItemStatus><ItemPrice>16.20</ItemPrice></item><item><PriceUpdateDate>2015-10-22 10:36:29</PriceUpdateDate><ItemCode>7290000428512</ItemCode><ItemType>1</ItemType><ItemName>גבינת שמנת 5% טבעי 2</ItemName><ManufacturerName>טרה</ManufacturerName><ManufactureCountry>ישראל</ManufactureCountry><ManufacturerItemDescription>גבינת שמנת 200 5% גרם</ManufacturerItemDescription><SoldByWeight/><Quantity>200.00</Quantity><UnitOfMeasure>גרם     </UnitOfMeasure><QtyInPackage>לא ידוע</QtyInPackage><UnitOfMeasurePrice>0.0590</UnitOfMeasurePrice><AllowDiscount>1</AllowDiscount><ItemStatus>1</ItemStatus><ItemPrice>11.80</ItemPrice></item><item><PriceUpdateDate>2015-10-22 10:36:29</PriceUpdateDate><ItemCode>7290000428529</ItemCode><ItemType>1</ItemType><ItemName>גבינת שמנת 9% עם זית</ItemName><ManufacturerName>טרה</ManufacturerName><ManufactureCountry>ישראל</ManufactureCountry><ManufacturerItemDescription>גבינת שמנת 9% עם זית</ManufacturerItemDescription><SoldByWeight/><Quantity>200.00</Quantity><UnitOfMeasure>גרם     </UnitOfMeasure><QtyInPackage>לא ידוע</QtyInPackage><UnitOfMeasurePrice>0.0590</UnitOfMeasurePrice><AllowDiscount>1</AllowDiscount><ItemStatus>1</ItemStatus><ItemPrice>11.80</ItemPrice></item><item><PriceUpdateDate>2015-11-24 11:09:36</PriceUpdateDate><ItemCode>7290000428840</ItemCode><ItemType>1</ItemType><ItemName>בירה טובורג פחית 0.5</ItemName><ManufacturerName>טובורג רד</ManufacturerName><ManufactureCountry>ישראל</ManufactureCountry><ManufacturerItemDescription>בירה טובורג פחית500 מל</ManufacturerItemDescription><SoldByWeight/><Quantity>330.00</Quantity><UnitOfMeasure>מ"ל</UnitOfMeasure><QtyInPackage>לא ידוע</QtyInPackage><UnitOfMeasurePrice>0.0300</UnitOfMeasurePrice><AllowDiscount>1</AllowDiscount><ItemStatus>1</ItemStatus><ItemPrice>9.90</ItemPrice></item><item><PriceUpdateDate>2016-08-02 07:38:03</PriceUpdateDate><ItemCode>7290000428949</ItemCode><ItemType>1</ItemType><ItemName>מב ממרח פרה שוקולד 5</ItemName><ManufacturerName>פרה</ManufacturerName><ManufactureCountry>ישראל</ManufactureCountry><ManufacturerItemDescription>ממרח שוקולד פרה 500 גר</ManufacturerItemDescription><SoldByWeight/><Quantity>500.00</Quantity><UnitOfMeasure>גרם     </UnitOfMeasure><QtyInPackage>לא ידוע</QtyInPackage><UnitOfMeasurePrice>0.0158</UnitOfMeasurePrice><AllowDiscount>1</AllowDiscount><ItemStatus>1</ItemStatus><ItemPrice>7.90</ItemPrice></item><item><PriceUpdateDate>2016-08-10 08:22:51</PriceUpdateDate><ItemCode>7290000429021</ItemCode><ItemType>1</ItemType><ItemName>צ'יטוס פיצה 60 גרם</ItemName><ManufacturerName>צ'יטוס</ManufacturerName><ManufactureCountry>ישראל</ManufactureCountry><ManufacturerItemDescription>צ'יטוס פיצה 60 גרם</ManufacturerItemDescription><SoldByWeight/><Quantity>14.00</Quantity><UnitOfMeasure>גרם     </UnitOfMeasure><QtyInPackage>לא ידוע</QtyInPackage><UnitOfMeasurePrice>0.3071</UnitOfMeasurePrice><AllowDiscount>1</AllowDiscount><ItemStatus>1</ItemStatus><ItemPrice>4.30</ItemPrice></item><item><PriceUpdateDate>2016-08-10 08:22:51</PriceUpdateDate><ItemCode>7290000429045</ItemCode><ItemType>1</ItemType><ItemName>מארז חטיף צ'יטוס כאפ</ItemName><ManufacturerName>צ'יטוס</ManufacturerName><ManufactureCountry>ישראל</ManufactureCountry><ManufacturerItemDescription>מארז חטיף צ'יטוס כאפ</ManufacturerItemDescription><SoldByWeight/><Quantity>150.00</Quantity><UnitOfMeasure>גרם     </UnitOfMeasure><QtyInPackage>לא ידוע</QtyInPackage><UnitOfMeasurePrice>0.0867</UnitOfMeasurePrice><AllowDiscount>1</AllowDiscount><ItemStatus>1</ItemStatus><ItemPrice>13.00</ItemPrice></item><item><PriceUpdateDate>2016-08-10 08:22:51</PriceUpdateDate><ItemCode>7290000429052</ItemCode><ItemType>1</ItemType><ItemName>צ'יטוס כאפה קטשופ 55</ItemName><ManufacturerName>צ'יטוס</ManufacturerName><ManufactureCountry>ישראל</ManufactureCountry><ManufacturerItemDescription>צ'יטוס כאפה קטשופ 55</ManufacturerItemDescription><SoldByWeight/><Quantity>14.00</Quantity><UnitOfMeasure>גרם     </UnitOfMeasure><QtyInPackage>לא ידוע</QtyInPackage><UnitOfMeasurePrice>0.3071</UnitOfMeasurePrice><AllowDiscount>1</AllowDiscount><ItemStatus>1</ItemStatus><ItemPrice>4.30</ItemPrice></item><item><PriceUpdateDate>2016-08-10 08:22:51</PriceUpdateDate><ItemCode>7290000430164</ItemCode><ItemType>1</ItemType><ItemName>גבינת טבורוג 500 גרם</ItemName><ManufacturerName>משק צוריאל</ManufacturerName><ManufactureCountry>ישראל</ManufactureCountry><ManufacturerItemDescription>גבינת טבורוג 500 גרם</ManufacturerItemDescription><SoldByWeight/><Quantity>500.00</Quantity><UnitOfMeasure>גרם     </UnitOfMeasure><QtyInPackage>לא ידוע</QtyInPackage><UnitOfMeasurePrice>0.0518</UnitOfMeasurePrice><AllowDiscount>1</AllowDiscount><ItemStatus>1</ItemStatus><ItemPrice>25.90</ItemPrice></item><item><PriceUpdateDate>2016-05-31 07:00:58</PriceUpdateDate><ItemCode>7290000430195</ItemCode><ItemType>1</ItemType><ItemName>דבש 350 גרם</ItemName><ManufacturerName>יד מרדכי</ManufacturerName><ManufactureCountry>ישראל</ManufactureCountry><ManufacturerItemDescription>דבש דבורים טהור350 גר</ManufacturerItemDescription><SoldByWeight/><Quantity>350.00</Quantity><UnitOfMeasure>גרם     </UnitOfMeasure><QtyInPackage>לא ידוע</QtyInPackage><UnitOfMeasurePrice>0.0540</UnitOfMeasurePrice><AllowDiscount>1</AllowDiscount><ItemStatus>1</ItemStatus><ItemPrice>18.90</ItemPrice></item><item><PriceUpdateDate>2015-10-22 10:36:29</PriceUpdateDate><ItemCode>7290000430218</ItemCode><ItemType>1</ItemType><ItemName>דבש 1 ק"ג</ItemName><ManufacturerName>יד מרדכי</ManufacturerName><ManufactureCountry>ישראל</ManufactureCountry><ManufacturerItemDescription>דבש 1 ק"ג</ManufacturerItemDescription><SoldByWeight/><Quantity>1000.00</Quantity><UnitOfMeasure>גרם     </UnitOfMeasure><QtyInPackage>לא ידוע</QtyInPackage><UnitOfMeasurePrice>0.0555</UnitOfMeasurePrice><AllowDiscount>1</AllowDiscount><ItemStatus>1</ItemStatus><ItemPrice>55.50</ItemPrice></item><item><PriceUpdateDate>2016-05-31 07:00:58</PriceUpdateDate><ItemCode>7290000430553</ItemCode><ItemType>1</ItemType><ItemName>שום דורות בצנצנת 200</ItemName><ManufacturerName>דורות</ManufacturerName><ManufactureCountry>ישראל</ManufactureCountry><ManufacturerItemDescription>שום כתוש דורות בצנצנת 200</ManufacturerItemDescription><SoldByWeight/><Quantity>200.00</Quantity><UnitOfMeasure>גרם     </UnitOfMeasure><QtyInPackage>לא ידוע</QtyInPackage><UnitOfMeasurePrice>0.0675</UnitOfMeasurePrice><AllowDiscount>1</AllowDiscount><ItemStatus>1</ItemStatus><ItemPrice>13.50</ItemPrice></item><item><PriceUpdateDate>2016-05-01 08:12:46</PriceUpdateDate><ItemCode>7290000430577</ItemCode><ItemType>1</ItemType><ItemName>קוביות שום טרי במגשי</ItemName><ManufacturerName>דורות</ManufacturerName><ManufactureCountry>ישראל</ManufactureCountry><ManufacturerItemDescription>שום כתוש מגשית 80 גר</ManufacturerItemDescription><SoldByWeight/><Quantity>80.00</Quantity><UnitOfMeasure>גרם     </UnitOfMeasure><QtyInPackage>לא ידוע</QtyInPackage><UnitOfMeasurePrice>0.1613</UnitOfMeasurePrice><AllowDiscount>1</AllowDiscount><ItemStatus>1</ItemStatus><ItemPrice>12.90</ItemPrice></item><item><PriceUpdateDate>2016-05-01 08:12:46</PriceUpdateDate><ItemCode>7290000430584</ItemCode><ItemType>1</ItemType><ItemName>בזיליקום טרי קצוץ 70</ItemName><ManufacturerName>דורות</ManufacturerName><ManufactureCountry>ישראל</ManufactureCountry><ManufacturerItemDescription>בזיליקום קצוץ 70 גר מגשית</ManufacturerItemDescription><SoldByWeight/><Quantity>14.00</Quantity><UnitOfMeasure>גרם     </UnitOfMeasure><QtyInPackage>לא ידוע</QtyInPackage><UnitOfMeasurePrice>0.8143</UnitOfMeasurePrice><AllowDiscount>1</AllowDiscount><ItemStatus>1</ItemStatus><ItemPrice>11.40</ItemPrice></item><item><PriceUpdateDate>2016-05-01 08:12:46</PriceUpdateDate><ItemCode>7290000430591</ItemCode><ItemType>1</ItemType><ItemName>פטרוזיליה טרייה קצוצ</ItemName><ManufacturerName>דורות</ManufacturerName><ManufactureCountry>ישראל</ManufactureCountry><ManufacturerItemDescription>פטרוזיליה טרייה קצוצה 70</ManufacturerItemDescription><SoldByWeight/><Quantity>14.00</Quantity><UnitOfMeasure>גרם     </UnitOfMeasure><QtyInPackage>לא ידוע</QtyInPackage><UnitOfMeasurePrice>0.8143</UnitOfMeasurePrice><AllowDiscount>1</AllowDiscount><ItemStatus>1</ItemStatus><ItemPrice>11.40</ItemPrice></item><item><PriceUpdateDate>2016-05-01 08:12:46</PriceUpdateDate><ItemCode>7290000430614</ItemCode><ItemType>1</ItemType><ItemName>כוסברה טרייה קצוצה 7</ItemName><ManufacturerName>דורות</ManufacturerName><ManufactureCountry>ישראל</ManufactureCountry><ManufacturerItemDescription>כוסברה טריה קצוצה</ManufacturerItemDescription><SoldByWeight/><Quantity>14.00</Quantity><UnitOfMeasure>גרם     </UnitOfMeasure><QtyInPackage>לא ידוע</QtyInPackage><UnitOfMeasurePrice>0.8143</UnitOfMeasurePrice><AllowDiscount>1</AllowDiscount><ItemStatus>1</ItemStatus><ItemPrice>11.40</ItemPrice></item><item><PriceUpdateDate>2016-03-17 09:36:34</PriceUpdateDate><ItemCode>7290000431253</ItemCode><ItemType>1</ItemType><ItemName>בצק עלים 1 ק"ג</ItemName><ManufacturerName>שלושת האופים</ManufacturerName><ManufactureCountry>ישראל</ManufactureCountry><ManufacturerItemDescription>בצק עלים מרודד 1 קג</ManufacturerItemDescription><SoldByWeight/><Quantity>1000.00</Quantity><UnitOfMeasure>גרם     </UnitOfMeasure><QtyInPackage>לא ידוע</QtyInPackage><UnitOfMeasurePrice>0.0199</UnitOfMeasurePrice><AllowDiscount>1</AllowDiscount><ItemStatus>1</ItemStatus><ItemPrice>19.90</ItemPrice></item><item><PriceUpdateDate>2015-11-18 13:57:20</PriceUpdateDate><ItemCode>7290000431260</ItemCode><ItemType>1</ItemType><ItemName>קונכיות בצק 8 יחידות</ItemName><ManufacturerName>שלושת האופים</ManufacturerName><ManufactureCountry>ישראל</ManufactureCountry><ManufacturerItemDescription>קונכיות בצק 8 יחידות</ManufacturerItemDescription><SoldByWeight/><Quantity>500.00</Quantity><UnitOfMeasure>גרם     </UnitOfMeasure><QtyInPackage>לא ידוע</QtyInPackage><UnitOfMeasurePrice>0.0530</UnitOfMeasurePrice><AllowDiscount>1</AllowDiscount><ItemStatus>1</ItemStatus><ItemPrice>26.50</ItemPrice></item><item><PriceUpdateDate>2016-06-28 09:28:12</PriceUpdateDate><ItemCode>7290000431307</ItemCode><ItemType>1</ItemType><ItemName>מב מיני בורקס תפו"א</ItemName><ManufacturerName>שלושת האופים</ManufacturerName><ManufactureCountry>ישראל</ManufactureCountry><ManufacturerItemDescription>מב מיני בורקס תפו"א</ManufacturerItemDescription><SoldByWeight/><Quantity>700.00</Quantity><UnitOfMeasure>גרם     </UnitOfMeasure><QtyInPackage>לא ידוע</QtyInPackage><UnitOfMeasurePrice>0.0229</UnitOfMeasurePrice><AllowDiscount>1</AllowDiscount><ItemStatus>1</ItemStatus><ItemPrice>16.00</ItemPrice></item><item><PriceUpdateDate>2015-11-18 13:57:21</PriceUpdateDate><ItemCode>7290000431321</ItemCode><ItemType>1</ItemType><ItemName>מים נביעות 0.5TO GO</ItemName><ManufacturerName>נביעות</ManufacturerName><ManufactureCountry>ישראל</ManufactureCountry><ManufacturerItemDescription>נביעות1/2 ל.ספורט</ManufacturerItemDescription><SoldByWeight/><Quantity>500.00</Quantity><UnitOfMeasure>מ"ל</UnitOfMeasure><QtyInPackage>לא ידוע</QtyInPackage><UnitOfMeasurePrice>0.0104</UnitOfMeasurePrice><AllowDiscount>1</AllowDiscount><ItemStatus>1</ItemStatus><ItemPrice>5.20</ItemPrice></item><item><PriceUpdateDate>2016-03-01 06:16:06</PriceUpdateDate><ItemCode>7290000431345</ItemCode><ItemType>1</ItemType><ItemName>מים נביעות ענבים עדי</ItemName><ManufacturerName>נביעות</ManufacturerName><ManufactureCountry>ישראל</ManufactureCountry><ManufacturerItemDescription>נביעות +ענבים 1.5 ליטר</ManufacturerItemDescription><SoldByWeight/><Quantity>1500.00</Quantity><UnitOfMeasure>מ"ל</UnitOfMeasure><QtyInPackage>לא ידוע</QtyInPackage><UnitOfMeasurePrice>0.0058</UnitOfMeasurePrice><AllowDiscount>1</AllowDiscount><ItemStatus>1</ItemStatus><ItemPrice>8.70</ItemPrice></item><item><PriceUpdateDate>2016-08-10 08:22:51</PriceUpdateDate><ItemCode>7290000431390</ItemCode><ItemType>1</ItemType><ItemName>מים נביעות 1.5 ליטר</ItemName><ManufacturerName>נביעות</ManufacturerName><ManufactureCountry>ישראל</ManufactureCountry><ManufacturerItemDescription>נביעות1.5 ל .מים מינרלים</ManufacturerItemDescription><SoldByWeight/><Quantity>1500.00</Quantity><UnitOfMeasure>מ"ל</UnitOfMeasure><QtyInPackage>לא ידוע</QtyInPackage><UnitOfMeasurePrice>0.0028</UnitOfMeasurePrice><AllowDiscount>1</AllowDiscount><ItemStatus>1</ItemStatus><ItemPrice>4.20</ItemPrice></item><item><PriceUpdateDate>2016-03-01 06:16:06</PriceUpdateDate><ItemCode>7290000431406</ItemCode><ItemType>1</ItemType><ItemName>מיים נביעות אפרסק עד</ItemName><ManufacturerName>נביעות</ManufacturerName><ManufactureCountry>ישראל</ManufactureCountry><ManufacturerItemDescription>נביעות +אפרסק 1.5 ליטר</ManufacturerItemDescription><SoldByWeight/><Quantity>1500.00</Quantity><UnitOfMeasure>מ"ל</UnitOfMeasure><QtyInPackage>לא ידוע</QtyInPackage><UnitOfMeasurePrice>0.0058</UnitOfMeasurePrice><AllowDiscount>1</AllowDiscount><ItemStatus>1</ItemStatus><ItemPrice>8.70</ItemPrice></item><item><PriceUpdateDate>2016-08-02 07:34:09</PriceUpdateDate><ItemCode>7290000431413</ItemCode><ItemType>1</ItemType><ItemName>מב מים נביעות שישייה</ItemName><ManufacturerName>נביעות</ManufacturerName><ManufactureCountry>ישראל</ManufactureCountry><ManufacturerItemDescription>נביעות 1.5 1/6 מים מינרלי</ManufacturerItemDescription><SoldByWeight/><Quantity>9000.00</Quantity><UnitOfMeasure>מ"ל</UnitOfMeasure><QtyInPackage>לא ידוע</QtyInPackage><UnitOfMeasurePrice>0.0013</UnitOfMeasurePrice><AllowDiscount>1</AllowDiscount><ItemStatus>1</ItemStatus><ItemPrice>11.60</ItemPrice></item><item><PriceUpdateDate>2016-06-28 09:30:22</PriceUpdateDate><ItemCode>7290000431420</ItemCode><ItemType>1</ItemType><ItemName>מב נביעות חצי ליטר ש</ItemName><ManufacturerName>נביעות</ManufacturerName><ManufactureCountry>ישראל</ManufactureCountry><ManufacturerItemDescription>נביעות TO GO מל</ManufacturerItemDescription><SoldByWeight/><Quantity>3000.00</Quantity><UnitOfMeasure>מ"ל</UnitOfMeasure><QtyInPackage>לא ידוע</QtyInPackage><UnitOfMeasurePrice>0.0036</UnitOfMeasurePrice><AllowDiscount>1</AllowDiscount><ItemStatus>1</ItemStatus><ItemPrice>10.90</ItemPrice></item><item><PriceUpdateDate>2015-11-18 13:57:21</PriceUpdateDate><ItemCode>7290000431536</ItemCode><ItemType>1</ItemType><ItemName>פטריות חתוך 8 אונס</ItemName><ManufacturerName>ויליגר</ManufacturerName><ManufactureCountry>ישראל</ManufactureCountry><ManufacturerItemDescription>פטריות חתוך 8 אונס</ManufacturerItemDescription><SoldByWeight/><Quantity>290.00</Quantity><UnitOfMeasure>גרם     </UnitOfMeasure><QtyInPackage>לא ידוע</QtyInPackage><UnitOfMeasurePrice>0.0234</UnitOfMeasurePrice><AllowDiscount>1</AllowDiscount><ItemStatus>1</ItemStatus><ItemPrice>6.80</ItemPrice></item><item><PriceUpdateDate>2015-11-18 13:57:21</PriceUpdateDate><ItemCode>7290000431574</ItemCode><ItemType>1</ItemType><ItemName>מקלוני אורז ויליגר 3</ItemName><ManufacturerName>ויליגר</ManufacturerName><ManufactureCountry>ישראל</ManufactureCountry><ManufacturerItemDescription>מקלוני אורז ויליגר 3</ManufacturerItemDescription><SoldByWeight/><Quantity>300.00</Quantity><UnitOfMeasure>גרם     </UnitOfMeasure><QtyInPackage>לא ידוע</QtyInPackage><UnitOfMeasurePrice>0.0193</UnitOfMeasurePrice><AllowDiscount>1</AllowDiscount><ItemStatus>1</ItemStatus><ItemPrice>5.80</ItemPrice></item><item><PriceUpdateDate>2016-08-02 07:38:03</PriceUpdateDate><ItemCode>7290000431598</ItemCode><ItemType>1</ItemType><ItemName>מב סרדין רוברט בשמן</ItemName><ManufacturerName>רוברט</ManufacturerName><ManufactureCountry>ישראל</ManufactureCountry><ManufacturerItemDescription>סרדינים בשמן זיתוברט125ג</ManufacturerItemDescription><SoldByWeight/><Quantity>85.00</Quantity><UnitOfMeasure>גרם     </UnitOfMeasure><QtyInPackage>לא ידוע</QtyInPackage><UnitOfMeasurePrice>0.0812</UnitOfMeasurePrice><AllowDiscount>1</AllowDiscount><ItemStatus>1</ItemStatus><ItemPrice>6.90</ItemPrice></item><item><PriceUpdateDate>2016-08-02 07:38:03</PriceUpdateDate><ItemCode>7290000431741</ItemCode><ItemType>1</ItemType><ItemName>מב מארז זוג נקניק 60</ItemName><ManufacturerName>טירת צבי</ManufacturerName><ManufactureCountry>ישראל</ManufactureCountry><ManufacturerItemDescription>מארז זוגות פסטרמה כפרית 6</ManufacturerItemDescription><SoldByWeight/><Quantity>600.00</Quantity><UnitOfMeasure>גרם     </UnitOfMeasure><QtyInPackage>לא ידוע</QtyInPackage><UnitOfMeasurePrice>0.0498</UnitOfMeasurePrice><AllowDiscount>1</AllowDiscount><ItemStatus>1</ItemStatus><ItemPrice>29.90</ItemPrice></item><item><PriceUpdateDate>2016-08-02 07:34:10</PriceUpdateDate><ItemCode>7290000431796</ItemCode><ItemType>1</ItemType><ItemName>מב נקניקיות חריפות 1</ItemName><ManufacturerName>טירת צבי</ManufacturerName><ManufactureCountry>ישראל</ManufactureCountry><ManufacturerItemDescription>מב נקניקיות חריפות 1</ManufacturerItemDescription><SoldByWeight/><Quantity>1000.00</Quantity><UnitOfMeasure>גרם     </UnitOfMeasure><QtyInPackage>לא ידוע</QtyInPackage><UnitOfMeasurePrice>0.0280</UnitOfMeasurePrice><AllowDiscount>1</AllowDiscount><ItemStatus>1</ItemStatus><ItemPrice>28.00</ItemPrice></item><item><PriceUpdateDate>2016-05-18 10:44:25</PriceUpdateDate><ItemCode>7290000432243</ItemCode><ItemType>1</ItemType><ItemName>מאפינס שוקו ציפס 550</ItemName><ManufacturerName>פילסברי</ManufacturerName><ManufactureCountry>ישראל</ManufactureCountry><ManufacturerItemDescription>מאפינס שוקו ציפס 550</ManufacturerItemDescription><SoldByWeight/><Quantity>1000.00</Quantity><UnitOfMeasure>ק"ג     </UnitOfMeasure><QtyInPackage>לא ידוע</QtyInPackage><UnitOfMeasurePrice>0.0199</UnitOfMeasurePrice><AllowDiscount>1</AllowDiscount><ItemStatus>1</ItemStatus><ItemPrice>19.90</ItemPrice></item><item><PriceUpdateDate>2016-06-30 06:41:29</PriceUpdateDate><ItemCode>7290000432632</ItemCode><ItemType>1</ItemType><ItemName>נרות שבת מס' 4</ItemName><ManufacturerName>נר ציון</ManufacturerName><ManufactureCountry>ישראל</ManufactureCountry><ManufacturerItemDescription>נרות שבת מס .180-4גר</ManufacturerItemDescription><SoldByWeight/><Quantity>0.00</Quantity><UnitOfMeasure>יח'</UnitOfMeasure><QtyInPackage>לא ידוע</QtyInPackage><UnitOfMeasurePrice>0.0000</UnitOfMeasurePrice><AllowDiscount>1</AllowDiscount><ItemStatus>1</ItemStatus><ItemPrice>4.30</ItemPrice></item><item><PriceUpdateDate>2016-06-30 06:41:29</PriceUpdateDate><ItemCode>7290000432656</ItemCode><ItemType>1</ItemType><ItemName>נרות שבת מס' 8</ItemName><ManufacturerName>נר ציון</ManufacturerName><ManufactureCountry>ישראל</ManufactureCountry><ManufacturerItemDescription>נרות שבת מס .180-8גר</ManufacturerItemDescription><SoldByWeight/><Quantity>1.00</Quantity><UnitOfMeasure>יח'</UnitOfMeasure><QtyInPackage>לא ידוע</QtyInPackage><UnitOfMeasurePrice>4.3000</UnitOfMeasurePrice><AllowDiscount>1</AllowDiscount><ItemStatus>1</ItemStatus><ItemPrice>4.30</ItemPrice></item><item><PriceUpdateDate>2016-06-30 06:41:29</PriceUpdateDate><ItemCode>7290000432663</ItemCode><ItemType>1</ItemType><ItemName>נרות שבת מס' 10</ItemName><ManufacturerName>נר ציון</ManufacturerName><ManufactureCountry>ישראל</ManufactureCountry><ManufacturerItemDescription>נרות שבת מס .180-10גר</ManufacturerItemDescription><SoldByWeight/><Quantity>1.00</Quantity><UnitOfMeasure>יח'</UnitOfMeasure><QtyInPackage>לא ידוע</QtyInPackage><UnitOfMeasurePrice>4.3000</UnitOfMeasurePrice><AllowDiscount>1</AllowDiscount><ItemStatus>1</ItemStatus><ItemPrice>4.30</ItemPrice></item><item><PriceUpdateDate>2016-06-30 06:41:29</PriceUpdateDate><ItemCode>7290000432670</ItemCode><ItemType>1</ItemType><ItemName>נרות שבת מס' 12</ItemName><ManufacturerName>נר ציון</ManufacturerName><ManufactureCountry>ישראל</ManufactureCountry><ManufacturerItemDescription>נרות שבת מס' 12</ManufacturerItemDescription><SoldByWeight/><Quantity>1.00</Quantity><UnitOfMeasure>יח'</UnitOfMeasure><QtyInPackage>לא ידוע</QtyInPackage><UnitOfMeasurePrice>4.3000</UnitOfMeasurePrice><AllowDiscount>1</AllowDiscount><ItemStatus>1</ItemStatus><ItemPrice>4.30</ItemPrice></item><item><PriceUpdateDate>2016-05-31 07:00:58</PriceUpdateDate><ItemCode>7290000433080</ItemCode><ItemType>1</ItemType><ItemName>טונה סטארקיסט בשמן 1</ItemName><ManufacturerName>סטארקיסט</ManufacturerName><ManufactureCountry>ישראל</ManufactureCountry><ManufacturerItemDescription>טונה סטארקיסט בשמן160 גר</ManufacturerItemDescription><SoldByWeight/><Quantity>112.00</Quantity><UnitOfMeasure>גרם     </UnitOfMeasure><QtyInPackage>לא ידוע</QtyInPackage><UnitOfMeasurePrice>0.0607</UnitOfMeasurePrice><AllowDiscount>1</AllowDiscount><ItemStatus>1</ItemStatus><ItemPrice>6.80</ItemPrice></item><item><PriceUpdateDate>2016-05-31 07:00:58</PriceUpdateDate><ItemCode>7290000433097</ItemCode><ItemType>1</ItemType><ItemName>טונה סטארקיסט במים 1</ItemName><ManufacturerName>סטארקיסט</ManufacturerName><ManufactureCountry>ישראל</ManufactureCountry><ManufacturerItemDescription>טונה סטארקיסט במים160 גר</ManufacturerItemDescription><SoldByWeight/><Quantity>112.00</Quantity><UnitOfMeasure>גרם     </UnitOfMeasure><QtyInPackage>לא ידוע</QtyInPackage><UnitOfMeasurePrice>0.0607</UnitOfMeasurePrice><AllowDiscount>1</AllowDiscount><ItemStatus>1</ItemStatus><ItemPrice>6.80</ItemPrice></item><item><PriceUpdateDate>2016-08-10 08:23:46</PriceUpdateDate><ItemCode>7290000433684</ItemCode><ItemType>1</ItemType><ItemName>פפסי קולה 1.5 ליטר</ItemName><ManufacturerName>פפסי</ManufacturerName><ManufactureCountry>ישראל</ManufactureCountry><ManufacturerItemDescription>פפסי קולה 1.5  ל</ManufacturerItemDescription><SoldByWeight/><Quantity>1500.00</Quantity><UnitOfMeasure>מ"ל</UnitOfMeasure><QtyInPackage>לא ידוע</QtyInPackage><UnitOfMeasurePrice>0.0046</UnitOfMeasurePrice><AllowDiscount>0</AllowDiscount><ItemStatus>1</ItemStatus><ItemPrice>6.90</ItemPrice></item><item><PriceUpdateDate>2016-08-10 08:23:46</PriceUpdateDate><ItemCode>7290000433714</ItemCode><ItemType>1</ItemType><ItemName>סבן אפ 1.5 ליטר</ItemName><ManufacturerName>7 אפ</ManufacturerName><ManufactureCountry>ישראל</ManufactureCountry><ManufacturerItemDescription>פפסי סבנאפ 1.5  ל</ManufacturerItemDescription><SoldByWeight/><Quantity>1500.00</Quantity><UnitOfMeasure>מ"ל</UnitOfMeasure><QtyInPackage>לא ידוע</QtyInPackage><UnitOfMeasurePrice>0.0046</UnitOfMeasurePrice><AllowDiscount>1</AllowDiscount><ItemStatus>1</ItemStatus><ItemPrice>6.90</ItemPrice></item><item><PriceUpdateDate>2015-10-22 10:37:12</PriceUpdateDate><ItemCode>7290000433745</ItemCode><ItemType>1</ItemType><ItemName>מירנדה 1.5 ליטר</ItemName><ManufacturerName>מירינדה תפוז</ManufacturerName><ManufactureCountry>ישראל</ManufactureCountry><ManufacturerItemDescription>פפסי מירינדה 1.5  ל</ManufacturerItemDescription><SoldByWeight/><Quantity>1500.00</Quantity><UnitOfMeasure>מ"ל</UnitOfMeasure><QtyInPackage>לא ידוע</QtyInPackage><UnitOfMeasurePrice>0.0049</UnitOfMeasurePrice><AllowDiscount>0</AllowDiscount><ItemStatus>1</ItemStatus><ItemPrice>7.30</ItemPrice></item><item><PriceUpdateDate>2016-08-10 08:23:46</PriceUpdateDate><ItemCode>7290000433899</ItemCode><ItemType>1</ItemType><ItemName>סבן אפ דיאט 1.5 ליטר</ItemName><ManufacturerName>7 אפ דיאט</ManufacturerName><ManufactureCountry>ישראל</ManufactureCountry><ManufacturerItemDescription>פפסי סבנאפ דיאט 1.5  ל</ManufacturerItemDescription><SoldByWeight/><Quantity>1500.00</Quantity><UnitOfMeasure>מ"ל</UnitOfMeasure><QtyInPackage>לא ידוע</QtyInPackage><UnitOfMeasurePrice>0.0046</UnitOfMeasurePrice><AllowDiscount>1</AllowDiscount><ItemStatus>1</ItemStatus><ItemPrice>6.90</ItemPrice></item><item><PriceUpdateDate>2016-08-10 08:22:51</PriceUpdateDate><ItemCode>7290000433912</ItemCode><ItemType>1</ItemType><ItemName>מג'יק ארוחת אטריות ט</ItemName><ManufacturerName>מגיק</ManufacturerName><ManufactureCountry>ישראל</ManufactureCountry><ManufacturerItemDescription>תבשיל מגיק בכוס עוף 70 ג</ManufacturerItemDescription><SoldByWeight/><Quantity>14.00</Quantity><UnitOfMeasure>גרם     </UnitOfMeasure><QtyInPackage>לא ידוע</QtyInPackage><UnitOfMeasurePrice>0.4857</UnitOfMeasurePrice><AllowDiscount>1</AllowDiscount><ItemStatus>1</ItemStatus><ItemPrice>6.80</ItemPrice></item><item><PriceUpdateDate>2016-08-10 08:22:51</PriceUpdateDate><ItemCode>7290000433950</ItemCode><ItemType>1</ItemType><ItemName>מג'יק ארוחת אטריות ט</ItemName><ManufacturerName>מגיק</ManufacturerName><ManufactureCountry>ישראל</ManufactureCountry><ManufacturerItemDescription>תבשיל מגיק בכוס ירקות סינ</ManufacturerItemDescription><SoldByWeight/><Quantity>14.00</Quantity><UnitOfMeasure>גרם     </UnitOfMeasure><QtyInPackage>לא ידוע</QtyInPackage><UnitOfMeasurePrice>0.4857</UnitOfMeasurePrice><AllowDiscount>1</AllowDiscount><ItemStatus>1</ItemStatus><ItemPrice>6.80</ItemPrice></item><item><PriceUpdateDate>2015-12-01 12:34:05</PriceUpdateDate><ItemCode>7290000433967</ItemCode><ItemType>1</ItemType><ItemName>פיצה דקה עגולה בודד</ItemName><ManufacturerName>שלושת האופים</ManufacturerName><ManufactureCountry>ישראל</ManufactureCountry><ManufacturerItemDescription>פיצה דקה עגולה בודד</ManufacturerItemDescription><SoldByWeight/><Quantity>0.00</Quantity><UnitOfMeasure>יח'</UnitOfMeasure><QtyInPackage>לא ידוע</QtyInPackage><UnitOfMeasurePrice>0.0000</UnitOfMeasurePrice><AllowDiscount>1</AllowDiscount><ItemStatus>1</ItemStatus><ItemPrice>2.50</ItemPrice></item><item><PriceUpdateDate>2016-08-10 08:23:46</PriceUpdateDate><ItemCode>7290000433974</ItemCode><ItemType>1</ItemType><ItemName>פפסי מקס 1.5 ליטר</ItemName><ManufacturerName>פפסי מקס</ManufacturerName><ManufactureCountry>ישראל</ManufactureCountry><ManufacturerItemDescription>פפסי קולה מקס 1.5 ללא סוכ</ManufacturerItemDescription><SoldByWeight/><Quantity>1500.00</Quantity><UnitOfMeasure>מ"ל</UnitOfMeasure><QtyInPackage>לא ידוע</QtyInPackage><UnitOfMeasurePrice>0.0046</UnitOfMeasurePrice><AllowDiscount>0</AllowDiscount><ItemStatus>1</ItemStatus><ItemPrice>6.90</ItemPrice></item><item><PriceUpdateDate>2016-06-28 09:28:13</PriceUpdateDate><ItemCode>7290000434049</ItemCode><ItemType>1</ItemType><ItemName>כריות צוקולדה 750 גר</ItemName><ManufacturerName>כריות</ManufacturerName><ManufactureCountry>ישראל</ManufactureCountry><ManufacturerItemDescription>כריות צוקולדה 750 גר</ManufacturerItemDescription><SoldByWeight/><Quantity>750.00</Quantity><UnitOfMeasure>גרם     </UnitOfMeasure><QtyInPackage>לא ידוע</QtyInPackage><UnitOfMeasurePrice>0.0380</UnitOfMeasurePrice><AllowDiscount>1</AllowDiscount><ItemStatus>1</ItemStatus><ItemPrice>28.50</ItemPrice></item><item><PriceUpdateDate>2016-08-10 08:22:51</PriceUpdateDate><ItemCode>7290000434063</ItemCode><ItemType>1</ItemType><ItemName>חטיף דגנים שוגי פצפו</ItemName><ManufacturerName>שוגי</ManufacturerName><ManufactureCountry>ישראל</ManufactureCountry><ManufacturerItemDescription>חטיף דגנים פצפוצי שוקו 18</ManufacturerItemDescription><SoldByWeight/><Quantity>184.00</Quantity><UnitOfMeasure>גרם     </UnitOfMeasure><QtyInPackage>לא ידוע</QtyInPackage><UnitOfMeasurePrice>0.1245</UnitOfMeasurePrice><AllowDiscount>1</AllowDiscount><ItemStatus>1</ItemStatus><ItemPrice>22.90</ItemPrice></item><item><PriceUpdateDate>2016-03-24 12:43:08</PriceUpdateDate><ItemCode>7290000434452</ItemCode><ItemType>1</ItemType><ItemName>סוכריות מנטוס פירות</ItemName><ManufacturerName>מנטוס</ManufacturerName><ManufactureCountry>הולנד</ManufactureCountry><ManufacturerItemDescription>סוכריות מנטוס   רות37.5ג</ManufacturerItemDescription><SoldByWeight/><Quantity>0.00</Quantity><UnitOfMeasure>יח'</UnitOfMeasure><QtyInPackage>לא ידוע</QtyInPackage><UnitOfMeasurePrice>0.0000</UnitOfMeasurePrice><AllowDiscount>1</AllowDiscount><ItemStatus>1</ItemStatus><ItemPrice>3.90</ItemPrice></item><item><PriceUpdateDate>2016-03-24 12:43:09</PriceUpdateDate><ItemCode>7290000434469</ItemCode><ItemType>1</ItemType><ItemName>סוכריות מנטוס מנטה ב</ItemName><ManufacturerName>מנטוס</ManufacturerName><ManufactureCountry>הולנד</ManufactureCountry><ManufacturerItemDescription>סוכריות מנטוס   37.5 גרם</ManufacturerItemDescription><SoldByWeight/><Quantity>0.00</Quantity><UnitOfMeasure>יח'</UnitOfMeasure><QtyInPackage>לא ידוע</QtyInPackage><UnitOfMeasurePrice>0.0000</UnitOfMeasurePrice><AllowDiscount>1</AllowDiscount><ItemStatus>1</ItemStatus><ItemPrice>3.90</ItemPrice></item><item><PriceUpdateDate>2016-08-02 07:38:04</PriceUpdateDate><ItemCode>7290000434575</ItemCode><ItemType>1</ItemType><ItemName>מב מלוואח שלושת האופ</ItemName><ManufacturerName>שלושת האופים</ManufacturerName><ManufactureCountry>ישראל</ManufactureCountry><ManufacturerItemDescription>מלאווח 700 גרם שלושת האופ</ManufacturerItemDescription><SoldByWeight/><Quantity>700.00</Quantity><UnitOfMeasure>גרם     </UnitOfMeasure><QtyInPackage>לא ידוע</QtyInPackage><UnitOfMeasurePrice>0.0184</UnitOfMeasurePrice><AllowDiscount>1</AllowDiscount><ItemStatus>1</ItemStatus><ItemPrice>12.90</ItemPrice></item><item><PriceUpdateDate>2015-11-18 13:57:22</PriceUpdateDate><ItemCode>7290000434667</ItemCode><ItemType>1</ItemType><ItemName>קציצות דג מבושלות 75</ItemName><ManufacturerName>דלידג</ManufacturerName><ManufactureCountry>ישראל</ManufactureCountry><ManufacturerItemDescription>קציצות דג לבישול 750 גרם</ManufacturerItemDescription><SoldByWeight/><Quantity>750.00</Quantity><UnitOfMeasure>גרם     </UnitOfMeasure><QtyInPackage>לא ידוע</QtyInPackage><UnitOfMeasurePrice>0.0439</UnitOfMeasurePrice><AllowDiscount>1</AllowDiscount><ItemStatus>1</ItemStatus><ItemPrice>32.90</ItemPrice></item><item><PriceUpdateDate>2016-08-02 07:38:04</PriceUpdateDate><ItemCode>7290000434841</ItemCode><ItemType>1</ItemType><ItemName>מב ריבת חלב עם קוקוס</ItemName><ManufacturerName>ריץ</ManufacturerName><ManufactureCountry>ישראל</ManufactureCountry><ManufacturerItemDescription>מב ריבת חלב עם קוקוס</ManufacturerItemDescription><SoldByWeight/><Quantity>1000.00</Quantity><UnitOfMeasure>גרם     </UnitOfMeasure><QtyInPackage>לא ידוע</QtyInPackage><UnitOfMeasurePrice>0.0499</UnitOfMeasurePrice><AllowDiscount>1</AllowDiscount><ItemStatus>1</ItemStatus><ItemPrice>49.90</ItemPrice></item><item><PriceUpdateDate>2016-08-02 07:38:05</PriceUpdateDate><ItemCode>7290000434865</ItemCode><ItemType>1</ItemType><ItemName>מב טורט מצופה שוקולד</ItemName><ManufacturerName>ריץ</ManufacturerName><ManufactureCountry>ישראל</ManufactureCountry><ManufacturerItemDescription>מב טורט מצופה שוקולד</ManufacturerItemDescription><SoldByWeight/><Quantity>1000.00</Quantity><UnitOfMeasure>גרם     </UnitOfMeasure><QtyInPackage>לא ידוע</QtyInPackage><UnitOfMeasurePrice>0.0499</UnitOfMeasurePrice><AllowDiscount>1</AllowDiscount><ItemStatus>1</ItemStatus><ItemPrice>49.90</ItemPrice></item><item><PriceUpdateDate>2016-08-02 07:38:05</PriceUpdateDate><ItemCode>7290000434872</ItemCode><ItemType>1</ItemType><ItemName>מב טורט היער השחור ר</ItemName><ManufacturerName>ריץ</ManufacturerName><ManufactureCountry>ישראל</ManufactureCountry><ManufacturerItemDescription>עוגת טורט היער השחור  ריץ</ManufacturerItemDescription><SoldByWeight/><Quantity>1000.00</Quantity><UnitOfMeasure>גרם     </UnitOfMeasure><QtyInPackage>לא ידוע</QtyInPackage><UnitOfMeasurePrice>0.0499</UnitOfMeasurePrice><AllowDiscount>1</AllowDiscount><ItemStatus>1</ItemStatus><ItemPrice>49.90</ItemPrice></item><item><PriceUpdateDate>2016-08-02 07:38:05</PriceUpdateDate><ItemCode>7290000434902</ItemCode><ItemType>1</ItemType><ItemName>מב עוגת מוס בלגי ריץ</ItemName><ManufacturerName>ריץ</ManufacturerName><ManufactureCountry>ישראל</ManufactureCountry><ManufacturerItemDescription>עוגת מוס בלגי  ריץ</ManufacturerItemDescription><SoldByWeight/><Quantity>850.00</Quantity><UnitOfMeasure>גרם     </UnitOfMeasure><QtyInPackage>לא ידוע</QtyInPackage><UnitOfMeasurePrice>0.0587</UnitOfMeasurePrice><AllowDiscount>1</AllowDiscount><ItemStatus>1</ItemStatus><ItemPrice>49.90</ItemPrice></item><item><PriceUpdateDate>2016-02-11 08:21:14</PriceUpdateDate><ItemCode>7290000435060</ItemCode><ItemType>1</ItemType><ItemName>גבינת סקי 5% 500 גרם</ItemName><ManufacturerName>שטראוס</ManufacturerName><ManufactureCountry>ישראל</ManufactureCountry><ManufacturerItemDescription>גבינה סקי 500 5% גרם</ManufacturerItemDescription><SoldByWeight/><Quantity>500.00</Quantity><UnitOfMeasure>גרם     </UnitOfMeasure><QtyInPackage>לא ידוע</QtyInPackage><UnitOfMeasurePrice>0.0184</UnitOfMeasurePrice><AllowDiscount>0</AllowDiscount><ItemStatus>1</ItemStatus><ItemPrice>9.20</ItemPrice></item><item><PriceUpdateDate>2015-10-11 20:33:35</PriceUpdateDate><ItemCode>7290000435077</ItemCode><ItemType>1</ItemType><ItemName>דנונה טבעי 0% 200 גר</ItemName><ManufacturerName>דנונה</ManufacturerName><ManufactureCountry>ישראל</ManufactureCountry><ManufacturerItemDescription>דנונה 200 -0% גרם</ManufacturerItemDescription><SoldByWeight/><Quantity>200.00</Quantity><UnitOfMeasure>גרם     </UnitOfMeasure><QtyInPackage>לא ידוע</QtyInPackage><UnitOfMeasurePrice>0.0200</UnitOfMeasurePrice><AllowDiscount>1</AllowDiscount><ItemStatus>1</ItemStatus><ItemPrice>4.00</ItemPrice></item><item><PriceUpdateDate>2016-02-11 08:21:14</PriceUpdateDate><ItemCode>7290000435091</ItemCode><ItemType>1</ItemType><ItemName>גבינת סקי 5% 250 גרם</ItemName><ManufacturerName>שטראוס</ManufacturerName><ManufactureCountry>ישראל</ManufactureCountry><ManufacturerItemDescription>גבינה סקי 250 5% גר   .פי</ManufacturerItemDescription><SoldByWeight/><Quantity>250.00</Quantity><UnitOfMeasure>גרם     </UnitOfMeasure><QtyInPackage>לא ידוע</QtyInPackage><UnitOfMeasurePrice>0.0184</UnitOfMeasurePrice><AllowDiscount>1</AllowDiscount><ItemStatus>1</ItemStatus><ItemPrice>4.60</ItemPrice></item><item><PriceUpdateDate>2016-08-02 07:34:10</PriceUpdateDate><ItemCode>7290000435138</ItemCode><ItemType>1</ItemType><ItemName>סלט כרוב אדום אחלה 5</ItemName><ManufacturerName>אחלה</ManufacturerName><ManufactureCountry>ישראל</ManufactureCountry><ManufacturerItemDescription>סלט 500כרוב אדום אחלה</ManufacturerItemDescription><SoldByWeight/><Quantity>500.00</Quantity><UnitOfMeasure>גרם     </UnitOfMeasure><QtyInPackage>לא ידוע</QtyInPackage><UnitOfMeasurePrice>0.0298</UnitOfMeasurePrice><AllowDiscount>1</AllowDiscount><ItemStatus>1</ItemStatus><ItemPrice>14.90</ItemPrice></item><item><PriceUpdateDate>2016-05-01 08:12:46</PriceUpdateDate><ItemCode>7290000435169</ItemCode><ItemType>1</ItemType><ItemName>גפילטע פיש דלידג 520</ItemName><ManufacturerName>לא ממותג</ManufacturerName><ManufactureCountry>ישראל</ManufactureCountry><ManufacturerItemDescription>גפילטע פיש בצנצנת 520 גרם</ManufacturerItemDescription><SoldByWeight/><Quantity>520.00</Quantity><UnitOfMeasure>גרם     </UnitOfMeasure><QtyInPackage>לא ידוע</QtyInPackage><UnitOfMeasurePrice>0.0306</UnitOfMeasurePrice><AllowDiscount>0</AllowDiscount><ItemStatus>1</ItemStatus><ItemPrice>15.90</ItemPrice></item><item><PriceUpdateDate>2015-10-22 10:36:30</PriceUpdateDate><ItemCode>7290000435398</ItemCode><ItemType>1</ItemType><ItemName>גבינה מותכת למריחה 1</ItemName><ManufacturerName>טרה</ManufacturerName><ManufactureCountry>ישראל</ManufactureCountry><ManufacturerItemDescription>גבינה מותכת למריחה 1</ManufacturerItemDescription><SoldByWeight/><Quantity>100.00</Quantity><UnitOfMeasure>גרם     </UnitOfMeasure><QtyInPackage>לא ידוע</QtyInPackage><UnitOfMeasurePrice>0.0710</UnitOfMeasurePrice><AllowDiscount>1</AllowDiscount><ItemStatus>1</ItemStatus><ItemPrice>7.10</ItemPrice></item><item><PriceUpdateDate>2015-11-18 14:01:14</PriceUpdateDate><ItemCode>7290000435411</ItemCode><ItemType>1</ItemType><ItemName>קוטג' 5% טרה 250 גרם</ItemName><ManufacturerName>טרה</ManufacturerName><ManufactureCountry>ישראל</ManufactureCountry><ManufacturerItemDescription>קוטג מועשר 250 5% גרם</ManufacturerItemDescription><SoldByWeight/><Quantity>250.00</Quantity><UnitOfMeasure>גרם     </UnitOfMeasure><QtyInPackage>לא ידוע</QtyInPackage><UnitOfMeasurePrice>0.0228</UnitOfMeasurePrice><AllowDiscount>1</AllowDiscount><ItemStatus>1</ItemStatus><ItemPrice>5.70</ItemPrice></item><item><PriceUpdateDate>2015-11-24 11:09:36</PriceUpdateDate><ItemCode>7290000435428</ItemCode><ItemType>1</ItemType><ItemName>בירה טובורג בקבוק חו</ItemName><ManufacturerName>טובורג רד</ManufacturerName><ManufactureCountry>ישראל</ManufactureCountry><ManufacturerItemDescription>בירה טובורג0.5 ל.בקבוק חו</ManufacturerItemDescription><SoldByWeight/><Quantity>500.00</Quantity><UnitOfMeasure>מ"ל</UnitOfMeasure><QtyInPackage>לא ידוע</QtyInPackage><UnitOfMeasurePrice>0.0170</UnitOfMeasurePrice><AllowDiscount>1</AllowDiscount><ItemStatus>1</ItemStatus><ItemPrice>8.50</ItemPrice></item><item><PriceUpdateDate>2016-05-31 07:00:59</PriceUpdateDate><ItemCode>7290000435442</ItemCode><ItemType>1</ItemType><ItemName>מיץ פריגת ענבים 1.5</ItemName><ManufacturerName>פריגת</ManufacturerName><ManufactureCountry>ישראל</ManufactureCountry><ManufacturerItemDescription>משקל פריגת ענבים</ManufacturerItemDescription><SoldByWeight/><Quantity>1500.00</Quantity><UnitOfMeasure>מ"ל</UnitOfMeasure><QtyInPackage>לא ידוע</QtyInPackage><UnitOfMeasurePrice>0.0045</UnitOfMeasurePrice><AllowDiscount>0</AllowDiscount><ItemStatus>1</ItemStatus><ItemPrice>6.80</ItemPrice></item><item><PriceUpdateDate>2016-05-31 07:00:59</PriceUpdateDate><ItemCode>7290000435459</ItemCode><ItemType>1</ItemType><ItemName>מיץ פריגת תפוזים 1.5</ItemName><ManufacturerName>פריגת</ManufacturerName><ManufactureCountry>ישראל</ManufactureCountry><ManufacturerItemDescription>משקל פריגת תפוזים</ManufacturerItemDescription><SoldByWeight/><Quantity>1500.00</Quantity><UnitOfMeasure>מ"ל</UnitOfMeasure><QtyInPackage>לא ידוע</QtyInPackage><UnitOfMeasurePrice>0.0045</UnitOfMeasurePrice><AllowDiscount>0</AllowDiscount><ItemStatus>1</ItemStatus><ItemPrice>6.80</ItemPrice></item><item><PriceUpdateDate>2016-05-31 07:00:59</PriceUpdateDate><ItemCode>7290000435466</ItemCode><ItemType>1</ItemType><ItemName>מיץ פריגת אשכוליות 1</ItemName><ManufacturerName>פריגת</ManufacturerName><ManufactureCountry>ישראל</ManufactureCountry><ManufacturerItemDescription>משקל פריגת אשכוליות</ManufacturerItemDescription><SoldByWeight/><Quantity>1500.00</Quantity><UnitOfMeasure>מ"ל</UnitOfMeasure><QtyInPackage>לא ידוע</QtyInPackage><UnitOfMeasurePrice>0.0045</UnitOfMeasurePrice><AllowDiscount>0</AllowDiscount><ItemStatus>1</ItemStatus><ItemPrice>6.80</ItemPrice></item><item><PriceUpdateDate>2016-05-31 07:00:59</PriceUpdateDate><ItemCode>7290000435480</ItemCode><ItemType>1</ItemType><ItemName>מיץ פריגת אשכוליות</ItemName><ManufacturerName>פריגת</ManufacturerName><ManufactureCountry>ישראל</ManufactureCountry><ManufacturerItemDescription>משקל פריגת דיאט אשכוליות</ManufacturerItemDescription><SoldByWeight/><Quantity>1500.00</Quantity><UnitOfMeasure>מ"ל</UnitOfMeasure><QtyInPackage>לא ידוע</QtyInPackage><UnitOfMeasurePrice>0.0045</UnitOfMeasurePrice><AllowDiscount>0</AllowDiscount><ItemStatus>1</ItemStatus><ItemPrice>6.80</ItemPrice></item><item><PriceUpdateDate>2016-06-28 09:28:13</PriceUpdateDate><ItemCode>7290000435497</ItemCode><ItemType>1</ItemType><ItemName>סטייק בורגר 400 גרם</ItemName><ManufacturerName>טירת צבי</ManufacturerName><ManufactureCountry>ישראל</ManufactureCountry><ManufacturerItemDescription>סטייק בורגר 400 גרם</ManufacturerItemDescription><SoldByWeight/><Quantity>400.00</Quantity><UnitOfMeasure>גרם     </UnitOfMeasure><QtyInPackage>לא ידוע</QtyInPackage><UnitOfMeasurePrice>0.0592</UnitOfMeasurePrice><AllowDiscount>1</AllowDiscount><ItemStatus>1</ItemStatus><ItemPrice>23.70</ItemPrice></item><item><PriceUpdateDate>2014-11-10 06:30:32</PriceUpdateDate><ItemCode>7290000435893</ItemCode><ItemType>1</ItemType><ItemName>שניצל אמריקאי עטרה 6</ItemName><ManufacturerName>עטרה</ManufacturerName><ManufactureCountry>ישראל</ManufactureCountry><ManufacturerItemDescription>שניצל אמריקאי עטרה 6</ManufacturerItemDescription><SoldByWeight/><Quantity>600.00</Quantity><UnitOfMeasure>גרם     </UnitOfMeasure><QtyInPackage>לא ידוע</QtyInPackage><UnitOfMeasurePrice>0.0367</UnitOfMeasurePrice><AllowDiscount>1</AllowDiscount><ItemStatus>1</ItemStatus><ItemPrice>22.00</ItemPrice></item><item><PriceUpdateDate>2016-03-01 06:12:04</PriceUpdateDate><ItemCode>7290000436036</ItemCode><ItemType>1</ItemType><ItemName>סירופ פריגתענבים 750</ItemName><ManufacturerName>פריגת</ManufacturerName><ManufactureCountry>ישראל</ManufactureCountry><ManufacturerItemDescription>סירופ פריגתענבים 750</ManufacturerItemDescription><SoldByWeight/><Quantity>750.00</Quantity><UnitOfMeasure>מ"ל</UnitOfMeasure><QtyInPackage>לא ידוע</QtyInPackage><UnitOfMeasurePrice>0.0185</UnitOfMeasurePrice><AllowDiscount>1</AllowDiscount><ItemStatus>1</ItemStatus><ItemPrice>13.90</ItemPrice></item><item><PriceUpdateDate>2015-11-17 14:08:20</PriceUpdateDate><ItemCode>7290000436081</ItemCode><ItemType>1</ItemType><ItemName>קבוקים גת שקית 200 ג</ItemName><ManufacturerName>ליימן חטיבת המותגים</ManufacturerName><ManufactureCountry>ישראל</ManufactureCountry><ManufacturerItemDescription>קבוקים מצופים 200 גרם</ManufacturerItemDescription><SoldByWeight/><Quantity>200.00</Quantity><UnitOfMeasure>גרם     </UnitOfMeasure><QtyInPackage>לא ידוע</QtyInPackage><UnitOfMeasurePrice>0.0380</UnitOfMeasurePrice><AllowDiscount>0</AllowDiscount><ItemStatus>1</ItemStatus><ItemPrice>7.60</ItemPrice></item><item><PriceUpdateDate>2016-05-31 07:00:59</PriceUpdateDate><ItemCode>7290000436234</ItemCode><ItemType>1</ItemType><ItemName>שוקו כד 1.5% יטבתה 2</ItemName><ManufacturerName>יטבתה</ManufacturerName><ManufactureCountry>ישראל</ManufactureCountry><ManufacturerItemDescription>שוקו2 ל.בכד פלסטיק</ManufacturerItemDescription><SoldByWeight/><Quantity>2000.00</Quantity><UnitOfMeasure>מ"ל</UnitOfMeasure><QtyInPackage>לא ידוע</QtyInPackage><UnitOfMeasurePrice>0.0099</UnitOfMeasurePrice><AllowDiscount>1</AllowDiscount><ItemStatus>1</ItemStatus><ItemPrice>19.90</ItemPrice></item><item><PriceUpdateDate>2016-08-02 07:34:10</PriceUpdateDate><ItemCode>7290000436272</ItemCode><ItemType>1</ItemType><ItemName>שוקו יטבתה בקבוק 1 ל</ItemName><ManufacturerName>יטבתה</ManufacturerName><ManufactureCountry>ישראל</ManufactureCountry><ManufacturerItemDescription>שוקו יוטבתה1 ל.בקבוק</ManufacturerItemDescription><SoldByWeight/><Quantity>1000.00</Quantity><UnitOfMeasure>מ"ל</UnitOfMeasure><QtyInPackage>לא ידוע</QtyInPackage><UnitOfMeasurePrice>0.0119</UnitOfMeasurePrice><AllowDiscount>1</AllowDiscount><ItemStatus>1</ItemStatus><ItemPrice>11.90</ItemPrice></item><item><PriceUpdateDate>2016-03-17 09:36:34</PriceUpdateDate><ItemCode>7290000436340</ItemCode><ItemType>1</ItemType><ItemName>שוקו יטבתה עם פקק 25</ItemName><ManufacturerName>יטבתה</ManufacturerName><ManufactureCountry>ישראל</ManufactureCountry><ManufacturerItemDescription>שוקו יטבתה ספורטאים 250 מ</ManufacturerItemDescription><SoldByWeight/><Quantity>250.00</Quantity><UnitOfMeasure>מ"ל</UnitOfMeasure><QtyInPackage>לא ידוע</QtyInPackage><UnitOfMeasurePrice>0.0212</UnitOfMeasurePrice><AllowDiscount>1</AllowDiscount><ItemStatus>1</ItemStatus><ItemPrice>5.30</ItemPrice></item><item><PriceUpdateDate>2016-08-02 07:34:11</PriceUpdateDate><ItemCode>7290000436364</ItemCode><ItemType>1</ItemType><ItemName>מוקה יטבתה 1 ליטר</ItemName><ManufacturerName>יטבתה</ManufacturerName><ManufactureCountry>ישראל</ManufactureCountry><ManufacturerItemDescription>מוקה יוטבתה 1 ליטר</ManufacturerItemDescription><SoldByWeight/><Quantity>1000.00</Quantity><UnitOfMeasure>מ"ל</UnitOfMeasure><QtyInPackage>לא ידוע</QtyInPackage><UnitOfMeasurePrice>0.0119</UnitOfMeasurePrice><AllowDiscount>1</AllowDiscount><ItemStatus>1</ItemStatus><ItemPrice>11.90</ItemPrice></item><item><PriceUpdateDate>2016-05-31 07:01:00</PriceUpdateDate><ItemCode>7290000436371</ItemCode><ItemType>1</ItemType><ItemName>שוקו בשקית מארז 8* 2</ItemName><ManufacturerName>יטבתה</ManufacturerName><ManufactureCountry>ישראל</ManufactureCountry><ManufacturerItemDescription>מארז שוקו יוטבתה שמיניה</ManufacturerItemDescription><SoldByWeight/><Quantity>1800.00</Quantity><UnitOfMeasure>מ"ל</UnitOfMeasure><QtyInPackage>לא ידוע</QtyInPackage><UnitOfMeasurePrice>0.0110</UnitOfMeasurePrice><AllowDiscount>1</AllowDiscount><ItemStatus>1</ItemStatus><ItemPrice>19.80</ItemPrice></item><item><PriceUpdateDate>2016-06-15 08:32:03</PriceUpdateDate><ItemCode>7290000436388</ItemCode><ItemType>1</ItemType><ItemName>חלב מועשר 3% מהדרין</ItemName><ManufacturerName>יטבתה</ManufacturerName><ManufactureCountry>ישראל</ManufactureCountry><ManufacturerItemDescription>חלב מועשר 2 3% ליטר</ManufacturerItemDescription><SoldByWeight/><Quantity>2000.00</Quantity><UnitOfMeasure>מ"ל</UnitOfMeasure><QtyInPackage>לא ידוע</QtyInPackage><UnitOfMeasurePrice>0.0080</UnitOfMeasurePrice><AllowDiscount>1</AllowDiscount><ItemStatus>1</ItemStatus><ItemPrice>15.90</ItemPrice></item><item><PriceUpdateDate>2015-11-17 14:06:30</PriceUpdateDate><ItemCode>7290000436531</ItemCode><ItemType>1</ItemType><ItemName>תה ליפטון 25 שקיקים</ItemName><ManufacturerName>ליפטון</ManufacturerName><ManufactureCountry>הודו</ManufactureCountry><ManufacturerItemDescription>נשכן            ת נובי</ManufacturerItemDescription><SoldByWeight/><Quantity>50.00</Quantity><UnitOfMeasure>גרם     </UnitOfMeasure><QtyInPackage>לא ידוע</QtyInPackage><UnitOfMeasurePrice>0.1540</UnitOfMeasurePrice><AllowDiscount>1</AllowDiscount><ItemStatus>1</ItemStatus><ItemPrice>7.70</ItemPrice></item><item><PriceUpdateDate>2016-03-16 18:08:34</PriceUpdateDate><ItemCode>7290000436678</ItemCode><ItemType>1</ItemType><ItemName>קוקה קולה שישייה. 1.</ItemName><ManufacturerName>קוקה קולה</ManufacturerName><ManufactureCountry>ישראל</ManufactureCountry><ManufacturerItemDescription>קוקה קולה 1.5 ל</ManufacturerItemDescription><SoldByWeight/><Quantity>9000.00</Quantity><UnitOfMeasure>מ"ל</UnitOfMeasure><QtyInPackage>לא ידוע</QtyInPackage><UnitOfMeasurePrice>0.0040</UnitOfMeasurePrice><AllowDiscount>1</AllowDiscount><ItemStatus>1</ItemStatus><ItemPrice>35.90</ItemPrice></item><item><PriceUpdateDate>2014-11-10 06:29:21</PriceUpdateDate><ItemCode>7290000436746</ItemCode><ItemType>1</ItemType><ItemName>בירה מאלטי בקבוק חוז</ItemName><ManufacturerName>מאלטי</ManufacturerName><ManufactureCountry>ישראל</ManufactureCountry><ManufacturerItemDescription>בירה טובורג מאלט0.5 ל.בקב</ManufacturerItemDescription><SoldByWeight/><Quantity>500.00</Quantity><UnitOfMeasure>מ"ל</UnitOfMeasure><QtyInPackage>לא ידוע</QtyInPackage><UnitOfMeasurePrice>0.0094</UnitOfMeasurePrice><AllowDiscount>1</AllowDiscount><ItemStatus>1</ItemStatus><ItemPrice>4.70</ItemPrice></item><item><PriceUpdateDate>2016-08-10 08:22:51</PriceUpdateDate><ItemCode>7290000436760</ItemCode><ItemType>1</ItemType><ItemName>מג'יק אטריות בט. בשר</ItemName><ManufacturerName>מגיק</ManufacturerName><ManufactureCountry>ישראל</ManufactureCountry><ManufacturerItemDescription>מג'יק אטריות בט. בשר</ManufacturerItemDescription><SoldByWeight/><Quantity>14.00</Quantity><UnitOfMeasure>גרם     </UnitOfMeasure><QtyInPackage>לא ידוע</QtyInPackage><UnitOfMeasurePrice>0.2786</UnitOfMeasurePrice><AllowDiscount>1</AllowDiscount><ItemStatus>1</ItemStatus><ItemPrice>3.90</ItemPrice></item><item><PriceUpdateDate>2015-10-22 10:36:31</PriceUpdateDate><ItemCode>7290000437170</ItemCode><ItemType>1</ItemType><ItemName>חטיף שוש אפוי 80 גרם</ItemName><ManufacturerName>שוש</ManufacturerName><ManufactureCountry>ישראל</ManufactureCountry><ManufacturerItemDescription>חטיף שוש אפוי 80 גרם</ManufacturerItemDescription><SoldByWeight/><Quantity>80.00</Quantity><UnitOfMeasure>גרם     </UnitOfMeasure><QtyInPackage>לא ידוע</QtyInPackage><UnitOfMeasurePrice>0.0575</UnitOfMeasurePrice><AllowDiscount>1</AllowDiscount><ItemStatus>1</ItemStatus><ItemPrice>4.60</ItemPrice></item><item><PriceUpdateDate>2016-08-02 07:38:05</PriceUpdateDate><ItemCode>7290000437194</ItemCode><ItemType>1</ItemType><ItemName>מב קבב רומני 500 גרם</ItemName><ManufacturerName>טיבון ויל</ManufacturerName><ManufactureCountry>ישראל</ManufactureCountry><ManufacturerItemDescription>קבב רומני500 גר</ManufacturerItemDescription><SoldByWeight/><Quantity>500.00</Quantity><UnitOfMeasure>גרם     </UnitOfMeasure><QtyInPackage>לא ידוע</QtyInPackage><UnitOfMeasurePrice>0.0378</UnitOfMeasurePrice><AllowDiscount>1</AllowDiscount><ItemStatus>1</ItemStatus><ItemPrice>18.90</ItemPrice></item><item><PriceUpdateDate>2016-08-02 07:38:05</PriceUpdateDate><ItemCode>7290000437200</ItemCode><ItemType>1</ItemType><ItemName>מב קבב מזרחי 500 גרם</ItemName><ManufacturerName>טיבון ויל</ManufacturerName><ManufactureCountry>ישראל</ManufactureCountry><ManufacturerItemDescription>קבב מזרחי 500 גר</ManufacturerItemDescription><SoldByWeight/><Quantity>500.00</Quantity><UnitOfMeasure>גרם     </UnitOfMeasure><QtyInPackage>לא ידוע</QtyInPackage><UnitOfMeasurePrice>0.0378</UnitOfMeasurePrice><AllowDiscount>1</AllowDiscount><ItemStatus>1</ItemStatus><ItemPrice>18.90</ItemPrice></item><item><PriceUpdateDate>2016-03-29 07:02:20</PriceUpdateDate><ItemCode>7290000437316</ItemCode><ItemType>1</ItemType><ItemName>בקר טחון קפוא 500 גר</ItemName><ManufacturerName>טיבון ויל</ManufacturerName><ManufactureCountry>ישראל</ManufactureCountry><ManufacturerItemDescription>טחון עגל 500 גר</ManufacturerItemDescription><SoldByWeight/><Quantity>500.00</Quantity><UnitOfMeasure>גרם     </UnitOfMeasure><QtyInPackage>לא ידוע</QtyInPackage><UnitOfMeasurePrice>0.0558</UnitOfMeasurePrice><AllowDiscount>1</AllowDiscount><ItemStatus>1</ItemStatus><ItemPrice>27.90</ItemPrice></item><item><PriceUpdateDate>2016-08-02 07:38:05</PriceUpdateDate><ItemCode>7290000437385</ItemCode><ItemType>1</ItemType><ItemName>מב פסטרמה בפפריקה 40</ItemName><ManufacturerName>טירת צבי</ManufacturerName><ManufactureCountry>ישראל</ManufactureCountry><ManufacturerItemDescription>פסטרמה בפפריקה 400 גר</ManufacturerItemDescription><SoldByWeight/><Quantity>400.00</Quantity><UnitOfMeasure>גרם     </UnitOfMeasure><QtyInPackage>לא ידוע</QtyInPackage><UnitOfMeasurePrice>0.0672</UnitOfMeasurePrice><AllowDiscount>1</AllowDiscount><ItemStatus>1</ItemStatus><ItemPrice>26.90</ItemPrice></item><item><PriceUpdateDate>2016-08-02 07:38:06</PriceUpdateDate><ItemCode>7290000437392</ItemCode><ItemType>1</ItemType><ItemName>מב פסטרמה בדבש 400 ג</ItemName><ManufacturerName>טירת צבי</ManufacturerName><ManufactureCountry>ישראל</ManufactureCountry><ManufacturerItemDescription>פסטרמה בדבש 400 גר</ManufacturerItemDescription><SoldByWeight/><Quantity>400.00</Quantity><UnitOfMeasure>גרם     </UnitOfMeasure><QtyInPackage>לא ידוע</QtyInPackage><UnitOfMeasurePrice>0.0672</UnitOfMeasurePrice><AllowDiscount>1</AllowDiscount><ItemStatus>1</ItemStatus><ItemPrice>26.90</ItemPrice></item><item><PriceUpdateDate>2016-08-02 07:38:06</PriceUpdateDate><ItemCode>7290000437408</ItemCode><ItemType>1</ItemType><ItemName>מב נקניק פסטרמה על ג</ItemName><ManufacturerName>טירת צבי</ManufacturerName><ManufactureCountry>ישראל</ManufactureCountry><ManufacturerItemDescription>פסטרמה על גחלים 400 גר</ManufacturerItemDescription><SoldByWeight/><Quantity>400.00</Quantity><UnitOfMeasure>גרם     </UnitOfMeasure><QtyInPackage>לא ידוע</QtyInPackage><UnitOfMeasurePrice>0.0672</UnitOfMeasurePrice><AllowDiscount>1</AllowDiscount><ItemStatus>1</ItemStatus><ItemPrice>26.90</ItemPrice></item><item><PriceUpdateDate>2016-08-10 08:22:52</PriceUpdateDate><ItemCode>7290000437453</ItemCode><ItemType>1</ItemType><ItemName>נקניק כתף בקר מעושן</ItemName><ManufacturerName>טירת צבי</ManufacturerName><ManufactureCountry>ישראל</ManufactureCountry><ManufacturerItemDescription>כתף בקר מעושן 400 גר</ManufacturerItemDescription><SoldByWeight/><Quantity>400.00</Quantity><UnitOfMeasure>גרם     </UnitOfMeasure><QtyInPackage>לא ידוע</QtyInPackage><UnitOfMeasurePrice>0.0947</UnitOfMeasurePrice><AllowDiscount>1</AllowDiscount><ItemStatus>1</ItemStatus><ItemPrice>37.90</ItemPrice></item><item><PriceUpdateDate>2016-03-17 09:36:34</PriceUpdateDate><ItemCode>7290000437682</ItemCode><ItemType>1</ItemType><ItemName>דנונה בר פקאן סיני מ</ItemName><ManufacturerName>דנונה</ManufacturerName><ManufactureCountry>ישראל</ManufactureCountry><ManufacturerItemDescription>דנונהדגנים פקאןסיני+שוקול</ManufacturerItemDescription><SoldByWeight/><Quantity>183.00</Quantity><UnitOfMeasure>גרם     </UnitOfMeasure><QtyInPackage>לא ידוע</QtyInPackage><UnitOfMeasurePrice>0.0246</UnitOfMeasurePrice><AllowDiscount>1</AllowDiscount><ItemStatus>1</ItemStatus><ItemPrice>4.50</ItemPrice></item><item><PriceUpdateDate>2015-12-07 10:52:41</PriceUpdateDate><ItemCode>7290000437699</ItemCode><ItemType>1</ItemType><ItemName>גבינת סקי 9% 250 גרם</ItemName><ManufacturerName>שטראוס</ManufacturerName><ManufactureCountry>ישראל</ManufactureCountry><ManufacturerItemDescription>גבינה סקי 250 9% גר</ManufacturerItemDescription><SoldByWeight/><Quantity>250.00</Quantity><UnitOfMeasure>גרם     </UnitOfMeasure><QtyInPackage>לא ידוע</QtyInPackage><UnitOfMeasurePrice>0.0192</UnitOfMeasurePrice><AllowDiscount>1</AllowDiscount><ItemStatus>1</ItemStatus><ItemPrice>4.80</ItemPrice></item><item><PriceUpdateDate>2016-05-01 08:12:47</PriceUpdateDate><ItemCode>7290000437835</ItemCode><ItemType>1</ItemType><ItemName>היינץ מיולייט היינץ</ItemName><ManufacturerName>היינץ</ManufacturerName><ManufactureCountry>ספרד</ManufactureCountry><ManufacturerItemDescription>מיזלי קראנץ     ירות 1 ק</ManufacturerItemDescription><SoldByWeight/><Quantity>430.00</Quantity><UnitOfMeasure>גרם     </UnitOfMeasure><QtyInPackage>לא ידוע</QtyInPackage><UnitOfMeasurePrice>0.0286</UnitOfMeasurePrice><AllowDiscount>0</AllowDiscount><ItemStatus>1</ItemStatus><ItemPrice>12.30</ItemPrice></item><item><PriceUpdateDate>2016-05-01 08:12:47</PriceUpdateDate><ItemCode>7290000437842</ItemCode><ItemType>1</ItemType><ItemName>מיונז היינץ אמיתי 43</ItemName><ManufacturerName>היינץ</ManufacturerName><ManufactureCountry>ספרד</ManufactureCountry><ManufacturerItemDescription>גרנולה אגוזים   ק"ג</ManufacturerItemDescription><SoldByWeight/><Quantity>430.00</Quantity><UnitOfMeasure>גרם     </UnitOfMeasure><QtyInPackage>לא ידוע</QtyInPackage><UnitOfMeasurePrice>0.0286</UnitOfMeasurePrice><AllowDiscount>0</AllowDiscount><ItemStatus>1</ItemStatus><ItemPrice>12.30</ItemPrice></item><item><PriceUpdateDate>2016-08-02 07:34:11</PriceUpdateDate><ItemCode>7290000437897</ItemCode><ItemType>1</ItemType><ItemName>היינץ חרדל אמיתי 255</ItemName><ManufacturerName>היינץ</ManufacturerName><ManufactureCountry>ארצות הברית</ManufactureCountry><ManufacturerItemDescription>כריות הנקה      דות הנקה</ManufacturerItemDescription><SoldByWeight/><Quantity>255.00</Quantity><UnitOfMeasure>גרם     </UnitOfMeasure><QtyInPackage>לא ידוע</QtyInPackage><UnitOfMeasurePrice>0.0467</UnitOfMeasurePrice><AllowDiscount>1</AllowDiscount><ItemStatus>1</ItemStatus><ItemPrice>11.90</ItemPrice></item><item><PriceUpdateDate>2014-11-10 06:30:43</PriceUpdateDate><ItemCode>7290000437903</ItemCode><ItemType>1</ItemType><ItemName>חומץ לסלט 355 מ"ל</ItemName><ManufacturerName>היינץ</ManufacturerName><ManufactureCountry>ישראל</ManufactureCountry><ManufacturerItemDescription>חומץ לסלט 355 מ"ל</ManufacturerItemDescription><SoldByWeight/><Quantity>355.00</Quantity><UnitOfMeasure>מ"ל</UnitOfMeasure><QtyInPackage>לא ידוע</QtyInPackage><UnitOfMeasurePrice>0.0338</UnitOfMeasurePrice><AllowDiscount>1</AllowDiscount><ItemStatus>1</ItemStatus><ItemPrice>12.00</ItemPrice></item><item><PriceUpdateDate>2015-11-18 13:57:23</PriceUpdateDate><ItemCode>7290000437989</ItemCode><ItemType>1</ItemType><ItemName>סלט טונה פיקנטי וילי</ItemName><ManufacturerName>ויליגר</ManufacturerName><ManufactureCountry>ישראל</ManufactureCountry><ManufacturerItemDescription>סלט טונה פיקנטי 160 גר</ManufacturerItemDescription><SoldByWeight/><Quantity>112.00</Quantity><UnitOfMeasure>גרם     </UnitOfMeasure><QtyInPackage>לא ידוע</QtyInPackage><UnitOfMeasurePrice>0.0545</UnitOfMeasurePrice><AllowDiscount>1</AllowDiscount><ItemStatus>1</ItemStatus><ItemPrice>6.10</ItemPrice></item><item><PriceUpdateDate>2015-11-18 13:57:23</PriceUpdateDate><ItemCode>7290000437996</ItemCode><ItemType>1</ItemType><ItemName>סלט טונה ויליגר 160</ItemName><ManufacturerName>ויליגר</ManufacturerName><ManufactureCountry>ישראל</ManufactureCountry><ManufacturerItemDescription>סלט טונה ויליגר 160 גר</ManufacturerItemDescription><SoldByWeight/><Quantity>160.00</Quantity><UnitOfMeasure>גרם     </UnitOfMeasure><QtyInPackage>לא ידוע</QtyInPackage><UnitOfMeasurePrice>0.0381</UnitOfMeasurePrice><AllowDiscount>1</AllowDiscount><ItemStatus>1</ItemStatus><ItemPrice>6.10</ItemPrice></item><item><PriceUpdateDate>2016-03-17 09:36:34</PriceUpdateDate><ItemCode>7290000438320</ItemCode><ItemType>1</ItemType><ItemName>פאנטה אורנג' 1.5 ליט</ItemName><ManufacturerName>פאנטה אורנג</ManufacturerName><ManufactureCountry>ישראל</ManufactureCountry><ManufacturerItemDescription>פאנטה אורנג1.5 ל</ManufacturerItemDescription><SoldByWeight/><Quantity>1500.00</Quantity><UnitOfMeasure>מ"ל</UnitOfMeasure><QtyInPackage>לא ידוע</QtyInPackage><UnitOfMeasurePrice>0.0046</UnitOfMeasurePrice><AllowDiscount>1</AllowDiscount><ItemStatus>1</ItemStatus><ItemPrice>6.90</ItemPrice></item><item><PriceUpdateDate>2016-05-31 07:01:00</PriceUpdateDate><ItemCode>7290000438337</ItemCode><ItemType>1</ItemType><ItemName>מיץ פריגת תות בננה 1</ItemName><ManufacturerName>פריגת</ManufacturerName><ManufactureCountry>ישראל</ManufactureCountry><ManufacturerItemDescription>מיץ פריגת תות בננה 1</ManufacturerItemDescription><SoldByWeight/><Quantity>1500.00</Quantity><UnitOfMeasure>מ"ל</UnitOfMeasure><QtyInPackage>לא ידוע</QtyInPackage><UnitOfMeasurePrice>0.0045</UnitOfMeasurePrice><AllowDiscount>0</AllowDiscount><ItemStatus>1</ItemStatus><ItemPrice>6.80</ItemPrice></item><item><PriceUpdateDate>2016-03-17 09:36:35</PriceUpdateDate><ItemCode>7290000438368</ItemCode><ItemType>1</ItemType><ItemName>פאנטה דיאט 1.5 ליטר</ItemName><ManufacturerName>דיאט פאנטה אורנג</ManufacturerName><ManufactureCountry>ישראל</ManufactureCountry><ManufacturerItemDescription>פאנטה אורנג דיאט1.5 ל</ManufacturerItemDescription><SoldByWeight/><Quantity>1500.00</Quantity><UnitOfMeasure>מ"ל</UnitOfMeasure><QtyInPackage>לא ידוע</QtyInPackage><UnitOfMeasurePrice>0.0046</UnitOfMeasurePrice><AllowDiscount>1</AllowDiscount><ItemStatus>1</ItemStatus><ItemPrice>6.90</ItemPrice></item><item><PriceUpdateDate>2016-08-10 08:22:52</PriceUpdateDate><ItemCode>7290000438795</ItemCode><ItemType>1</ItemType><ItemName>קנור מרק פטריות מוקר</ItemName><ManufacturerName>קנור</ManufacturerName><ManufactureCountry>ישראל</ManufactureCountry><ManufacturerItemDescription>מרקנור פטריות מוקרם פרווה</ManufacturerItemDescription><SoldByWeight/><Quantity>400.00</Quantity><UnitOfMeasure>גרם     </UnitOfMeasure><QtyInPackage>לא ידוע</QtyInPackage><UnitOfMeasurePrice>0.0722</UnitOfMeasurePrice><AllowDiscount>1</AllowDiscount><ItemStatus>1</ItemStatus><ItemPrice>28.90</ItemPrice></item><item><PriceUpdateDate>2016-08-10 08:22:52</PriceUpdateDate><ItemCode>7290000438818</ItemCode><ItemType>1</ItemType><ItemName>תיבוליות בניחוח צלי</ItemName><ManufacturerName>קנור</ManufacturerName><ManufactureCountry>ישראל</ManufactureCountry><ManufacturerItemDescription>תיבוליות בניחוח צלי</ManufacturerItemDescription><SoldByWeight/><Quantity>72.00</Quantity><UnitOfMeasure>גרם     </UnitOfMeasure><QtyInPackage>לא ידוע</QtyInPackage><UnitOfMeasurePrice>0.1653</UnitOfMeasurePrice><AllowDiscount>1</AllowDiscount><ItemStatus>1</ItemStatus><ItemPrice>11.90</ItemPrice></item><item><PriceUpdateDate>2016-08-10 08:22:52</PriceUpdateDate><ItemCode>7290000438825</ItemCode><ItemType>1</ItemType><ItemName>תיבוליות פטריות 72 ג</ItemName><ManufacturerName>קנור</ManufacturerName><ManufactureCountry>ישראל</ManufactureCountry><ManufacturerItemDescription>תיבוליות פטריות 72 ג</ManufacturerItemDescription><SoldByWeight/><Quantity>72.00</Quantity><UnitOfMeasure>גרם     </UnitOfMeasure><QtyInPackage>לא ידוע</QtyInPackage><UnitOfMeasurePrice>0.1653</UnitOfMeasurePrice><AllowDiscount>1</AllowDiscount><ItemStatus>1</ItemStatus><ItemPrice>11.90</ItemPrice></item><item><PriceUpdateDate>2016-05-31 07:01:00</PriceUpdateDate><ItemCode>7290000438979</ItemCode><ItemType>1</ItemType><ItemName>פתית שוודי חסכוני בד</ItemName><ManufacturerName>פתית</ManufacturerName><ManufactureCountry>ישראל</ManufactureCountry><ManufacturerItemDescription>פתית שוודי חסכוני300 גר .</ManufacturerItemDescription><SoldByWeight/><Quantity>300.00</Quantity><UnitOfMeasure>גרם     </UnitOfMeasure><QtyInPackage>לא ידוע</QtyInPackage><UnitOfMeasurePrice>0.0590</UnitOfMeasurePrice><AllowDiscount>1</AllowDiscount><ItemStatus>1</ItemStatus><ItemPrice>17.70</ItemPrice></item><item><PriceUpdateDate>2015-12-24 09:43:28</PriceUpdateDate><ItemCode>7290000438986</ItemCode><ItemType>1</ItemType><ItemName>קורנפלקס תלמה בד"צ 7</ItemName><ManufacturerName>לא ממותג</ManufacturerName><ManufactureCountry>ישראל</ManufactureCountry><ManufacturerItemDescription>קורנפלקס תלמה בד"צ 7</ManufacturerItemDescription><SoldByWeight/><Quantity>750.00</Quantity><UnitOfMeasure>גרם     </UnitOfMeasure><QtyInPackage>לא ידוע</QtyInPackage><UnitOfMeasurePrice>0.0199</UnitOfMeasurePrice><AllowDiscount>0</AllowDiscount><ItemStatus>1</ItemStatus><ItemPrice>14.90</ItemPrice></item><item><PriceUpdateDate>2016-05-01 08:12:47</PriceUpdateDate><ItemCode>7290000438993</ItemCode><ItemType>1</ItemType><ItemName>דגני בוקר שוגי פיצי</ItemName><ManufacturerName>פיצי</ManufacturerName><ManufactureCountry>ישראל</ManufactureCountry><ManufacturerItemDescription>דגני בוקר שוגי פיצי</ManufacturerItemDescription><SoldByWeight/><Quantity>500.00</Quantity><UnitOfMeasure>גרם     </UnitOfMeasure><QtyInPackage>לא ידוע</QtyInPackage><UnitOfMeasurePrice>0.0458</UnitOfMeasurePrice><AllowDiscount>1</AllowDiscount><ItemStatus>1</ItemStatus><ItemPrice>22.90</ItemPrice></item><item><PriceUpdateDate>2016-05-31 07:01:00</PriceUpdateDate><ItemCode>7290000439037</ItemCode><ItemType>1</ItemType><ItemName>פתית חיטה מלאה 250 ג</ItemName><ManufacturerName>פתית</ManufacturerName><ManufactureCountry>ישראל</ManufactureCountry><ManufacturerItemDescription>פתית חיטה מלאה בדצ 250 גר</ManufacturerItemDescription><SoldByWeight/><Quantity>250.00</Quantity><UnitOfMeasure>גרם     </UnitOfMeasure><QtyInPackage>לא ידוע</QtyInPackage><UnitOfMeasurePrice>0.0708</UnitOfMeasurePrice><AllowDiscount>1</AllowDiscount><ItemStatus>1</ItemStatus><ItemPrice>17.70</ItemPrice></item><item><PriceUpdateDate>2016-05-31 07:01:00</PriceUpdateDate><ItemCode>7290000439068</ItemCode><ItemType>1</ItemType><ItemName>כריות נוגט בד"צ 750</ItemName><ManufacturerName>כריות</ManufacturerName><ManufactureCountry>ישראל</ManufactureCountry><ManufacturerItemDescription>כריות נוגט 750 גרם בדצ</ManufacturerItemDescription><SoldByWeight/><Quantity>750.00</Quantity><UnitOfMeasure>גרם     </UnitOfMeasure><QtyInPackage>לא ידוע</QtyInPackage><UnitOfMeasurePrice>0.0332</UnitOfMeasurePrice><AllowDiscount>1</AllowDiscount><ItemStatus>1</ItemStatus><ItemPrice>24.90</ItemPrice></item><item><PriceUpdateDate>2016-06-28 09:28:14</PriceUpdateDate><ItemCode>7290000439167</ItemCode><ItemType>1</ItemType><ItemName>רוטב קנור בסיגנון סי</ItemName><ManufacturerName>קנור</ManufacturerName><ManufactureCountry>ישראל</ManufactureCountry><ManufacturerItemDescription>רוטב קנור בסיגנון סי</ManufacturerItemDescription><SoldByWeight/><Quantity>300.00</Quantity><UnitOfMeasure>גרם     </UnitOfMeasure><QtyInPackage>לא ידוע</QtyInPackage><UnitOfMeasurePrice>0.0463</UnitOfMeasurePrice><AllowDiscount>1</AllowDiscount><ItemStatus>1</ItemStatus><ItemPrice>13.90</ItemPrice></item><item><PriceUpdateDate>2016-06-28 09:28:14</PriceUpdateDate><ItemCode>7290000439228</ItemCode><ItemType>1</ItemType><ItemName>רוטב קנור טריאקי 300</ItemName><ManufacturerName>קנור</ManufacturerName><ManufactureCountry>ישראל</ManufactureCountry><ManufacturerItemDescription>רוטב קנור טריאקי 300</ManufacturerItemDescription><SoldByWeight/><Quantity>300.00</Quantity><UnitOfMeasure>גרם     </UnitOfMeasure><QtyInPackage>לא ידוע</QtyInPackage><UnitOfMeasurePrice>0.0463</UnitOfMeasurePrice><AllowDiscount>1</AllowDiscount><ItemStatus>1</ItemStatus><ItemPrice>13.90</ItemPrice></item><item><PriceUpdateDate>2016-02-01 20:42:45</PriceUpdateDate><ItemCode>7290000439310</ItemCode><ItemType>1</ItemType><ItemName>שוקולד ורד גליל זוג</ItemName><ManufacturerName>ורד הגליל</ManufacturerName><ManufactureCountry>ישראל</ManufactureCountry><ManufacturerItemDescription>שוקולד ורד גליל זוג</ManufacturerItemDescription><SoldByWeight/><Quantity>200.00</Quantity><UnitOfMeasure>גרם     </UnitOfMeasure><QtyInPackage>לא ידוע</QtyInPackage><UnitOfMeasurePrice>0.0705</UnitOfMeasurePrice><AllowDiscount>1</AllowDiscount><ItemStatus>1</ItemStatus><ItemPrice>14.10</ItemPrice></item><item><PriceUpdateDate>2016-02-16 20:38:14</PriceUpdateDate><ItemCode>7290000439426</ItemCode><ItemType>1</ItemType><ItemName>שוקולד פרה קרם חלב 1</ItemName><ManufacturerName>פרה</ManufacturerName><ManufactureCountry>ישראל</ManufactureCountry><ManufacturerItemDescription>שוקולד פרה קרם חלב 100 גר</ManufacturerItemDescription><SoldByWeight/><Quantity>100.00</Quantity><UnitOfMeasure>גרם     </UnitOfMeasure><QtyInPackage>לא ידוע</QtyInPackage><UnitOfMeasurePrice>0.0690</UnitOfMeasurePrice><AllowDiscount>0</AllowDiscount><ItemStatus>1</ItemStatus><ItemPrice>6.90</ItemPrice></item><item><PriceUpdateDate>2016-03-17 09:36:35</PriceUpdateDate><ItemCode>7290000439433</ItemCode><ItemType>1</ItemType><ItemName>שוקולד פרה מריר ללא</ItemName><ManufacturerName>פרה</ManufacturerName><ManufactureCountry>ישראל</ManufactureCountry><ManufacturerItemDescription>שוקולד פרה מריר ללא סוכר1</ManufacturerItemDescription><SoldByWeight/><Quantity>100.00</Quantity><UnitOfMeasure>גרם     </UnitOfMeasure><QtyInPackage>לא ידוע</QtyInPackage><UnitOfMeasurePrice>0.0950</UnitOfMeasurePrice><AllowDiscount>1</AllowDiscount><ItemStatus>1</ItemStatus><ItemPrice>9.50</ItemPrice></item><item><PriceUpdateDate>2016-02-16 20:38:14</PriceUpdateDate><ItemCode>7290000439440</ItemCode><ItemType>1</ItemType><ItemName>שוקולד פרה חלב אגוזי</ItemName><ManufacturerName>פרה</ManufacturerName><ManufactureCountry>ישראל</ManufactureCountry><ManufacturerItemDescription>שוקולד פרה חלב+אגוזים 100</ManufacturerItemDescription><SoldByWeight/><Quantity>100.00</Quantity><UnitOfMeasure>גרם     </UnitOfMeasure><QtyInPackage>לא ידוע</QtyInPackage><UnitOfMeasurePrice>0.0690</UnitOfMeasurePrice><AllowDiscount>0</AllowDiscount><ItemStatus>1</ItemStatus><ItemPrice>6.90</ItemPrice></item><item><PriceUpdateDate>2016-03-17 09:36:35</PriceUpdateDate><ItemCode>7290000439457</ItemCode><ItemType>1</ItemType><ItemName>שוקולד חלב פרה ללא ס</ItemName><ManufacturerName>פרה</ManufacturerName><ManufactureCountry>ישראל</ManufactureCountry><ManufacturerItemDescription>שוקולד חלב ללא סוכר 100 ג</ManufacturerItemDescription><SoldByWeight/><Quantity>100.00</Quantity><UnitOfMeasure>גרם     </UnitOfMeasure><QtyInPackage>לא ידוע</QtyInPackage><UnitOfMeasurePrice>0.0950</UnitOfMeasurePrice><AllowDiscount>1</AllowDiscount><ItemStatus>1</ItemStatus><ItemPrice>9.50</ItemPrice></item><item><PriceUpdateDate>2016-08-10 08:22:52</PriceUpdateDate><ItemCode>7290000439464</ItemCode><ItemType>1</ItemType><ItemName>חציל פיקנטי 500 גרם</ItemName><ManufacturerName>אחלה</ManufacturerName><ManufactureCountry>ישראל</ManufactureCountry><ManufacturerItemDescription>סלט 500חציל פיקנטי אחלה</ManufacturerItemDescription><SoldByWeight/><Quantity>500.00</Quantity><UnitOfMeasure>גרם     </UnitOfMeasure><QtyInPackage>לא ידוע</QtyInPackage><UnitOfMeasurePrice>0.0374</UnitOfMeasurePrice><AllowDiscount>1</AllowDiscount><ItemStatus>1</ItemStatus><ItemPrice>18.70</ItemPrice></item><item><PriceUpdateDate>2016-06-28 09:28:14</PriceUpdateDate><ItemCode>7290000439525</ItemCode><ItemType>1</ItemType><ItemName>קצפת ריצ' פרווה 212</ItemName><ManufacturerName>ריצ</ManufacturerName><ManufactureCountry>ארצות הברית</ManufactureCountry><ManufacturerItemDescription>בייבי ביס       נה 50 גר</ManufacturerItemDescription><SoldByWeight/><Quantity>212.00</Quantity><UnitOfMeasure>מ"ל</UnitOfMeasure><QtyInPackage>לא ידוע</QtyInPackage><UnitOfMeasurePrice>0.0528</UnitOfMeasurePrice><AllowDiscount>1</AllowDiscount><ItemStatus>1</ItemStatus><ItemPrice>11.20</ItemPrice></item><item><PriceUpdateDate>2016-08-02 07:38:07</PriceUpdateDate><ItemCode>7290000439532</ItemCode><ItemType>1</ItemType><ItemName>מב קצפת ריצ' פרווה 4</ItemName><ManufacturerName>ריצ</ManufacturerName><ManufactureCountry>ארצות הברית</ManufactureCountry><ManufacturerItemDescription>דאק דיסק ג'ל    לה לבנדר</ManufacturerItemDescription><SoldByWeight/><Quantity>425.00</Quantity><UnitOfMeasure>מ"ל</UnitOfMeasure><QtyInPackage>לא ידוע</QtyInPackage><UnitOfMeasurePrice>0.0282</UnitOfMeasurePrice><AllowDiscount>1</AllowDiscount><ItemStatus>1</ItemStatus><ItemPrice>12.00</ItemPrice></item><item><PriceUpdateDate>2016-08-02 07:34:11</PriceUpdateDate><ItemCode>7290000439549</ItemCode><ItemType>1</ItemType><ItemName>מב קצפת ריצ' חלבי במ</ItemName><ManufacturerName>ריצ</ManufacturerName><ManufactureCountry>איטליה</ManufactureCountry><ManufacturerItemDescription>רייד בליסטר2X   וי+מכשיר</ManufacturerItemDescription><SoldByWeight/><Quantity>250.00</Quantity><UnitOfMeasure>גרם     </UnitOfMeasure><QtyInPackage>לא ידוע</QtyInPackage><UnitOfMeasurePrice>0.0436</UnitOfMeasurePrice><AllowDiscount>1</AllowDiscount><ItemStatus>1</ItemStatus><ItemPrice>10.90</ItemPrice></item><item><PriceUpdateDate>2016-08-10 08:22:52</PriceUpdateDate><ItemCode>7290000439792</ItemCode><ItemType>1</ItemType><ItemName>יוגורט כד 7% תנובה 1</ItemName><ManufacturerName>יוגורט כדים תנובה</ManufacturerName><ManufactureCountry>ישראל</ManufactureCountry><ManufacturerItemDescription>יוגורט כד 7% תנובה 1</ManufacturerItemDescription><SoldByWeight/><Quantity>1500.00</Quantity><UnitOfMeasure>מ"ל</UnitOfMeasure><QtyInPackage>לא ידוע</QtyInPackage><UnitOfMeasurePrice>0.0119</UnitOfMeasurePrice><AllowDiscount>1</AllowDiscount><ItemStatus>1</ItemStatus><ItemPrice>17.90</ItemPrice></item><item><PriceUpdateDate>2016-06-13 09:58:43</PriceUpdateDate><ItemCode>7290000439808</ItemCode><ItemType>1</ItemType><ItemName>יופלה אננס 3% 150 גר</ItemName><ManufacturerName>יופלה</ManufacturerName><ManufactureCountry>ישראל</ManufactureCountry><ManufacturerItemDescription>יופלה אננס 150 3% מל</ManufacturerItemDescription><SoldByWeight/><Quantity>150.00</Quantity><UnitOfMeasure>גרם     </UnitOfMeasure><QtyInPackage>לא ידוע</QtyInPackage><UnitOfMeasurePrice>0.0327</UnitOfMeasurePrice><AllowDiscount>1</AllowDiscount><ItemStatus>1</ItemStatus><ItemPrice>4.90</ItemPrice></item><item><PriceUpdateDate>2015-10-11 20:33:36</PriceUpdateDate><ItemCode>7290000439822</ItemCode><ItemType>1</ItemType><ItemName>שוקו תנובה בשקית 225</ItemName><ManufacturerName>שוק</ManufacturerName><ManufactureCountry>ישראל</ManufactureCountry><ManufacturerItemDescription>שוקו שוק בשקית 225 מל</ManufacturerItemDescription><SoldByWeight/><Quantity>225.00</Quantity><UnitOfMeasure>מ"ל</UnitOfMeasure><QtyInPackage>לא ידוע</QtyInPackage><UnitOfMeasurePrice>0.0129</UnitOfMeasurePrice><AllowDiscount>1</AllowDiscount><ItemStatus>1</ItemStatus><ItemPrice>2.90</ItemPrice></item><item><PriceUpdateDate>2015-10-22 10:36:32</PriceUpdateDate><ItemCode>7290000439839</ItemCode><ItemType>1</ItemType><ItemName>מעדן קרלו וניל 1.5%</ItemName><ManufacturerName>קרלו</ManufacturerName><ManufactureCountry>ישראל</ManufactureCountry><ManufacturerItemDescription>קרלו מעדן וניל125 3%מל</ManufacturerItemDescription><SoldByWeight/><Quantity>125.00</Quantity><UnitOfMeasure>גרם     </UnitOfMeasure><QtyInPackage>לא ידוע</QtyInPackage><UnitOfMeasurePrice>0.0240</UnitOfMeasurePrice><AllowDiscount>1</AllowDiscount><ItemStatus>1</ItemStatus><ItemPrice>3.00</ItemPrice></item><item><PriceUpdateDate>2015-10-11 20:33:36</PriceUpdateDate><ItemCode>7290000439846</ItemCode><ItemType>1</ItemType><ItemName>מעדן קרלו שוקו 1.5%</ItemName><ManufacturerName>קרלו</ManufacturerName><ManufactureCountry>ישראל</ManufactureCountry><ManufacturerItemDescription>קרלו מעדן שוקו125 3% מל</ManufacturerItemDescription><SoldByWeight/><Quantity>125.00</Quantity><UnitOfMeasure>מ"ל</UnitOfMeasure><QtyInPackage>לא ידוע</QtyInPackage><UnitOfMeasurePrice>0.0240</UnitOfMeasurePrice><AllowDiscount>1</AllowDiscount><ItemStatus>1</ItemStatus><ItemPrice>3.00</ItemPrice></item><item><PriceUpdateDate>2015-10-11 20:33:36</PriceUpdateDate><ItemCode>7290000439853</ItemCode><ItemType>1</ItemType><ItemName>מעדן קרלו שוניל 1.5%</ItemName><ManufacturerName>קרלו</ManufacturerName><ManufactureCountry>ישראל</ManufactureCountry><ManufacturerItemDescription>קרלו מעדן שוניל 125 1.5%</ManufacturerItemDescription><SoldByWeight/><Quantity>125.00</Quantity><UnitOfMeasure>גרם     </UnitOfMeasure><QtyInPackage>לא ידוע</QtyInPackage><UnitOfMeasurePrice>0.0248</UnitOfMeasurePrice><AllowDiscount>1</AllowDiscount><ItemStatus>1</ItemStatus><ItemPrice>3.10</ItemPrice></item><item><PriceUpdateDate>2016-08-02 07:34:12</PriceUpdateDate><ItemCode>7290000439914</ItemCode><ItemType>1</ItemType><ItemName>גבינה בולגרית 24% פי</ItemName><ManufacturerName>פיראוס</ManufacturerName><ManufactureCountry>ישראל</ManufactureCountry><ManufacturerItemDescription>גבינה בולגרית פיראוס250-2</ManufacturerItemDescription><SoldByWeight/><Quantity>250.00</Quantity><UnitOfMeasure>גרם     </UnitOfMeasure><QtyInPackage>לא ידוע</QtyInPackage><UnitOfMeasurePrice>0.0960</UnitOfMeasurePrice><AllowDiscount>1</AllowDiscount><ItemStatus>1</ItemStatus><ItemPrice>24.00</ItemPrice></item><item><PriceUpdateDate>2016-04-22 09:51:57</PriceUpdateDate><ItemCode>7290000439952</ItemCode><ItemType>1</ItemType><ItemName>חלב כד 3% מהדרין 2 ל</ItemName><ManufacturerName>חלב תנובה</ManufacturerName><ManufactureCountry>ישראל</ManufactureCountry><ManufacturerItemDescription>חלב כד 3% מהדרין 2 ל</ManufacturerItemDescription><SoldByWeight/><Quantity>2000.00</Quantity><UnitOfMeasure>מ"ל</UnitOfMeasure><QtyInPackage>לא ידוע</QtyInPackage><UnitOfMeasurePrice>0.0058</UnitOfMeasurePrice><AllowDiscount>1</AllowDiscount><ItemStatus>1</ItemStatus><ItemPrice>11.50</ItemPrice></item><item><PriceUpdateDate>2016-02-17 09:57:53</PriceUpdateDate><ItemCode>7290000440002</ItemCode><ItemType>1</ItemType><ItemName>יופלה דיאט אפרסק 0%</ItemName><ManufacturerName>יופלה</ManufacturerName><ManufactureCountry>ישראל</ManufactureCountry><ManufacturerItemDescription>יופלה דיאט אפרסק 150 גרם</ManufacturerItemDescription><SoldByWeight/><Quantity>150.00</Quantity><UnitOfMeasure>גרם     </UnitOfMeasure><QtyInPackage>לא ידוע</QtyInPackage><UnitOfMeasurePrice>0.0353</UnitOfMeasurePrice><AllowDiscount>1</AllowDiscount><ItemStatus>1</ItemStatus><ItemPrice>5.30</ItemPrice></item><item><PriceUpdateDate>2016-08-02 07:38:07</PriceUpdateDate><ItemCode>7290000440026</ItemCode><ItemType>1</ItemType><ItemName>מב מאגדת יופלה3% אפר</ItemName><ManufacturerName>יופלה</ManufacturerName><ManufactureCountry>ישראל</ManufactureCountry><ManufacturerItemDescription>מב מאגדת יופלה3% אפר</ManufacturerItemDescription><SoldByWeight/><Quantity>2880.00</Quantity><UnitOfMeasure>מ"ל</UnitOfMeasure><QtyInPackage>לא ידוע</QtyInPackage><UnitOfMeasurePrice>0.0086</UnitOfMeasurePrice><AllowDiscount>1</AllowDiscount><ItemStatus>1</ItemStatus><ItemPrice>24.90</ItemPrice></item><item><PriceUpdateDate>2016-06-13 09:58:43</PriceUpdateDate><ItemCode>7290000440057</ItemCode><ItemType>1</ItemType><ItemName>יופלה עוגת גבינה 3%</ItemName><ManufacturerName>יופלה</ManufacturerName><ManufactureCountry>ישראל</ManufactureCountry><ManufacturerItemDescription>יופלה עוגת קרם גבינה ותות</ManufacturerItemDescription><SoldByWeight/><Quantity>150.00</Quantity><UnitOfMeasure>גרם     </UnitOfMeasure><QtyInPackage>לא ידוע</QtyInPackage><UnitOfMeasurePrice>0.0327</UnitOfMeasurePrice><AllowDiscount>1</AllowDiscount><ItemStatus>1</ItemStatus><ItemPrice>4.90</ItemPrice></item><item><PriceUpdateDate>2016-06-15 08:32:03</PriceUpdateDate><ItemCode>7290000440118</ItemCode><ItemType>1</ItemType><ItemName>גבינת עמק פתיתים 200</ItemName><ManufacturerName>שף לבן</ManufacturerName><ManufactureCountry>ישראל</ManufactureCountry><ManufacturerItemDescription>פתיתי עמק למאפים 200 גרם</ManufacturerItemDescription><SoldByWeight/><Quantity>200.00</Quantity><UnitOfMeasure>גרם     </UnitOfMeasure><QtyInPackage>לא ידוע</QtyInPackage><UnitOfMeasurePrice>0.0730</UnitOfMeasurePrice><AllowDiscount>1</AllowDiscount><ItemStatus>1</ItemStatus><ItemPrice>14.60</ItemPrice></item><item><PriceUpdateDate>2016-06-15 08:32:03</PriceUpdateDate><ItemCode>7290000440125</ItemCode><ItemType>1</ItemType><ItemName>גבינת פתיתי פרמזן לפ</ItemName><ManufacturerName>שף לבן</ManufacturerName><ManufactureCountry>ישראל</ManufactureCountry><ManufacturerItemDescription>פרמזן פתיתים100 גר</ManufacturerItemDescription><SoldByWeight/><Quantity>1000.00</Quantity><UnitOfMeasure>גרם     </UnitOfMeasure><QtyInPackage>לא ידוע</QtyInPackage><UnitOfMeasurePrice>0.0122</UnitOfMeasurePrice><AllowDiscount>1</AllowDiscount><ItemStatus>1</ItemStatus><ItemPrice>12.20</ItemPrice></item><item><PriceUpdateDate>2016-08-10 08:22:52</PriceUpdateDate><ItemCode>7290000440132</ItemCode><ItemType>1</ItemType><ItemName>צהובה גוש חלב 28% פר</ItemName><ManufacturerName>גוש חלב</ManufacturerName><ManufactureCountry>ישראל</ManufactureCountry><ManufacturerItemDescription>צהובה גוש חלב 28% פר</ManufacturerItemDescription><SoldByWeight/><Quantity>200.00</Quantity><UnitOfMeasure>גרם     </UnitOfMeasure><QtyInPackage>לא ידוע</QtyInPackage><UnitOfMeasurePrice>0.0695</UnitOfMeasurePrice><AllowDiscount>1</AllowDiscount><ItemStatus>1</ItemStatus><ItemPrice>13.90</ItemPrice></item><item><PriceUpdateDate>2015-10-01 06:16:20</PriceUpdateDate><ItemCode>7290000440149</ItemCode><ItemType>1</ItemType><ItemName>גבינה עמק פרוס 200 ג</ItemName><ManufacturerName>עמק</ManufacturerName><ManufactureCountry>ישראל</ManufactureCountry><ManufacturerItemDescription>גבינה עמק פרוס פתיחה חוזר</ManufacturerItemDescription><SoldByWeight/><Quantity>200.00</Quantity><UnitOfMeasure>גרם     </UnitOfMeasure><QtyInPackage>לא ידוע</QtyInPackage><UnitOfMeasurePrice>0.0765</UnitOfMeasurePrice><AllowDiscount>1</AllowDiscount><ItemStatus>1</ItemStatus><ItemPrice>15.30</ItemPrice></item><item><PriceUpdateDate>2015-10-11 20:33:36</PriceUpdateDate><ItemCode>7290000440163</ItemCode><ItemType>1</ItemType><ItemName>גבינת עמק לייט 9% 20</ItemName><ManufacturerName>עמק</ManufacturerName><ManufactureCountry>ישראל</ManufactureCountry><ManufacturerItemDescription>גבינה קשה עמק לייט200 9%</ManufacturerItemDescription><SoldByWeight/><Quantity>200.00</Quantity><UnitOfMeasure>גרם     </UnitOfMeasure><QtyInPackage>לא ידוע</QtyInPackage><UnitOfMeasurePrice>0.0835</UnitOfMeasurePrice><AllowDiscount>1</AllowDiscount><ItemStatus>1</ItemStatus><ItemPrice>16.70</ItemPrice></item><item><PriceUpdateDate>2016-06-17 09:29:54</PriceUpdateDate><ItemCode>7290000440187</ItemCode><ItemType>1</ItemType><ItemName>פתיתי עמק למאפה השף</ItemName><ManufacturerName>שף לבן</ManufacturerName><ManufactureCountry>ישראל</ManufactureCountry><ManufacturerItemDescription>פתיתי עמק למאפה השף</ManufacturerItemDescription><SoldByWeight/><Quantity>500.00</Quantity><UnitOfMeasure>גרם     </UnitOfMeasure><QtyInPackage>לא ידוע</QtyInPackage><UnitOfMeasurePrice>0.0678</UnitOfMeasurePrice><AllowDiscount>1</AllowDiscount><ItemStatus>1</ItemStatus><ItemPrice>33.90</ItemPrice></item><item><PriceUpdateDate>2015-10-11 20:33:36</PriceUpdateDate><ItemCode>7290000440217</ItemCode><ItemType>1</ItemType><ItemName>גבינת חמד פיראוס ליי</ItemName><ManufacturerName>פיראוס</ManufacturerName><ManufactureCountry>ישראל</ManufactureCountry><ManufacturerItemDescription>גבינת חמד פיראוס ליי</ManufacturerItemDescription><SoldByWeight/><Quantity>250.00</Quantity><UnitOfMeasure>גרם     </UnitOfMeasure><QtyInPackage>לא ידוע</QtyInPackage><UnitOfMeasurePrice>0.0700</UnitOfMeasurePrice><AllowDiscount>1</AllowDiscount><ItemStatus>1</ItemStatus><ItemPrice>17.50</ItemPrice></item><item><PriceUpdateDate>2015-11-18 13:57:24</PriceUpdateDate><ItemCode>7290000440231</ItemCode><ItemType>1</ItemType><ItemName>יופלהתות בד''צ 150 מ</ItemName><ManufacturerName>יופלה בד"צ</ManufacturerName><ManufactureCountry>ישראל</ManufactureCountry><ManufacturerItemDescription>יופלהתות בד''צ 150 מ</ManufacturerItemDescription><SoldByWeight/><Quantity>150.00</Quantity><UnitOfMeasure>מ"ל</UnitOfMeasure><QtyInPackage>לא ידוע</QtyInPackage><UnitOfMeasurePrice>0.0313</UnitOfMeasurePrice><AllowDiscount>1</AllowDiscount><ItemStatus>1</ItemStatus><ItemPrice>4.70</ItemPrice></item><item><PriceUpdateDate>2016-08-10 08:23:44</PriceUpdateDate><ItemCode>7290000440279</ItemCode><ItemType>1</ItemType><ItemName>מב גבינה לבנה רכה 5%</ItemName><ManufacturerName>גבינות תנובה</ManufacturerName><ManufactureCountry>ישראל</ManufactureCountry><ManufacturerItemDescription>מב גבינה לבנה רכה 5%</ManufacturerItemDescription><SoldByWeight/><Quantity>250.00</Quantity><UnitOfMeasure>גרם     </UnitOfMeasure><QtyInPackage>לא ידוע</QtyInPackage><UnitOfMeasurePrice>0.0160</UnitOfMeasurePrice><AllowDiscount>1</AllowDiscount><ItemStatus>1</ItemStatus><ItemPrice>4.00</ItemPrice></item><item><PriceUpdateDate>2016-02-17 09:57:53</PriceUpdateDate><ItemCode>7290000440309</ItemCode><ItemType>1</ItemType><ItemName>יופלה דיאט תות 0% 15</ItemName><ManufacturerName>יופלה</ManufacturerName><ManufactureCountry>ישראל</ManufactureCountry><ManufacturerItemDescription>יופלה דיאט תות 150 מל</ManufacturerItemDescription><SoldByWeight/><Quantity>150.00</Quantity><UnitOfMeasure>גרם     </UnitOfMeasure><QtyInPackage>לא ידוע</QtyInPackage><UnitOfMeasurePrice>0.0353</UnitOfMeasurePrice><AllowDiscount>1</AllowDiscount><ItemStatus>1</ItemStatus><ItemPrice>5.30</ItemPrice></item><item><PriceUpdateDate>2016-06-13 09:58:43</PriceUpdateDate><ItemCode>7290000440347</ItemCode><ItemType>1</ItemType><ItemName>יופלה פירות יבשים 4%</ItemName><ManufacturerName>יופלה</ManufacturerName><ManufactureCountry>ישראל</ManufactureCountry><ManufacturerItemDescription>יופלה פירות יבשים 150 4%</ManufacturerItemDescription><SoldByWeight/><Quantity>150.00</Quantity><UnitOfMeasure>גרם     </UnitOfMeasure><QtyInPackage>לא ידוע</QtyInPackage><UnitOfMeasurePrice>0.0327</UnitOfMeasurePrice><AllowDiscount>1</AllowDiscount><ItemStatus>1</ItemStatus><ItemPrice>4.90</ItemPrice></item><item><PriceUpdateDate>2015-10-11 20:33:36</PriceUpdateDate><ItemCode>7290000440354</ItemCode><ItemType>1</ItemType><ItemName>שמנת תנובה 9% שומן</ItemName><ManufacturerName>חלב תנובה</ManufacturerName><ManufactureCountry>ישראל</ManufactureCountry><ManufacturerItemDescription>שמנת תנובה 200 9% מל</ManufacturerItemDescription><SoldByWeight/><Quantity>200.00</Quantity><UnitOfMeasure>מ"ל</UnitOfMeasure><QtyInPackage>לא ידוע</QtyInPackage><UnitOfMeasurePrice>0.0185</UnitOfMeasurePrice><AllowDiscount>1</AllowDiscount><ItemStatus>1</ItemStatus><ItemPrice>3.70</ItemPrice></item><item><PriceUpdateDate>2016-02-11 08:21:14</PriceUpdateDate><ItemCode>7290000440361</ItemCode><ItemType>1</ItemType><ItemName>אשל לבן 4.5% 200 מ"ל</ItemName><ManufacturerName>אשל</ManufacturerName><ManufactureCountry>ישראל</ManufactureCountry><ManufacturerItemDescription>שלי אשל200 מל מהדרין פיקו</ManufacturerItemDescription><SoldByWeight/><Quantity>200.00</Quantity><UnitOfMeasure>מ"ל</UnitOfMeasure><QtyInPackage>לא ידוע</QtyInPackage><UnitOfMeasurePrice>0.0078</UnitOfMeasurePrice><AllowDiscount>1</AllowDiscount><ItemStatus>1</ItemStatus><ItemPrice>1.55</ItemPrice></item><item><PriceUpdateDate>2016-02-11 08:21:14</PriceUpdateDate><ItemCode>7290000440378</ItemCode><ItemType>1</ItemType><ItemName>גיל לבן 3% 200 מ"ל ת</ItemName><ManufacturerName>גיל</ManufacturerName><ManufactureCountry>ישראל</ManufactureCountry><ManufacturerItemDescription>שלי גיל200 מל    פיקוח</ManufacturerItemDescription><SoldByWeight/><Quantity>200.00</Quantity><UnitOfMeasure>מ"ל</UnitOfMeasure><QtyInPackage>לא ידוע</QtyInPackage><UnitOfMeasurePrice>0.0070</UnitOfMeasurePrice><AllowDiscount>1</AllowDiscount><ItemStatus>1</ItemStatus><ItemPrice>1.40</ItemPrice></item><item><PriceUpdateDate>2016-02-11 08:21:14</PriceUpdateDate><ItemCode>7290000440385</ItemCode><ItemType>1</ItemType><ItemName>שמנת תנובה 15% 200 מ</ItemName><ManufacturerName>חלב תנובה</ManufacturerName><ManufactureCountry>ישראל</ManufactureCountry><ManufacturerItemDescription>שמנת תנובה200 15% מל  פיק</ManufacturerItemDescription><SoldByWeight/><Quantity>200.00</Quantity><UnitOfMeasure>מ"ל</UnitOfMeasure><QtyInPackage>לא ידוע</QtyInPackage><UnitOfMeasurePrice>0.0110</UnitOfMeasurePrice><AllowDiscount>1</AllowDiscount><ItemStatus>1</ItemStatus><ItemPrice>2.20</ItemPrice></item><item><PriceUpdateDate>2015-10-01 06:16:21</PriceUpdateDate><ItemCode>7290000440392</ItemCode><ItemType>1</ItemType><ItemName>שמנת חמוצה 15% 500 ג</ItemName><ManufacturerName>תנובה</ManufacturerName><ManufactureCountry>ישראל</ManufactureCountry><ManufacturerItemDescription>שמנת חמוצה 15% 500 ג</ManufacturerItemDescription><SoldByWeight/><Quantity>500.00</Quantity><UnitOfMeasure>מ"ל</UnitOfMeasure><QtyInPackage>לא ידוע</QtyInPackage><UnitOfMeasurePrice>0.0114</UnitOfMeasurePrice><AllowDiscount>1</AllowDiscount><ItemStatus>1</ItemStatus><ItemPrice>5.70</ItemPrice></item><item><PriceUpdateDate>2015-07-24 10:52:11</PriceUpdateDate><ItemCode>7290000440408</ItemCode><ItemType>1</ItemType><ItemName>שמנת אורגינל 15% חצי</ItemName><ManufacturerName>חלב תנובה</ManufacturerName><ManufactureCountry>ישראל</ManufactureCountry><ManufacturerItemDescription>שמנת תנובה 15% חצי מנה 10</ManufacturerItemDescription><SoldByWeight/><Quantity>100.00</Quantity><UnitOfMeasure>מ"ל</UnitOfMeasure><QtyInPackage>לא ידוע</QtyInPackage><UnitOfMeasurePrice>0.0190</UnitOfMeasurePrice><AllowDiscount>1</AllowDiscount><ItemStatus>1</ItemStatus><ItemPrice>1.90</ItemPrice></item><item><PriceUpdateDate>2016-08-02 07:38:08</PriceUpdateDate><ItemCode>7290000440415</ItemCode><ItemType>1</ItemType><ItemName>מב משקה סויה מעושר ב</ItemName><ManufacturerName>סו תנובה</ManufacturerName><ManufactureCountry>ישראל</ManufactureCountry><ManufacturerItemDescription>משקה סויה מועשר בסידן 1 ל</ManufacturerItemDescription><SoldByWeight/><Quantity>1000.00</Quantity><UnitOfMeasure>מ"ל</UnitOfMeasure><QtyInPackage>לא ידוע</QtyInPackage><UnitOfMeasurePrice>0.0089</UnitOfMeasurePrice><AllowDiscount>0</AllowDiscount><ItemStatus>1</ItemStatus><ItemPrice>8.90</ItemPrice></item><item><PriceUpdateDate>2016-08-02 07:38:08</PriceUpdateDate><ItemCode>7290000440422</ItemCode><ItemType>1</ItemType><ItemName>מב משקה סויה על הבוק</ItemName><ManufacturerName>סו תנובה</ManufacturerName><ManufactureCountry>ישראל</ManufactureCountry><ManufacturerItemDescription>משקה סויה על הבוקר וניל 1</ManufacturerItemDescription><SoldByWeight/><Quantity>1000.00</Quantity><UnitOfMeasure>מ"ל</UnitOfMeasure><QtyInPackage>לא ידוע</QtyInPackage><UnitOfMeasurePrice>0.0089</UnitOfMeasurePrice><AllowDiscount>0</AllowDiscount><ItemStatus>1</ItemStatus><ItemPrice>8.90</ItemPrice></item><item><PriceUpdateDate>2016-02-16 20:38:14</PriceUpdateDate><ItemCode>7290000440446</ItemCode><ItemType>1</ItemType><ItemName>שמנת לבישול15% השף ה</ItemName><ManufacturerName>שף לבן</ManufacturerName><ManufactureCountry>ישראל</ManufactureCountry><ManufacturerItemDescription>שמנת לבישול 250 15% מל</ManufacturerItemDescription><SoldByWeight/><Quantity>250.00</Quantity><UnitOfMeasure>מ"ל</UnitOfMeasure><QtyInPackage>לא ידוע</QtyInPackage><UnitOfMeasurePrice>0.0376</UnitOfMeasurePrice><AllowDiscount>1</AllowDiscount><ItemStatus>1</ItemStatus><ItemPrice>9.40</ItemPrice></item><item><PriceUpdateDate>2016-02-25 09:03:54</PriceUpdateDate><ItemCode>7290000440453</ItemCode><ItemType>1</ItemType><ItemName>שמנת להקצפה 32% 250</ItemName><ManufacturerName>שף לבן</ManufacturerName><ManufactureCountry>ישראל</ManufactureCountry><ManufacturerItemDescription>שמנת להקצפה 250 - 32% מל</ManufacturerItemDescription><SoldByWeight/><Quantity>250.00</Quantity><UnitOfMeasure>מ"ל</UnitOfMeasure><QtyInPackage>לא ידוע</QtyInPackage><UnitOfMeasurePrice>0.0276</UnitOfMeasurePrice><AllowDiscount>1</AllowDiscount><ItemStatus>1</ItemStatus><ItemPrice>6.90</ItemPrice></item><item><PriceUpdateDate>2016-02-16 20:38:14</PriceUpdateDate><ItemCode>7290000440460</ItemCode><ItemType>1</ItemType><ItemName>עמק פרוס בקופסא 400</ItemName><ManufacturerName>עמק</ManufacturerName><ManufactureCountry>ישראל</ManufactureCountry><ManufacturerItemDescription>גבינהקשה עמק 400 28% גרם</ManufacturerItemDescription><SoldByWeight/><Quantity>400.00</Quantity><UnitOfMeasure>גרם     </UnitOfMeasure><QtyInPackage>לא ידוע</QtyInPackage><UnitOfMeasurePrice>0.0722</UnitOfMeasurePrice><AllowDiscount>1</AllowDiscount><ItemStatus>1</ItemStatus><ItemPrice>28.90</ItemPrice></item><item><PriceUpdateDate>2015-10-11 20:33:37</PriceUpdateDate><ItemCode>7290000440507</ItemCode><ItemType>1</ItemType><ItemName>גבינה צהובה טל העמק</ItemName><ManufacturerName>עמק</ManufacturerName><ManufactureCountry>ישראל</ManufactureCountry><ManufacturerItemDescription>גבינהקשה טל העמק לייט200</ManufacturerItemDescription><SoldByWeight/><Quantity>200.00</Quantity><UnitOfMeasure>גרם     </UnitOfMeasure><QtyInPackage>לא ידוע</QtyInPackage><UnitOfMeasurePrice>0.0945</UnitOfMeasurePrice><AllowDiscount>1</AllowDiscount><ItemStatus>1</ItemStatus><ItemPrice>18.90</ItemPrice></item><item><PriceUpdateDate>2016-02-17 09:57:53</PriceUpdateDate><ItemCode>7290000440514</ItemCode><ItemType>1</ItemType><ItemName>יופלה דיאט פירות יער</ItemName><ManufacturerName>יופלה</ManufacturerName><ManufactureCountry>ישראל</ManufactureCountry><ManufacturerItemDescription>יופלה דיאט פירות יער 150</ManufacturerItemDescription><SoldByWeight/><Quantity>150.00</Quantity><UnitOfMeasure>גרם     </UnitOfMeasure><QtyInPackage>לא ידוע</QtyInPackage><UnitOfMeasurePrice>0.0353</UnitOfMeasurePrice><AllowDiscount>1</AllowDiscount><ItemStatus>1</ItemStatus><ItemPrice>5.30</ItemPrice></item><item><PriceUpdateDate>2016-05-31 06:53:44</PriceUpdateDate><ItemCode>7290000440521</ItemCode><ItemType>1</ItemType><ItemName>שוקו תנובה 250 מ"ל</ItemName><ManufacturerName>שוק</ManufacturerName><ManufactureCountry>ישראל</ManufactureCountry><ManufacturerItemDescription>שוקו בקבוק 250 מל מהדרין</ManufacturerItemDescription><SoldByWeight/><Quantity>250.00</Quantity><UnitOfMeasure>מ"ל</UnitOfMeasure><QtyInPackage>לא ידוע</QtyInPackage><UnitOfMeasurePrice>0.0228</UnitOfMeasurePrice><AllowDiscount>1</AllowDiscount><ItemStatus>1</ItemStatus><ItemPrice>5.70</ItemPrice></item><item><PriceUpdateDate>2015-11-18 14:01:14</PriceUpdateDate><ItemCode>7290000440538</ItemCode><ItemType>1</ItemType><ItemName>קוטג' 3% מהדרין 250</ItemName><ManufacturerName>קוטג תנובה</ManufacturerName><ManufactureCountry>ישראל</ManufactureCountry><ManufacturerItemDescription>קוטג 250 3% גרם</ManufacturerItemDescription><SoldByWeight/><Quantity>250.00</Quantity><UnitOfMeasure>גרם     </UnitOfMeasure><QtyInPackage>לא ידוע</QtyInPackage><UnitOfMeasurePrice>0.0228</UnitOfMeasurePrice><AllowDiscount>1</AllowDiscount><ItemStatus>1</ItemStatus><ItemPrice>5.70</ItemPrice></item><item><PriceUpdateDate>2015-10-01 06:16:21</PriceUpdateDate><ItemCode>7290000440545</ItemCode><ItemType>1</ItemType><ItemName>קוטג' 5% מהדרין 250</ItemName><ManufacturerName>קוטג תנובה</ManufacturerName><ManufactureCountry>ישראל</ManufactureCountry><ManufacturerItemDescription>קוטג250 5% גר.בעלז</ManufacturerItemDescription><SoldByWeight/><Quantity>250.00</Quantity><UnitOfMeasure>גרם     </UnitOfMeasure><QtyInPackage>לא ידוע</QtyInPackage><UnitOfMeasurePrice>0.0228</UnitOfMeasurePrice><AllowDiscount>1</AllowDiscount><ItemStatus>1</ItemStatus><ItemPrice>5.70</ItemPrice></item><item><PriceUpdateDate>2015-11-18 14:01:14</PriceUpdateDate><ItemCode>7290000440552</ItemCode><ItemType>1</ItemType><ItemName>קוטג' 9% 250 גרם תנו</ItemName><ManufacturerName>קוטג תנובה</ManufacturerName><ManufactureCountry>ישראל</ManufactureCountry><ManufacturerItemDescription>קוטג250 9% גרם בעלז</ManufacturerItemDescription><SoldByWeight/><Quantity>250.00</Quantity><UnitOfMeasure>גרם     </UnitOfMeasure><QtyInPackage>לא ידוע</QtyInPackage><UnitOfMeasurePrice>0.0228</UnitOfMeasurePrice><AllowDiscount>1</AllowDiscount><ItemStatus>1</ItemStatus><ItemPrice>5.70</ItemPrice></item><item><PriceUpdateDate>2016-05-22 08:47:41</PriceUpdateDate><ItemCode>7290000440583</ItemCode><ItemType>1</ItemType><ItemName>גבינה לבנה 5% 500 גר</ItemName><ManufacturerName>גבינות תנובה</ManufacturerName><ManufactureCountry>ישראל</ManufactureCountry><ManufacturerItemDescription>גבינה למריחה 500 5% גרם</ManufacturerItemDescription><SoldByWeight/><Quantity>500.00</Quantity><UnitOfMeasure>גרם     </UnitOfMeasure><QtyInPackage>לא ידוע</QtyInPackage><UnitOfMeasurePrice>0.0184</UnitOfMeasurePrice><AllowDiscount>1</AllowDiscount><ItemStatus>1</ItemStatus><ItemPrice>9.20</ItemPrice></item><item><PriceUpdateDate>2016-07-20 11:24:30</PriceUpdateDate><ItemCode>7290000440590</ItemCode><ItemType>1</ItemType><ItemName>גבינה לבנה 9% 500 גר</ItemName><ManufacturerName>גבינות תנובה</ManufacturerName><ManufactureCountry>ישראל</ManufactureCountry><ManufacturerItemDescription>גבינה לבנה 9% 500 גר</ManufacturerItemDescription><SoldByWeight/><Quantity>500.00</Quantity><UnitOfMeasure>גרם     </UnitOfMeasure><QtyInPackage>לא ידוע</QtyInPackage><UnitOfMeasurePrice>0.0184</UnitOfMeasurePrice><AllowDiscount>1</AllowDiscount><ItemStatus>1</ItemStatus><ItemPrice>9.20</ItemPrice></item><item><PriceUpdateDate>2016-02-11 08:21:14</PriceUpdateDate><ItemCode>7290000440606</ItemCode><ItemType>1</ItemType><ItemName>גבינה לבנה 5% 750 גר</ItemName><ManufacturerName>גבינות תנובה</ManufacturerName><ManufactureCountry>ישראל</ManufactureCountry><ManufacturerItemDescription>גבינה לבנה 5% 750 גר</ManufacturerItemDescription><SoldByWeight/><Quantity>750.00</Quantity><UnitOfMeasure>גרם     </UnitOfMeasure><QtyInPackage>לא ידוע</QtyInPackage><UnitOfMeasurePrice>0.0184</UnitOfMeasurePrice><AllowDiscount>1</AllowDiscount><ItemStatus>1</ItemStatus><ItemPrice>13.80</ItemPrice></item><item><PriceUpdateDate>2016-07-20 11:24:30</PriceUpdateDate><ItemCode>7290000440620</ItemCode><ItemType>1</ItemType><ItemName>גבינה לבנה 1/2% 500</ItemName><ManufacturerName>גבינות תנובה</ManufacturerName><ManufactureCountry>ישראל</ManufactureCountry><ManufacturerItemDescription>גבינה לבנה 1/2% 500</ManufacturerItemDescription><SoldByWeight/><Quantity>500.00</Quantity><UnitOfMeasure>גרם     </UnitOfMeasure><QtyInPackage>לא ידוע</QtyInPackage><UnitOfMeasurePrice>0.0184</UnitOfMeasurePrice><AllowDiscount>1</AllowDiscount><ItemStatus>1</ItemStatus><ItemPrice>9.20</ItemPrice></item><item><PriceUpdateDate>2015-11-18 13:57:24</PriceUpdateDate><ItemCode>7290000440682</ItemCode><ItemType>1</ItemType><ItemName>גבינת עמק בסגנון אמר</ItemName><ManufacturerName>טוסטי</ManufacturerName><ManufactureCountry>ישראל</ManufactureCountry><ManufacturerItemDescription>גבינת עמק בסגנון אמר</ManufacturerItemDescription><SoldByWeight/><Quantity>200.00</Quantity><UnitOfMeasure>גרם     </UnitOfMeasure><QtyInPackage>לא ידוע</QtyInPackage><UnitOfMeasurePrice>0.0990</UnitOfMeasurePrice><AllowDiscount>1</AllowDiscount><ItemStatus>1</ItemStatus><ItemPrice>19.80</ItemPrice></item><item><PriceUpdateDate>2016-08-02 07:38:08</PriceUpdateDate><ItemCode>7290000440712</ItemCode><ItemType>1</ItemType><ItemName>מב גבינת קרם שמנת 5%</ItemName><ManufacturerName>גבינות תנובה</ManufacturerName><ManufactureCountry>ישראל</ManufactureCountry><ManufacturerItemDescription>גבינת שמנת 200 5% גרם</ManufacturerItemDescription><SoldByWeight/><Quantity>200.00</Quantity><UnitOfMeasure>גרם     </UnitOfMeasure><QtyInPackage>לא ידוע</QtyInPackage><UnitOfMeasurePrice>0.0445</UnitOfMeasurePrice><AllowDiscount>1</AllowDiscount><ItemStatus>1</ItemStatus><ItemPrice>8.90</ItemPrice></item><item><PriceUpdateDate>2016-08-02 07:38:08</PriceUpdateDate><ItemCode>7290000440729</ItemCode><ItemType>1</ItemType><ItemName>מב גבינת קרם שמנת 5%</ItemName><ManufacturerName>גבינות תנובה</ManufacturerName><ManufactureCountry>ישראל</ManufactureCountry><ManufacturerItemDescription>גבינת שמנת 5% זיתים 200 ג</ManufacturerItemDescription><SoldByWeight/><Quantity>200.00</Quantity><UnitOfMeasure>גרם     </UnitOfMeasure><QtyInPackage>לא ידוע</QtyInPackage><UnitOfMeasurePrice>0.0445</UnitOfMeasurePrice><AllowDiscount>1</AllowDiscount><ItemStatus>1</ItemStatus><ItemPrice>8.90</ItemPrice></item><item><PriceUpdateDate>2016-08-02 07:38:08</PriceUpdateDate><ItemCode>7290000440774</ItemCode><ItemType>1</ItemType><ItemName>מב גבינת נפוליאון טב</ItemName><ManufacturerName>נפוליאון</ManufacturerName><ManufactureCountry>ישראל</ManufactureCountry><ManufacturerItemDescription>גבינהשמנ.נפולאון טעם טבעי</ManufacturerItemDescription><SoldByWeight/><Quantity>225.00</Quantity><UnitOfMeasure>גרם     </UnitOfMeasure><QtyInPackage>לא ידוע</QtyInPackage><UnitOfMeasurePrice>0.0444</UnitOfMeasurePrice><AllowDiscount>1</AllowDiscount><ItemStatus>1</ItemStatus><ItemPrice>10.00</ItemPrice></item><item><PriceUpdateDate>2016-08-02 07:38:09</PriceUpdateDate><ItemCode>7290000440781</ItemCode><ItemType>1</ItemType><ItemName>מב גבינת נפוליאון בט</ItemName><ManufacturerName>נפוליאון</ManufacturerName><ManufactureCountry>ישראל</ManufactureCountry><ManufacturerItemDescription>גבינהשמנ.נפולאון זיתים 22</ManufacturerItemDescription><SoldByWeight/><Quantity>225.00</Quantity><UnitOfMeasure>גרם     </UnitOfMeasure><QtyInPackage>לא ידוע</QtyInPackage><UnitOfMeasurePrice>0.0444</UnitOfMeasurePrice><AllowDiscount>1</AllowDiscount><ItemStatus>1</ItemStatus><ItemPrice>10.00</ItemPrice></item><item><PriceUpdateDate>2016-08-02 07:38:09</PriceUpdateDate><ItemCode>7290000440798</ItemCode><ItemType>1</ItemType><ItemName>מב גבינת נפוליאון בט</ItemName><ManufacturerName>נפוליאון</ManufacturerName><ManufactureCountry>ישראל</ManufactureCountry><ManufacturerItemDescription>גבינהשמנ.נפולאון שום שמיר</ManufacturerItemDescription><SoldByWeight/><Quantity>225.00</Quantity><UnitOfMeasure>גרם     </UnitOfMeasure><QtyInPackage>לא ידוע</QtyInPackage><UnitOfMeasurePrice>0.0444</UnitOfMeasurePrice><AllowDiscount>1</AllowDiscount><ItemStatus>1</ItemStatus><ItemPrice>10.00</ItemPrice></item><item><PriceUpdateDate>2016-08-10 08:23:44</PriceUpdateDate><ItemCode>7290000440811</ItemCode><ItemType>1</ItemType><ItemName>מב גבינה לבנה 3% 250</ItemName><ManufacturerName>גבינות תנובה</ManufacturerName><ManufactureCountry>ישראל</ManufactureCountry><ManufacturerItemDescription>גבינה לבנה 250 3% גרם</ManufacturerItemDescription><SoldByWeight/><Quantity>250.00</Quantity><UnitOfMeasure>גרם     </UnitOfMeasure><QtyInPackage>לא ידוע</QtyInPackage><UnitOfMeasurePrice>0.0160</UnitOfMeasurePrice><AllowDiscount>1</AllowDiscount><ItemStatus>1</ItemStatus><ItemPrice>4.00</ItemPrice></item><item><PriceUpdateDate>2015-10-11 20:33:37</PriceUpdateDate><ItemCode>7290000440842</ItemCode><ItemType>1</ItemType><ItemName>יופלה עם פצפוצי שוקו</ItemName><ManufacturerName>יופלה</ManufacturerName><ManufactureCountry>ישראל</ManufactureCountry><ManufacturerItemDescription>יופלה 3% פצפוצים מכסה מעל</ManufacturerItemDescription><SoldByWeight/><Quantity>167.00</Quantity><UnitOfMeasure>גרם     </UnitOfMeasure><QtyInPackage>לא ידוע</QtyInPackage><UnitOfMeasurePrice>0.0341</UnitOfMeasurePrice><AllowDiscount>1</AllowDiscount><ItemStatus>1</ItemStatus><ItemPrice>5.70</ItemPrice></item><item><PriceUpdateDate>2015-10-11 20:33:37</PriceUpdateDate><ItemCode>7290000440859</ItemCode><ItemType>1</ItemType><ItemName>יופלה לבן מעודן 1.5%</ItemName><ManufacturerName>יופלה</ManufacturerName><ManufactureCountry>ישראל</ManufactureCountry><ManufacturerItemDescription>יוגורט יופלה לבן 1.5% מעו</ManufacturerItemDescription><SoldByWeight/><Quantity>200.00</Quantity><UnitOfMeasure>מ"ל</UnitOfMeasure><QtyInPackage>לא ידוע</QtyInPackage><UnitOfMeasurePrice>0.0225</UnitOfMeasurePrice><AllowDiscount>1</AllowDiscount><ItemStatus>1</ItemStatus><ItemPrice>4.50</ItemPrice></item><item><PriceUpdateDate>2016-08-10 08:22:52</PriceUpdateDate><ItemCode>7290000440866</ItemCode><ItemType>1</ItemType><ItemName>מאגדת יופלה 3% לבן 8</ItemName><ManufacturerName>יופלה</ManufacturerName><ManufactureCountry>ישראל</ManufactureCountry><ManufacturerItemDescription>מאגדת יופלה 3% לבן 8</ManufacturerItemDescription><SoldByWeight/><Quantity>1200.00</Quantity><UnitOfMeasure>גרם     </UnitOfMeasure><QtyInPackage>לא ידוע</QtyInPackage><UnitOfMeasurePrice>0.0154</UnitOfMeasurePrice><AllowDiscount>1</AllowDiscount><ItemStatus>1</ItemStatus><ItemPrice>18.50</ItemPrice></item><item><PriceUpdateDate>2016-08-02 07:34:12</PriceUpdateDate><ItemCode>7290000440880</ItemCode><ItemType>1</ItemType><ItemName>מב אייס קפה תנובה 1</ItemName><ManufacturerName>שוק</ManufacturerName><ManufactureCountry>ישראל</ManufactureCountry><ManufacturerItemDescription>משקה אייס קפה בקבוק 1 ליט</ManufacturerItemDescription><SoldByWeight/><Quantity>1000.00</Quantity><UnitOfMeasure>מ"ל</UnitOfMeasure><QtyInPackage>לא ידוע</QtyInPackage><UnitOfMeasurePrice>0.0090</UnitOfMeasurePrice><AllowDiscount>1</AllowDiscount><ItemStatus>1</ItemStatus><ItemPrice>9.00</ItemPrice></item><item><PriceUpdateDate>2016-08-02 07:38:09</PriceUpdateDate><ItemCode>7290000440897</ItemCode><ItemType>1</ItemType><ItemName>מב משקה סויה מועשר ב</ItemName><ManufacturerName>סו תנובה</ManufacturerName><ManufactureCountry>ישראל</ManufactureCountry><ManufacturerItemDescription>משקה סויה מועשר מופחת מתי</ManufacturerItemDescription><SoldByWeight/><Quantity>1000.00</Quantity><UnitOfMeasure>מ"ל</UnitOfMeasure><QtyInPackage>לא ידוע</QtyInPackage><UnitOfMeasurePrice>0.0089</UnitOfMeasurePrice><AllowDiscount>0</AllowDiscount><ItemStatus>1</ItemStatus><ItemPrice>8.90</ItemPrice></item><item><PriceUpdateDate>2016-06-13 09:58:43</PriceUpdateDate><ItemCode>7290000440910</ItemCode><ItemType>1</ItemType><ItemName>יופלה פירות יער בשמנ</ItemName><ManufacturerName>יופלה</ManufacturerName><ManufactureCountry>ישראל</ManufactureCountry><ManufacturerItemDescription>יופלה פירות יער שמנת</ManufacturerItemDescription><SoldByWeight/><Quantity>150.00</Quantity><UnitOfMeasure>גרם     </UnitOfMeasure><QtyInPackage>לא ידוע</QtyInPackage><UnitOfMeasurePrice>0.0327</UnitOfMeasurePrice><AllowDiscount>1</AllowDiscount><ItemStatus>1</ItemStatus><ItemPrice>4.90</ItemPrice></item><item><PriceUpdateDate>2016-02-11 08:21:14</PriceUpdateDate><ItemCode>7290000440934</ItemCode><ItemType>1</ItemType><ItemName>חלב תנובה 1% מהדרין</ItemName><ManufacturerName>חלב תנובה</ManufacturerName><ManufactureCountry>ישראל</ManufactureCountry><ManufacturerItemDescription>חלב תנובה 1% מהדרין</ManufacturerItemDescription><SoldByWeight/><Quantity>1000.00</Quantity><UnitOfMeasure>מ"ל</UnitOfMeasure><QtyInPackage>לא ידוע</QtyInPackage><UnitOfMeasurePrice>0.0047</UnitOfMeasurePrice><AllowDiscount>1</AllowDiscount><ItemStatus>1</ItemStatus><ItemPrice>4.65</ItemPrice></item><item><PriceUpdateDate>2016-05-15 10:47:59</PriceUpdateDate><ItemCode>7290000440941</ItemCode><ItemType>1</ItemType><ItemName>חלב קרטון 3% מהדרין</ItemName><ManufacturerName>חלב תנובה</ManufacturerName><ManufactureCountry>ישראל</ManufactureCountry><ManufacturerItemDescription>חלב1 3% ל.קרטון מהדרין פי</ManufacturerItemDescription><SoldByWeight/><Quantity>1000.00</Quantity><UnitOfMeasure>מ"ל</UnitOfMeasure><QtyInPackage>לא ידוע</QtyInPackage><UnitOfMeasurePrice>0.0058</UnitOfMeasurePrice><AllowDiscount>1</AllowDiscount><ItemStatus>1</ItemStatus><ItemPrice>5.75</ItemPrice></item><item><PriceUpdateDate>2016-07-20 11:24:30</PriceUpdateDate><ItemCode>7290000440972</ItemCode><ItemType>1</ItemType><ItemName>גבינה לבנה 3% 500 גר</ItemName><ManufacturerName>גבינות תנובה</ManufacturerName><ManufactureCountry>ישראל</ManufactureCountry><ManufacturerItemDescription>גבינה לבנה 3% 500 גר</ManufacturerItemDescription><SoldByWeight/><Quantity>500.00</Quantity><UnitOfMeasure>גרם     </UnitOfMeasure><QtyInPackage>לא ידוע</QtyInPackage><UnitOfMeasurePrice>0.0184</UnitOfMeasurePrice><AllowDiscount>1</AllowDiscount><ItemStatus>1</ItemStatus><ItemPrice>9.20</ItemPrice></item><item><PriceUpdateDate>2016-05-31 06:53:44</PriceUpdateDate><ItemCode>7290000440996</ItemCode><ItemType>1</ItemType><ItemName>יופלה ביו 3% לבן 200</ItemName><ManufacturerName>יופלה</ManufacturerName><ManufactureCountry>ישראל</ManufactureCountry><ManufacturerItemDescription>יוגורט יופלה לבן 200 3% ג</ManufacturerItemDescription><SoldByWeight/><Quantity>200.00</Quantity><UnitOfMeasure>גרם     </UnitOfMeasure><QtyInPackage>לא ידוע</QtyInPackage><UnitOfMeasurePrice>0.0190</UnitOfMeasurePrice><AllowDiscount>1</AllowDiscount><ItemStatus>1</ItemStatus><ItemPrice>3.80</ItemPrice></item><item><PriceUpdateDate>2016-08-02 07:34:12</PriceUpdateDate><ItemCode>7290000441030</ItemCode><ItemType>1</ItemType><ItemName>מב שוקו תנובה 1 ליטר</ItemName><ManufacturerName>שוק</ManufacturerName><ManufactureCountry>ישראל</ManufactureCountry><ManufacturerItemDescription>שוקו תנובה בקבוק 1 ליטר</ManufacturerItemDescription><SoldByWeight/><Quantity>1000.00</Quantity><UnitOfMeasure>מ"ל</UnitOfMeasure><QtyInPackage>לא ידוע</QtyInPackage><UnitOfMeasurePrice>0.0090</UnitOfMeasurePrice><AllowDiscount>1</AllowDiscount><ItemStatus>1</ItemStatus><ItemPrice>9.00</ItemPrice></item><item><PriceUpdateDate>2016-02-14 09:10:05</PriceUpdateDate><ItemCode>7290000441108</ItemCode><ItemType>1</ItemType><ItemName>חלב לקפה3.5% שומן 80</ItemName><ManufacturerName>חלב תנובה</ManufacturerName><ManufactureCountry>ישראל</ManufactureCountry><ManufacturerItemDescription>חלב פלוס לקפה  800 3.5% מ</ManufacturerItemDescription><SoldByWeight/><Quantity>800.00</Quantity><UnitOfMeasure>מ"ל</UnitOfMeasure><QtyInPackage>לא ידוע</QtyInPackage><UnitOfMeasurePrice>0.0086</UnitOfMeasurePrice><AllowDiscount>1</AllowDiscount><ItemStatus>1</ItemStatus><ItemPrice>6.90</ItemPrice></item><item><PriceUpdateDate>2016-08-02 07:34:12</PriceUpdateDate><ItemCode>7290000441139</ItemCode><ItemType>1</ItemType><ItemName>מב משקה חלב בננה תנו</ItemName><ManufacturerName>תנובה</ManufacturerName><ManufactureCountry>ישראל</ManufactureCountry><ManufacturerItemDescription>מב משקה חלב בננה תנו</ManufacturerItemDescription><SoldByWeight/><Quantity>1000.00</Quantity><UnitOfMeasure>מ"ל</UnitOfMeasure><QtyInPackage>לא ידוע</QtyInPackage><UnitOfMeasurePrice>0.0090</UnitOfMeasurePrice><AllowDiscount>1</AllowDiscount><ItemStatus>1</ItemStatus><ItemPrice>9.00</ItemPrice></item><item><PriceUpdateDate>2016-08-02 07:38:09</PriceUpdateDate><ItemCode>7290000441146</ItemCode><ItemType>1</ItemType><ItemName>מב חלב סויה טבעי 1 ל</ItemName><ManufacturerName>סו תנובה</ManufacturerName><ManufactureCountry>ישראל</ManufactureCountry><ManufacturerItemDescription>משקה סויה דיאט 1 ליטר</ManufacturerItemDescription><SoldByWeight/><Quantity>1000.00</Quantity><UnitOfMeasure>מ"ל</UnitOfMeasure><QtyInPackage>לא ידוע</QtyInPackage><UnitOfMeasurePrice>0.0089</UnitOfMeasurePrice><AllowDiscount>0</AllowDiscount><ItemStatus>1</ItemStatus><ItemPrice>8.90</ItemPrice></item><item><PriceUpdateDate>2015-11-18 13:57:24</PriceUpdateDate><ItemCode>7290000441238</ItemCode><ItemType>1</ItemType><ItemName>יופלה לבןעם גרנולה 1</ItemName><ManufacturerName>יופלה</ManufacturerName><ManufactureCountry>ישראל</ManufactureCountry><ManufacturerItemDescription>יופלה לבן+1.5% גרנולה מכס</ManufacturerItemDescription><SoldByWeight/><Quantity>170.00</Quantity><UnitOfMeasure>מ"ל</UnitOfMeasure><QtyInPackage>לא ידוע</QtyInPackage><UnitOfMeasurePrice>0.0347</UnitOfMeasurePrice><AllowDiscount>1</AllowDiscount><ItemStatus>1</ItemStatus><ItemPrice>5.90</ItemPrice></item><item><PriceUpdateDate>2015-10-22 10:36:32</PriceUpdateDate><ItemCode>7290000441245</ItemCode><ItemType>1</ItemType><ItemName>יופלה ביו דיאט 0% לב</ItemName><ManufacturerName>יופלה</ManufacturerName><ManufactureCountry>ישראל</ManufactureCountry><ManufacturerItemDescription>יופלה לבן דיאט 200 ג</ManufacturerItemDescription><SoldByWeight/><Quantity>200.00</Quantity><UnitOfMeasure>גרם     </UnitOfMeasure><QtyInPackage>לא ידוע</QtyInPackage><UnitOfMeasurePrice>0.0200</UnitOfMeasurePrice><AllowDiscount>1</AllowDiscount><ItemStatus>1</ItemStatus><ItemPrice>4.00</ItemPrice></item><item><PriceUpdateDate>2016-05-31 06:53:45</PriceUpdateDate><ItemCode>7290000441276</ItemCode><ItemType>1</ItemType><ItemName>מאגדת יופלה 1.5% לבן</ItemName><ManufacturerName>יופלה</ManufacturerName><ManufactureCountry>ישראל</ManufactureCountry><ManufacturerItemDescription>מאגדת יופלה 1.5% לבן</ManufacturerItemDescription><SoldByWeight/><Quantity>1200.00</Quantity><UnitOfMeasure>גרם     </UnitOfMeasure><QtyInPackage>לא ידוע</QtyInPackage><UnitOfMeasurePrice>0.0182</UnitOfMeasurePrice><AllowDiscount>1</AllowDiscount><ItemStatus>1</ItemStatus><ItemPrice>21.80</ItemPrice></item><item><PriceUpdateDate>2016-02-14 09:10:05</PriceUpdateDate><ItemCode>7290000441313</ItemCode><ItemType>1</ItemType><ItemName>חלב על הבוקר 3% בקרט</ItemName><ManufacturerName>חלב תנובה</ManufacturerName><ManufactureCountry>ישראל</ManufactureCountry><ManufacturerItemDescription>חלב 3% על הבוקר קרטון+פקק</ManufacturerItemDescription><SoldByWeight/><Quantity>1000.00</Quantity><UnitOfMeasure>מ"ל</UnitOfMeasure><QtyInPackage>לא ידוע</QtyInPackage><UnitOfMeasurePrice>0.0089</UnitOfMeasurePrice><AllowDiscount>1</AllowDiscount><ItemStatus>1</ItemStatus><ItemPrice>8.90</ItemPrice></item><item><PriceUpdateDate>2016-08-10 08:22:52</PriceUpdateDate><ItemCode>7290000441412</ItemCode><ItemType>1</ItemType><ItemName>מאגדת קרלו 800 גר'</ItemName><ManufacturerName>קרלו</ManufacturerName><ManufactureCountry>ישראל</ManufactureCountry><ManufacturerItemDescription>מאגדת קרלו 800 גר'</ManufacturerItemDescription><SoldByWeight/><Quantity>800.00</Quantity><UnitOfMeasure>גרם     </UnitOfMeasure><QtyInPackage>לא ידוע</QtyInPackage><UnitOfMeasurePrice>0.0174</UnitOfMeasurePrice><AllowDiscount>1</AllowDiscount><ItemStatus>1</ItemStatus><ItemPrice>13.90</ItemPrice></item><item><PriceUpdateDate>2016-08-02 07:34:13</PriceUpdateDate><ItemCode>7290000441429</ItemCode><ItemType>1</ItemType><ItemName>מאגדת קרלו 800 גר'</ItemName><ManufacturerName>קרלו</ManufacturerName><ManufactureCountry>ישראל</ManufactureCountry><ManufacturerItemDescription>מאגדת קרלו 800 גר'</ManufacturerItemDescription><SoldByWeight/><Quantity>800.00</Quantity><UnitOfMeasure>גרם     </UnitOfMeasure><QtyInPackage>לא ידוע</QtyInPackage><UnitOfMeasurePrice>0.0171</UnitOfMeasurePrice><AllowDiscount>1</AllowDiscount><ItemStatus>1</ItemStatus><ItemPrice>13.70</ItemPrice></item><item><PriceUpdateDate>2016-06-28 09:28:14</PriceUpdateDate><ItemCode>7290000441672</ItemCode><ItemType>1</ItemType><ItemName>שוקו בבקבוק 340 מ"ל</ItemName><ManufacturerName>תנובה</ManufacturerName><ManufactureCountry>ישראל</ManufactureCountry><ManufacturerItemDescription>שוקו 340 מל בקבוק</ManufacturerItemDescription><SoldByWeight/><Quantity>340.00</Quantity><UnitOfMeasure>מ"ל</UnitOfMeasure><QtyInPackage>לא ידוע</QtyInPackage><UnitOfMeasurePrice>0.0203</UnitOfMeasurePrice><AllowDiscount>1</AllowDiscount><ItemStatus>1</ItemStatus><ItemPrice>6.90</ItemPrice></item><item><PriceUpdateDate>2016-06-28 09:28:14</PriceUpdateDate><ItemCode>7290000441689</ItemCode><ItemType>1</ItemType><ItemName>אייס קפה תנובה בקבוק</ItemName><ManufacturerName>שוק</ManufacturerName><ManufactureCountry>ישראל</ManufactureCountry><ManufacturerItemDescription>משקה אייס קפה340 מל בקבוק</ManufacturerItemDescription><SoldByWeight/><Quantity>340.00</Quantity><UnitOfMeasure>מ"ל</UnitOfMeasure><QtyInPackage>לא ידוע</QtyInPackage><UnitOfMeasurePrice>0.0218</UnitOfMeasurePrice><AllowDiscount>1</AllowDiscount><ItemStatus>1</ItemStatus><ItemPrice>7.40</ItemPrice></item><item><PriceUpdateDate>2016-05-31 06:53:45</PriceUpdateDate><ItemCode>7290000441719</ItemCode><ItemType>1</ItemType><ItemName>מילקשייק פונץ' בננה</ItemName><ManufacturerName>שוק</ManufacturerName><ManufactureCountry>ישראל</ManufactureCountry><ManufacturerItemDescription>מילקשייק פונץ' בננה</ManufacturerItemDescription><SoldByWeight/><Quantity>250.00</Quantity><UnitOfMeasure>מ"ל</UnitOfMeasure><QtyInPackage>לא ידוע</QtyInPackage><UnitOfMeasurePrice>0.0256</UnitOfMeasurePrice><AllowDiscount>1</AllowDiscount><ItemStatus>1</ItemStatus><ItemPrice>6.40</ItemPrice></item><item><PriceUpdateDate>2015-10-22 10:36:32</PriceUpdateDate><ItemCode>7290000441818</ItemCode><ItemType>1</ItemType><ItemName>ג'לי אננס עם חתיכות</ItemName><ManufacturerName>ג'לי תנובה</ManufacturerName><ManufactureCountry>ישראל</ManufactureCountry><ManufacturerItemDescription>מעדן גלי אננס וחתיכות פרי</ManufacturerItemDescription><SoldByWeight/><Quantity>125.00</Quantity><UnitOfMeasure>גרם     </UnitOfMeasure><QtyInPackage>לא ידוע</QtyInPackage><UnitOfMeasurePrice>0.0240</UnitOfMeasurePrice><AllowDiscount>0</AllowDiscount><ItemStatus>1</ItemStatus><ItemPrice>3.00</ItemPrice></item><item><PriceUpdateDate>2015-10-22 10:36:32</PriceUpdateDate><ItemCode>7290000441825</ItemCode><ItemType>1</ItemType><ItemName>ג'לי אפרסק עם חתיכות</ItemName><ManufacturerName>ג'לי תנובה</ManufacturerName><ManufactureCountry>ישראל</ManufactureCountry><ManufacturerItemDescription>ג'לי אפרסק עם חתיכות</ManufacturerItemDescription><SoldByWeight/><Quantity>125.00</Quantity><UnitOfMeasure>גרם     </UnitOfMeasure><QtyInPackage>לא ידוע</QtyInPackage><UnitOfMeasurePrice>0.0240</UnitOfMeasurePrice><AllowDiscount>0</AllowDiscount><ItemStatus>1</ItemStatus><ItemPrice>3.00</ItemPrice></item><item><PriceUpdateDate>2016-02-16 20:38:14</PriceUpdateDate><ItemCode>7290000441900</ItemCode><ItemType>1</ItemType><ItemName>עמק לייט משפחתית 400</ItemName><ManufacturerName>עמק</ManufacturerName><ManufactureCountry>ישראל</ManufactureCountry><ManufacturerItemDescription>עמק לייט משפחתית 400</ManufacturerItemDescription><SoldByWeight/><Quantity>400.00</Quantity><UnitOfMeasure>גרם     </UnitOfMeasure><QtyInPackage>לא ידוע</QtyInPackage><UnitOfMeasurePrice>0.0747</UnitOfMeasurePrice><AllowDiscount>1</AllowDiscount><ItemStatus>1</ItemStatus><ItemPrice>29.90</ItemPrice></item><item><PriceUpdateDate>2016-08-10 08:22:52</PriceUpdateDate><ItemCode>7290000441962</ItemCode><ItemType>1</ItemType><ItemName>לאבנה 5% 250 גרם</ItemName><ManufacturerName>פיראוס</ManufacturerName><ManufactureCountry>ישראל</ManufactureCountry><ManufacturerItemDescription>לאבנה 250 5% גרם    פיראו</ManufacturerItemDescription><SoldByWeight/><Quantity>250.00</Quantity><UnitOfMeasure>גרם     </UnitOfMeasure><QtyInPackage>לא ידוע</QtyInPackage><UnitOfMeasurePrice>0.0512</UnitOfMeasurePrice><AllowDiscount>1</AllowDiscount><ItemStatus>1</ItemStatus><ItemPrice>12.80</ItemPrice></item><item><PriceUpdateDate>2016-08-02 07:38:09</PriceUpdateDate><ItemCode>7290000443034</ItemCode><ItemType>1</ItemType><ItemName>מב קבב כבש 500 גרם</ItemName><ManufacturerName>טיבון ויל</ManufacturerName><ManufactureCountry>ישראל</ManufactureCountry><ManufacturerItemDescription>קבב כבש500 גר</ManufacturerItemDescription><SoldByWeight/><Quantity>500.00</Quantity><UnitOfMeasure>גרם     </UnitOfMeasure><QtyInPackage>לא ידוע</QtyInPackage><UnitOfMeasurePrice>0.0378</UnitOfMeasurePrice><AllowDiscount>1</AllowDiscount><ItemStatus>1</ItemStatus><ItemPrice>18.90</ItemPrice></item><item><PriceUpdateDate>2016-05-31 07:01:04</PriceUpdateDate><ItemCode>7290000443089</ItemCode><ItemType>1</ItemType><ItemName>מיץ פריגת תפוחים 1.5</ItemName><ManufacturerName>פריגת</ManufacturerName><ManufactureCountry>ישראל</ManufactureCountry><ManufacturerItemDescription>משקל פריגת תפוחים 1.5 ל</ManufacturerItemDescription><SoldByWeight/><Quantity>1500.00</Quantity><UnitOfMeasure>מ"ל</UnitOfMeasure><QtyInPackage>לא ידוע</QtyInPackage><UnitOfMeasurePrice>0.0045</UnitOfMeasurePrice><AllowDiscount>0</AllowDiscount><ItemStatus>1</ItemStatus><ItemPrice>6.80</ItemPrice></item><item><PriceUpdateDate>2016-05-01 08:12:47</PriceUpdateDate><ItemCode>7290000443119</ItemCode><ItemType>1</ItemType><ItemName>מב בייגלה טבעות מלוח</ItemName><ManufacturerName>בייגל בייגל</ManufacturerName><ManufactureCountry>ישראל</ManufactureCountry><ManufacturerItemDescription>מב בייגלה טבעות מלוח</ManufacturerItemDescription><SoldByWeight/><Quantity>400.00</Quantity><UnitOfMeasure>גרם     </UnitOfMeasure><QtyInPackage>לא ידוע</QtyInPackage><UnitOfMeasurePrice>0.0248</UnitOfMeasurePrice><AllowDiscount>1</AllowDiscount><ItemStatus>1</ItemStatus><ItemPrice>9.90</ItemPrice></item><item><PriceUpdateDate>2016-08-10 08:22:52</PriceUpdateDate><ItemCode>7290000443225</ItemCode><ItemType>1</ItemType><ItemName>נשנושי קרקר עיגולים</ItemName><ManufacturerName>לא ידוע</ManufacturerName><ManufactureCountry>ישראל</ManufactureCountry><ManufacturerItemDescription>נשנושי קרקר עיגולים</ManufacturerItemDescription><SoldByWeight/><Quantity>350.00</Quantity><UnitOfMeasure>גרם     </UnitOfMeasure><QtyInPackage>לא ידוע</QtyInPackage><UnitOfMeasurePrice>0.0454</UnitOfMeasurePrice><AllowDiscount>1</AllowDiscount><ItemStatus>1</ItemStatus><ItemPrice>15.90</ItemPrice></item><item><PriceUpdateDate>2016-08-10 08:22:52</PriceUpdateDate><ItemCode>7290000443232</ItemCode><ItemType>1</ItemType><ItemName>נשנושי קרקר שומשום 3</ItemName><ManufacturerName>נישנושים</ManufacturerName><ManufactureCountry>ישראל</ManufactureCountry><ManufacturerItemDescription>נשנושי קרקר שומשום 3</ManufacturerItemDescription><SoldByWeight/><Quantity>350.00</Quantity><UnitOfMeasure>גרם     </UnitOfMeasure><QtyInPackage>לא ידוע</QtyInPackage><UnitOfMeasurePrice>0.0454</UnitOfMeasurePrice><AllowDiscount>1</AllowDiscount><ItemStatus>1</ItemStatus><ItemPrice>15.90</ItemPrice></item><item><PriceUpdateDate>2016-08-10 08:22:52</PriceUpdateDate><ItemCode>7290000443249</ItemCode><ItemType>1</ItemType><ItemName>נשנושי קרקר קוקטייל</ItemName><ManufacturerName>נישנושים</ManufacturerName><ManufactureCountry>ישראל</ManufactureCountry><ManufacturerItemDescription>נשנושי קרקר קוקטייל</ManufacturerItemDescription><SoldByWeight/><Quantity>350.00</Quantity><UnitOfMeasure>גרם     </UnitOfMeasure><QtyInPackage>לא ידוע</QtyInPackage><UnitOfMeasurePrice>0.0454</UnitOfMeasurePrice><AllowDiscount>1</AllowDiscount><ItemStatus>1</ItemStatus><ItemPrice>15.90</ItemPrice></item><item><PriceUpdateDate>2016-06-28 09:28:15</PriceUpdateDate><ItemCode>7290000443256</ItemCode><ItemType>1</ItemType><ItemName>סיליט מסיר אבנית וחל</ItemName><ManufacturerName>סיליט</ManufacturerName><ManufactureCountry>פולין</ManufactureCountry><ManufacturerItemDescription>סיליט מסיר אבנית וחל</ManufacturerItemDescription><SoldByWeight/><Quantity>500.00</Quantity><UnitOfMeasure>מ"ל</UnitOfMeasure><QtyInPackage>לא ידוע</QtyInPackage><UnitOfMeasurePrice>0.0378</UnitOfMeasurePrice><AllowDiscount>1</AllowDiscount><ItemStatus>1</ItemStatus><ItemPrice>18.90</ItemPrice></item><item><PriceUpdateDate>2016-03-01 06:12:08</PriceUpdateDate><ItemCode>7290000443300</ItemCode><ItemType>1</ItemType><ItemName>מארז גמדים תות בננה</ItemName><ManufacturerName>גמדים</ManufacturerName><ManufactureCountry>ישראל</ManufactureCountry><ManufacturerItemDescription>מארז גמדים תות בננה</ManufacturerItemDescription><SoldByWeight/><Quantity>400.00</Quantity><UnitOfMeasure>מ"ל</UnitOfMeasure><QtyInPackage>לא ידוע</QtyInPackage><UnitOfMeasurePrice>0.0285</UnitOfMeasurePrice><AllowDiscount>0</AllowDiscount><ItemStatus>1</ItemStatus><ItemPrice>11.40</ItemPrice></item><item><PriceUpdateDate>2016-06-28 09:28:15</PriceUpdateDate><ItemCode>7290000443317</ItemCode><ItemType>1</ItemType><ItemName>סימפוניה 5% טבעית 20</ItemName><ManufacturerName>סימפוניה שטראוס</ManufacturerName><ManufactureCountry>ישראל</ManufactureCountry><ManufacturerItemDescription>סימפוניה בטעם טבעי 200 גר</ManufacturerItemDescription><SoldByWeight/><Quantity>200.00</Quantity><UnitOfMeasure>גרם     </UnitOfMeasure><QtyInPackage>לא ידוע</QtyInPackage><UnitOfMeasurePrice>0.0595</UnitOfMeasurePrice><AllowDiscount>0</AllowDiscount><ItemStatus>1</ItemStatus><ItemPrice>11.90</ItemPrice></item><item><PriceUpdateDate>2015-10-11 20:33:38</PriceUpdateDate><ItemCode>7290000443324</ItemCode><ItemType>1</ItemType><ItemName>דנונה ביו טבעי 1.7%</ItemName><ManufacturerName>דנונה</ManufacturerName><ManufactureCountry>ישראל</ManufactureCountry><ManufacturerItemDescription>יוגורט דנונה בי 200  1.7%</ManufacturerItemDescription><SoldByWeight/><Quantity>200.00</Quantity><UnitOfMeasure>גרם     </UnitOfMeasure><QtyInPackage>לא ידוע</QtyInPackage><UnitOfMeasurePrice>0.0200</UnitOfMeasurePrice><AllowDiscount>1</AllowDiscount><ItemStatus>1</ItemStatus><ItemPrice>4.00</ItemPrice></item><item><PriceUpdateDate>2015-10-11 20:33:38</PriceUpdateDate><ItemCode>7290000443348</ItemCode><ItemType>1</ItemType><ItemName>מעדן דני וניל 125 גר</ItemName><ManufacturerName>דני</ManufacturerName><ManufactureCountry>ישראל</ManufactureCountry><ManufacturerItemDescription>דני וניל125 גר</ManufacturerItemDescription><SoldByWeight/><Quantity>125.00</Quantity><UnitOfMeasure>גרם     </UnitOfMeasure><QtyInPackage>לא ידוע</QtyInPackage><UnitOfMeasurePrice>0.0216</UnitOfMeasurePrice><AllowDiscount>1</AllowDiscount><ItemStatus>1</ItemStatus><ItemPrice>2.70</ItemPrice></item><item><PriceUpdateDate>2014-11-10 06:29:29</PriceUpdateDate><ItemCode>7290000443843</ItemCode><ItemType>1</ItemType><ItemName>טופו אורגני הרדוף 30</ItemName><ManufacturerName>הרדוף</ManufacturerName><ManufactureCountry>ישראל</ManufactureCountry><ManufacturerItemDescription>טופו אורגני הרדוף 30</ManufacturerItemDescription><SoldByWeight/><Quantity>300.00</Quantity><UnitOfMeasure>גרם     </UnitOfMeasure><QtyInPackage>לא ידוע</QtyInPackage><UnitOfMeasurePrice>0.0560</UnitOfMeasurePrice><AllowDiscount>1</AllowDiscount><ItemStatus>1</ItemStatus><ItemPrice>16.80</ItemPrice></item><item><PriceUpdateDate>2016-01-05 09:19:58</PriceUpdateDate><ItemCode>7290000444062</ItemCode><ItemType>1</ItemType><ItemName>סלט חומוס יום יום 12</ItemName><ManufacturerName>אחלה</ManufacturerName><ManufactureCountry>ישראל</ManufactureCountry><ManufacturerItemDescription>סלט חומוס יום יום 125  גר</ManufacturerItemDescription><SoldByWeight/><Quantity>125.00</Quantity><UnitOfMeasure>גרם     </UnitOfMeasure><QtyInPackage>לא ידוע</QtyInPackage><UnitOfMeasurePrice>0.0440</UnitOfMeasurePrice><AllowDiscount>1</AllowDiscount><ItemStatus>1</ItemStatus><ItemPrice>5.50</ItemPrice></item><item><PriceUpdateDate>2016-01-05 09:19:58</PriceUpdateDate><ItemCode>7290000444079</ItemCode><ItemType>1</ItemType><ItemName>סלט חציל במיונז 125</ItemName><ManufacturerName>אחלה</ManufacturerName><ManufactureCountry>ישראל</ManufactureCountry><ManufacturerItemDescription>חציל במיונז 125 גרם</ManufacturerItemDescription><SoldByWeight/><Quantity>125.00</Quantity><UnitOfMeasure>גרם     </UnitOfMeasure><QtyInPackage>לא ידוע</QtyInPackage><UnitOfMeasurePrice>0.0440</UnitOfMeasurePrice><AllowDiscount>1</AllowDiscount><ItemStatus>1</ItemStatus><ItemPrice>5.50</ItemPrice></item><item><PriceUpdateDate>2016-01-14 10:29:49</PriceUpdateDate><ItemCode>7290000444222</ItemCode><ItemType>1</ItemType><ItemName>מסטיק מאסט ריח לפה 2</ItemName><ManufacturerName>מאסט</ManufacturerName><ManufactureCountry>ישראל</ManufactureCountry><ManufacturerItemDescription>מסטיק מאסט ריח פה פפרמינט</ManufacturerItemDescription><SoldByWeight/><Quantity>0.00</Quantity><UnitOfMeasure>יח'</UnitOfMeasure><QtyInPackage>לא ידוע</QtyInPackage><UnitOfMeasurePrice>0.0000</UnitOfMeasurePrice><AllowDiscount>1</AllowDiscount><ItemStatus>1</ItemStatus><ItemPrice>4.50</ItemPrice></item><item><PriceUpdateDate>2016-02-16 20:38:00</PriceUpdateDate><ItemCode>7290000444277</ItemCode><ItemType>1</ItemType><ItemName>פרה קראנצ' ביסקוויט</ItemName><ManufacturerName>פרה</ManufacturerName><ManufactureCountry>ישראל</ManufactureCountry><ManufacturerItemDescription>ביסקויט קראנצ שוקולד 100</ManufacturerItemDescription><SoldByWeight/><Quantity>100.00</Quantity><UnitOfMeasure>גרם     </UnitOfMeasure><QtyInPackage>לא ידוע</QtyInPackage><UnitOfMeasurePrice>0.0690</UnitOfMeasurePrice><AllowDiscount>1</AllowDiscount><ItemStatus>1</ItemStatus><ItemPrice>6.90</ItemPrice></item><item><PriceUpdateDate>2015-11-18 14:01:14</PriceUpdateDate><ItemCode>7290000444307</ItemCode><ItemType>1</ItemType><ItemName>קפה נמס ארומה מגורען</ItemName><ManufacturerName>ארומה- קפה</ManufacturerName><ManufactureCountry>ישראל</ManufactureCountry><ManufacturerItemDescription>קפה נמס מגורען ארומה200 ג</ManufacturerItemDescription><SoldByWeight/><Quantity>200.00</Quantity><UnitOfMeasure>גרם     </UnitOfMeasure><QtyInPackage>לא ידוע</QtyInPackage><UnitOfMeasurePrice>0.1295</UnitOfMeasurePrice><AllowDiscount>1</AllowDiscount><ItemStatus>1</ItemStatus><ItemPrice>25.90</ItemPrice></item><item><PriceUpdateDate>2016-01-14 10:29:49</PriceUpdateDate><ItemCode>7290000444321</ItemCode><ItemType>1</ItemType><ItemName>מסטיק מאסט לילדים 28</ItemName><ManufacturerName>לא ידוע</ManufacturerName><ManufactureCountry>ישראל</ManufactureCountry><ManufacturerItemDescription>מסטיק מאסט לילדים 28</ManufacturerItemDescription><SoldByWeight/><Quantity>0.00</Quantity><UnitOfMeasure>יח'</UnitOfMeasure><QtyInPackage>לא ידוע</QtyInPackage><UnitOfMeasurePrice>0.0000</UnitOfMeasurePrice><AllowDiscount>1</AllowDiscount><ItemStatus>1</ItemStatus><ItemPrice>4.50</ItemPrice></item><item><PriceUpdateDate>2016-05-31 07:01:04</PriceUpdateDate><ItemCode>7290000444338</ItemCode><ItemType>1</ItemType><ItemName>קפה טורקי עלית שקית</ItemName><ManufacturerName>טורקי עלית</ManufacturerName><ManufactureCountry>ישראל</ManufactureCountry><ManufacturerItemDescription>קפה טורקי בצלופן 200 גרם</ManufacturerItemDescription><SoldByWeight/><Quantity>200.00</Quantity><UnitOfMeasure>גרם     </UnitOfMeasure><QtyInPackage>לא ידוע</QtyInPackage><UnitOfMeasurePrice>0.0795</UnitOfMeasurePrice><AllowDiscount>1</AllowDiscount><ItemStatus>1</ItemStatus><ItemPrice>15.90</ItemPrice></item><item><PriceUpdateDate>2016-06-28 09:28:15</PriceUpdateDate><ItemCode>7290000445403</ItemCode><ItemType>1</ItemType><ItemName>מארז זוג עוגת גבינה</ItemName><ManufacturerName>עדן קינוחים</ManufacturerName><ManufactureCountry>ישראל</ManufactureCountry><ManufacturerItemDescription>עוגת גבינה פירורים זוג</ManufacturerItemDescription><SoldByWeight/><Quantity>184.00</Quantity><UnitOfMeasure>גרם     </UnitOfMeasure><QtyInPackage>לא ידוע</QtyInPackage><UnitOfMeasurePrice>0.0717</UnitOfMeasurePrice><AllowDiscount>1</AllowDiscount><ItemStatus>1</ItemStatus><ItemPrice>13.20</ItemPrice></item><item><PriceUpdateDate>2016-06-28 09:28:15</PriceUpdateDate><ItemCode>7290000445410</ItemCode><ItemType>1</ItemType><ItemName>מארז זוג מלבי חלבי 3</ItemName><ManufacturerName>עדן קינוחים</ManufacturerName><ManufactureCountry>ישראל</ManufactureCountry><ManufacturerItemDescription>מארז מעדן מלבי 330 גרם זו</ManufacturerItemDescription><SoldByWeight/><Quantity>330.00</Quantity><UnitOfMeasure>גרם     </UnitOfMeasure><QtyInPackage>לא ידוע</QtyInPackage><UnitOfMeasurePrice>0.0400</UnitOfMeasurePrice><AllowDiscount>1</AllowDiscount><ItemStatus>1</ItemStatus><ItemPrice>13.20</ItemPrice></item><item><PriceUpdateDate>2016-08-02 07:38:10</PriceUpdateDate><ItemCode>7290000445427</ItemCode><ItemType>1</ItemType><ItemName>מב נקניקיות בבצק 800</ItemName><ManufacturerName>מעדנות</ManufacturerName><ManufactureCountry>ישראל</ManufactureCountry><ManufacturerItemDescription>מב נקניקיות בבצק 800</ManufacturerItemDescription><SoldByWeight/><Quantity>800.00</Quantity><UnitOfMeasure>גרם     </UnitOfMeasure><QtyInPackage>לא ידוע</QtyInPackage><UnitOfMeasurePrice>0.0236</UnitOfMeasurePrice><AllowDiscount>1</AllowDiscount><ItemStatus>1</ItemStatus><ItemPrice>18.90</ItemPrice></item><item><PriceUpdateDate>2016-08-02 07:38:10</PriceUpdateDate><ItemCode>7290000445472</ItemCode><ItemType>1</ItemType><ItemName>מב פיצה משפחתית גבינ</ItemName><ManufacturerName>מעדנות</ManufacturerName><ManufactureCountry>ישראל</ManufactureCountry><ManufacturerItemDescription>פיצה משפחתית גבינה 500 גר</ManufacturerItemDescription><SoldByWeight/><Quantity>500.00</Quantity><UnitOfMeasure>גרם     </UnitOfMeasure><QtyInPackage>לא ידוע</QtyInPackage><UnitOfMeasurePrice>0.0318</UnitOfMeasurePrice><AllowDiscount>1</AllowDiscount><ItemStatus>1</ItemStatus><ItemPrice>15.90</ItemPrice></item><item><PriceUpdateDate>2016-08-02 07:38:10</PriceUpdateDate><ItemCode>7290000445489</ItemCode><ItemType>1</ItemType><ItemName>מב פיצה משפחתית זיתי</ItemName><ManufacturerName>מעדנות</ManufacturerName><ManufactureCountry>ישראל</ManufactureCountry><ManufacturerItemDescription>פיצה משפחתית זיתים 550 גר</ManufacturerItemDescription><SoldByWeight/><Quantity>500.00</Quantity><UnitOfMeasure>גרם     </UnitOfMeasure><QtyInPackage>לא ידוע</QtyInPackage><UnitOfMeasurePrice>0.0318</UnitOfMeasurePrice><AllowDiscount>1</AllowDiscount><ItemStatus>1</ItemStatus><ItemPrice>15.90</ItemPrice></item><item><PriceUpdateDate>2016-08-02 07:34:13</PriceUpdateDate><ItemCode>7290000445540</ItemCode><ItemType>1</ItemType><ItemName>מב בצק פילאס תורכי 6</ItemName><ManufacturerName>מעדנות</ManufacturerName><ManufactureCountry>ישראל</ManufactureCountry><ManufacturerItemDescription>בצק פילאס תורכי</ManufacturerItemDescription><SoldByWeight/><Quantity>600.00</Quantity><UnitOfMeasure>גרם     </UnitOfMeasure><QtyInPackage>לא ידוע</QtyInPackage><UnitOfMeasurePrice>0.0283</UnitOfMeasurePrice><AllowDiscount>1</AllowDiscount><ItemStatus>1</ItemStatus><ItemPrice>17.00</ItemPrice></item><item><PriceUpdateDate>2016-05-31 07:01:05</PriceUpdateDate><ItemCode>7290000445861</ItemCode><ItemType>1</ItemType><ItemName>מיץ פריגת מנגו 1.5 ל</ItemName><ManufacturerName>פריגת</ManufacturerName><ManufactureCountry>ישראל</ManufactureCountry><ManufacturerItemDescription>משקל פריגת מנגו 1.5 ליטר</ManufacturerItemDescription><SoldByWeight/><Quantity>1500.00</Quantity><UnitOfMeasure>מ"ל</UnitOfMeasure><QtyInPackage>לא ידוע</QtyInPackage><UnitOfMeasurePrice>0.0045</UnitOfMeasurePrice><AllowDiscount>0</AllowDiscount><ItemStatus>1</ItemStatus><ItemPrice>6.80</ItemPrice></item><item><PriceUpdateDate>2016-03-17 09:36:36</PriceUpdateDate><ItemCode>7290000445915</ItemCode><ItemType>1</ItemType><ItemName>פאנטה אקזוטיק 1.5 לי</ItemName><ManufacturerName>פאנטה אקזוטיק</ManufacturerName><ManufactureCountry>ישראל</ManufactureCountry><ManufacturerItemDescription>פאנטה אקזוטיק 1.5 ליטר</ManufacturerItemDescription><SoldByWeight/><Quantity>1500.00</Quantity><UnitOfMeasure>מ"ל</UnitOfMeasure><QtyInPackage>לא ידוע</QtyInPackage><UnitOfMeasurePrice>0.0046</UnitOfMeasurePrice><AllowDiscount>1</AllowDiscount><ItemStatus>1</ItemStatus><ItemPrice>6.90</ItemPrice></item><item><PriceUpdateDate>2015-10-11 20:33:38</PriceUpdateDate><ItemCode>7290000446011</ItemCode><ItemType>1</ItemType><ItemName>דניאלה וניל  150 מ"ל</ItemName><ManufacturerName>דניאלה</ManufacturerName><ManufactureCountry>ישראל</ManufactureCountry><ManufacturerItemDescription>דניאלה מעדן גבינה וניל 15</ManufacturerItemDescription><SoldByWeight/><Quantity>100.00</Quantity><UnitOfMeasure>מ"ל</UnitOfMeasure><QtyInPackage>לא ידוע</QtyInPackage><UnitOfMeasurePrice>0.0420</UnitOfMeasurePrice><AllowDiscount>1</AllowDiscount><ItemStatus>1</ItemStatus><ItemPrice>4.20</ItemPrice></item><item><PriceUpdateDate>2015-10-11 20:33:38</PriceUpdateDate><ItemCode>7290000446042</ItemCode><ItemType>1</ItemType><ItemName>גבינת סקי וניל 3% 12</ItemName><ManufacturerName>שטראוס</ManufacturerName><ManufactureCountry>ישראל</ManufactureCountry><ManufacturerItemDescription>גבינה סקי וניל125  גר</ManufacturerItemDescription><SoldByWeight/><Quantity>125.00</Quantity><UnitOfMeasure>גרם     </UnitOfMeasure><QtyInPackage>לא ידוע</QtyInPackage><UnitOfMeasurePrice>0.0304</UnitOfMeasurePrice><AllowDiscount>1</AllowDiscount><ItemStatus>1</ItemStatus><ItemPrice>3.80</ItemPrice></item><item><PriceUpdateDate>2016-08-10 08:22:52</PriceUpdateDate><ItemCode>7290000446059</ItemCode><ItemType>1</ItemType><ItemName>גבינת סקי 5% יום יום</ItemName><ManufacturerName>שטראוס</ManufacturerName><ManufactureCountry>ישראל</ManufactureCountry><ManufacturerItemDescription>גבינת סקי 5% יום יום</ManufacturerItemDescription><SoldByWeight/><Quantity>125.00</Quantity><UnitOfMeasure>גרם     </UnitOfMeasure><QtyInPackage>לא ידוע</QtyInPackage><UnitOfMeasurePrice>0.0280</UnitOfMeasurePrice><AllowDiscount>1</AllowDiscount><ItemStatus>1</ItemStatus><ItemPrice>3.50</ItemPrice></item><item><PriceUpdateDate>2015-10-11 20:33:38</PriceUpdateDate><ItemCode>7290000446066</ItemCode><ItemType>1</ItemType><ItemName>מארז שמינייה דנונה ב</ItemName><ManufacturerName>דנונה</ManufacturerName><ManufactureCountry>ישראל</ManufactureCountry><ManufacturerItemDescription>מארז שמינייה דנונה ב</ManufacturerItemDescription><SoldByWeight/><Quantity>1200.00</Quantity><UnitOfMeasure>מ"ל</UnitOfMeasure><QtyInPackage>לא ידוע</QtyInPackage><UnitOfMeasurePrice>0.0154</UnitOfMeasurePrice><AllowDiscount>1</AllowDiscount><ItemStatus>1</ItemStatus><ItemPrice>18.50</ItemPrice></item><item><PriceUpdateDate>2016-06-28 09:28:15</PriceUpdateDate><ItemCode>7290000446073</ItemCode><ItemType>1</ItemType><ItemName>סימפוניה 5% עם זיתים</ItemName><ManufacturerName>סימפוניה שטראוס</ManufacturerName><ManufactureCountry>ישראל</ManufactureCountry><ManufacturerItemDescription>סימפוניה 5% זיתים200 גר</ManufacturerItemDescription><SoldByWeight/><Quantity>200.00</Quantity><UnitOfMeasure>גרם     </UnitOfMeasure><QtyInPackage>לא ידוע</QtyInPackage><UnitOfMeasurePrice>0.0595</UnitOfMeasurePrice><AllowDiscount>0</AllowDiscount><ItemStatus>1</ItemStatus><ItemPrice>11.90</ItemPrice></item><item><PriceUpdateDate>2015-10-11 20:33:39</PriceUpdateDate><ItemCode>7290000446080</ItemCode><ItemType>1</ItemType><ItemName>מילקי טופ מגולגלת 14</ItemName><ManufacturerName>מילקי</ManufacturerName><ManufactureCountry>ישראל</ManufactureCountry><ManufacturerItemDescription>מילקי טופ מגולגלת 140 גר</ManufacturerItemDescription><SoldByWeight/><Quantity>141.00</Quantity><UnitOfMeasure>גרם     </UnitOfMeasure><QtyInPackage>לא ידוע</QtyInPackage><UnitOfMeasurePrice>0.0333</UnitOfMeasurePrice><AllowDiscount>1</AllowDiscount><ItemStatus>1</ItemStatus><ItemPrice>4.70</ItemPrice></item><item><PriceUpdateDate>2015-12-01 12:32:13</PriceUpdateDate><ItemCode>7290000446202</ItemCode><ItemType>1</ItemType><ItemName>ממרח פסטו קלאסי 220</ItemName><ManufacturerName>פרסקו</ManufacturerName><ManufactureCountry>ישראל</ManufactureCountry><ManufacturerItemDescription>פסטו קלאסי 220 ג</ManufacturerItemDescription><SoldByWeight/><Quantity>220.00</Quantity><UnitOfMeasure>גרם     </UnitOfMeasure><QtyInPackage>לא ידוע</QtyInPackage><UnitOfMeasurePrice>0.0982</UnitOfMeasurePrice><AllowDiscount>1</AllowDiscount><ItemStatus>1</ItemStatus><ItemPrice>21.60</ItemPrice></item><item><PriceUpdateDate>2016-03-01 06:16:11</PriceUpdateDate><ItemCode>7290000446875</ItemCode><ItemType>1</ItemType><ItemName>משקה ג'אמפ ענבים 1.5</ItemName><ManufacturerName>גאמפ</ManufacturerName><ManufactureCountry>ישראל</ManufactureCountry><ManufacturerItemDescription>משקה ג'אמפ ענבים 1.5</ManufacturerItemDescription><SoldByWeight/><Quantity>1500.00</Quantity><UnitOfMeasure>מ"ל</UnitOfMeasure><QtyInPackage>לא ידוע</QtyInPackage><UnitOfMeasurePrice>0.0046</UnitOfMeasurePrice><AllowDiscount>1</AllowDiscount><ItemStatus>1</ItemStatus><ItemPrice>6.90</ItemPrice></item><item><PriceUpdateDate>2016-02-01 20:42:47</PriceUpdateDate><ItemCode>7290000447209</ItemCode><ItemType>1</ItemType><ItemName>ג'חנון בצק 700 גרם</ItemName><ManufacturerName>מעדנות</ManufacturerName><ManufactureCountry>ישראל</ManufactureCountry><ManufacturerItemDescription>גחנון בצק 700 גרם</ManufacturerItemDescription><SoldByWeight/><Quantity>700.00</Quantity><UnitOfMeasure>גרם     </UnitOfMeasure><QtyInPackage>לא ידוע</QtyInPackage><UnitOfMeasurePrice>0.0290</UnitOfMeasurePrice><AllowDiscount>1</AllowDiscount><ItemStatus>1</ItemStatus><ItemPrice>20.30</ItemPrice></item><item><PriceUpdateDate>2016-05-31 06:53:45</PriceUpdateDate><ItemCode>7290000447216</ItemCode><ItemType>1</ItemType><ItemName>ג'חנון אפוי 750 גרם</ItemName><ManufacturerName>מעדנות</ManufacturerName><ManufactureCountry>ישראל</ManufactureCountry><ManufacturerItemDescription>גחנון אפוי 750 גרם</ManufacturerItemDescription><SoldByWeight/><Quantity>750.00</Quantity><UnitOfMeasure>גרם     </UnitOfMeasure><QtyInPackage>לא ידוע</QtyInPackage><UnitOfMeasurePrice>0.0367</UnitOfMeasurePrice><AllowDiscount>1</AllowDiscount><ItemStatus>1</ItemStatus><ItemPrice>27.50</ItemPrice></item><item><PriceUpdateDate>2016-05-31 06:53:45</PriceUpdateDate><ItemCode>7290000447308</ItemCode><ItemType>1</ItemType><ItemName>מיני ג'חנון אפוי 600</ItemName><ManufacturerName>מעדנות</ManufacturerName><ManufactureCountry>ישראל</ManufactureCountry><ManufacturerItemDescription>גחנון אפוי מיני 600 גרם</ManufacturerItemDescription><SoldByWeight/><Quantity>600.00</Quantity><UnitOfMeasure>גרם     </UnitOfMeasure><QtyInPackage>לא ידוע</QtyInPackage><UnitOfMeasurePrice>0.0420</UnitOfMeasurePrice><AllowDiscount>1</AllowDiscount><ItemStatus>1</ItemStatus><ItemPrice>25.20</ItemPrice></item><item><PriceUpdateDate>2016-08-02 07:34:13</PriceUpdateDate><ItemCode>7290000447391</ItemCode><ItemType>1</ItemType><ItemName>מב עוגת שמרים בטעם ש</ItemName><ManufacturerName>לחמי</ManufacturerName><ManufactureCountry>ישראל</ManufactureCountry><ManufacturerItemDescription>מאפה שמרים בטעם שוקולד 45</ManufacturerItemDescription><SoldByWeight/><Quantity>450.00</Quantity><UnitOfMeasure>גרם     </UnitOfMeasure><QtyInPackage>לא ידוע</QtyInPackage><UnitOfMeasurePrice>0.0331</UnitOfMeasurePrice><AllowDiscount>1</AllowDiscount><ItemStatus>1</ItemStatus><ItemPrice>14.90</ItemPrice></item><item><PriceUpdateDate>2015-12-24 09:43:37</PriceUpdateDate><ItemCode>7290000447537</ItemCode><ItemType>1</ItemType><ItemName>דבש לייט 350 גרם</ItemName><ManufacturerName>יד מרדכי</ManufacturerName><ManufactureCountry>ישראל</ManufactureCountry><ManufacturerItemDescription>דבש לייט 350 גרם</ManufacturerItemDescription><SoldByWeight/><Quantity>350.00</Quantity><UnitOfMeasure>גרם     </UnitOfMeasure><QtyInPackage>לא ידוע</QtyInPackage><UnitOfMeasurePrice>0.0826</UnitOfMeasurePrice><AllowDiscount>1</AllowDiscount><ItemStatus>1</ItemStatus><ItemPrice>28.90</ItemPrice></item><item><PriceUpdateDate>2016-03-17 09:36:37</PriceUpdateDate><ItemCode>7290000447865</ItemCode><ItemType>1</ItemType><ItemName>פתיתי קוסקוס 350 גרם</ItemName><ManufacturerName>אסם</ManufacturerName><ManufactureCountry>ישראל</ManufactureCountry><ManufacturerItemDescription>פתיתי קוסקוס 350 גרם</ManufacturerItemDescription><SoldByWeight/><Quantity>350.00</Quantity><UnitOfMeasure>גרם     </UnitOfMeasure><QtyInPackage>לא ידוע</QtyInPackage><UnitOfMeasurePrice>0.0226</UnitOfMeasurePrice><AllowDiscount>1</AllowDiscount><ItemStatus>1</ItemStatus><ItemPrice>7.90</ItemPrice></item><item><PriceUpdateDate>2016-05-31 07:01:06</PriceUpdateDate><ItemCode>7290000448015</ItemCode><ItemType>1</ItemType><ItemName>מארז חטיף במבה 20*15</ItemName><ManufacturerName>במבה</ManufacturerName><ManufactureCountry>ישראל</ManufactureCountry><ManufacturerItemDescription>מארז חטיף במבה 20*15</ManufacturerItemDescription><SoldByWeight/><Quantity>300.00</Quantity><UnitOfMeasure>גרם     </UnitOfMeasure><QtyInPackage>לא ידוע</QtyInPackage><UnitOfMeasurePrice>0.0830</UnitOfMeasurePrice><AllowDiscount>1</AllowDiscount><ItemStatus>1</ItemStatus><ItemPrice>24.90</ItemPrice></item><item><PriceUpdateDate>2016-03-17 09:36:37</PriceUpdateDate><ItemCode>7290000448053</ItemCode><ItemType>1</ItemType><ItemName>קוסקוס דק בשקית 350</ItemName><ManufacturerName>אסם</ManufacturerName><ManufactureCountry>ישראל</ManufactureCountry><ManufacturerItemDescription>קוסקוס דק בשקית 350</ManufacturerItemDescription><SoldByWeight/><Quantity>350.00</Quantity><UnitOfMeasure>גרם     </UnitOfMeasure><QtyInPackage>לא ידוע</QtyInPackage><UnitOfMeasurePrice>0.0226</UnitOfMeasurePrice><AllowDiscount>1</AllowDiscount><ItemStatus>1</ItemStatus><ItemPrice>7.90</ItemPrice></item><item><PriceUpdateDate>2016-05-31 07:01:06</PriceUpdateDate><ItemCode>7290000448060</ItemCode><ItemType>1</ItemType><ItemName>חטיף ארנבונים תפו"א</ItemName><ManufacturerName>דובונים</ManufacturerName><ManufactureCountry>ישראל</ManufactureCountry><ManufacturerItemDescription>חטיף ארנבונים תפו"א</ManufacturerItemDescription><SoldByWeight/><Quantity>14.00</Quantity><UnitOfMeasure>גרם     </UnitOfMeasure><QtyInPackage>לא ידוע</QtyInPackage><UnitOfMeasurePrice>0.2857</UnitOfMeasurePrice><AllowDiscount>1</AllowDiscount><ItemStatus>1</ItemStatus><ItemPrice>4.00</ItemPrice></item><item><PriceUpdateDate>2016-03-01 06:12:09</PriceUpdateDate><ItemCode>7290000448107</ItemCode><ItemType>1</ItemType><ItemName>מארז גמדים דגנים 4*1</ItemName><ManufacturerName>גמדים</ManufacturerName><ManufactureCountry>ישראל</ManufactureCountry><ManufacturerItemDescription>מארז גמדים דגנים 4*1</ManufacturerItemDescription><SoldByWeight/><Quantity>400.00</Quantity><UnitOfMeasure>מ"ל</UnitOfMeasure><QtyInPackage>לא ידוע</QtyInPackage><UnitOfMeasurePrice>0.0285</UnitOfMeasurePrice><AllowDiscount>0</AllowDiscount><ItemStatus>1</ItemStatus><ItemPrice>11.40</ItemPrice></item><item><PriceUpdateDate>2016-05-31 07:01:06</PriceUpdateDate><ItemCode>7290000448114</ItemCode><ItemType>1</ItemType><ItemName>מארז אקטימל טבעי 14</ItemName><ManufacturerName>אקטימל</ManufacturerName><ManufactureCountry>ישראל</ManufactureCountry><ManufacturerItemDescription>מארז אקטימל טבעי 14</ManufacturerItemDescription><SoldByWeight/><Quantity>1480.00</Quantity><UnitOfMeasure>מ"ל</UnitOfMeasure><QtyInPackage>לא ידוע</QtyInPackage><UnitOfMeasurePrice>0.0212</UnitOfMeasurePrice><AllowDiscount>1</AllowDiscount><ItemStatus>1</ItemStatus><ItemPrice>31.40</ItemPrice></item><item><PriceUpdateDate>2016-06-28 09:28:16</PriceUpdateDate><ItemCode>7290000448145</ItemCode><ItemType>1</ItemType><ItemName>סימפוניה 3% עם שום ש</ItemName><ManufacturerName>סימפוניה שטראוס</ManufacturerName><ManufactureCountry>ישראל</ManufactureCountry><ManufacturerItemDescription>סימפוניה 3% שום שמיר</ManufacturerItemDescription><SoldByWeight/><Quantity>200.00</Quantity><UnitOfMeasure>גרם     </UnitOfMeasure><QtyInPackage>לא ידוע</QtyInPackage><UnitOfMeasurePrice>0.0595</UnitOfMeasurePrice><AllowDiscount>0</AllowDiscount><ItemStatus>1</ItemStatus><ItemPrice>11.90</ItemPrice></item><item><PriceUpdateDate>2015-12-07 10:52:41</PriceUpdateDate><ItemCode>7290000448169</ItemCode><ItemType>1</ItemType><ItemName>גבינת סקי 3% 250 גרם</ItemName><ManufacturerName>שטראוס</ManufacturerName><ManufactureCountry>ישראל</ManufactureCountry><ManufacturerItemDescription>גבינה סקי 250 3% גרם</ManufacturerItemDescription><SoldByWeight/><Quantity>250.00</Quantity><UnitOfMeasure>גרם     </UnitOfMeasure><QtyInPackage>לא ידוע</QtyInPackage><UnitOfMeasurePrice>0.0192</UnitOfMeasurePrice><AllowDiscount>1</AllowDiscount><ItemStatus>1</ItemStatus><ItemPrice>4.80</ItemPrice></item><item><PriceUpdateDate>2016-02-11 08:21:14</PriceUpdateDate><ItemCode>7290000448183</ItemCode><ItemType>1</ItemType><ItemName>גבינת סקי 5% 750 גרם</ItemName><ManufacturerName>שטראוס</ManufacturerName><ManufactureCountry>ישראל</ManufactureCountry><ManufacturerItemDescription>גבינת סקי 5% 750 גרם</ManufacturerItemDescription><SoldByWeight/><Quantity>750.00</Quantity><UnitOfMeasure>גרם     </UnitOfMeasure><QtyInPackage>לא ידוע</QtyInPackage><UnitOfMeasurePrice>0.0184</UnitOfMeasurePrice><AllowDiscount>1</AllowDiscount><ItemStatus>1</ItemStatus><ItemPrice>13.80</ItemPrice></item><item><PriceUpdateDate>2016-05-23 14:02:41</PriceUpdateDate><ItemCode>7290000448206</ItemCode><ItemType>1</ItemType><ItemName>דנונה תות 3% 150 גרם</ItemName><ManufacturerName>דנונה</ManufacturerName><ManufactureCountry>ישראל</ManufactureCountry><ManufacturerItemDescription>יוגורט דנונה תות</ManufacturerItemDescription><SoldByWeight/><Quantity>150.00</Quantity><UnitOfMeasure>גרם     </UnitOfMeasure><QtyInPackage>לא ידוע</QtyInPackage><UnitOfMeasurePrice>0.0260</UnitOfMeasurePrice><AllowDiscount>1</AllowDiscount><ItemStatus>1</ItemStatus><ItemPrice>3.90</ItemPrice></item><item><PriceUpdateDate>2015-12-17 09:13:46</PriceUpdateDate><ItemCode>7290000448213</ItemCode><ItemType>1</ItemType><ItemName>מארז אקטימל תות שמינ</ItemName><ManufacturerName>אקטימל</ManufacturerName><ManufactureCountry>ישראל</ManufactureCountry><ManufacturerItemDescription>מארז אקטימל תות 8 יח</ManufacturerItemDescription><SoldByWeight/><Quantity>850.00</Quantity><UnitOfMeasure>מ"ל</UnitOfMeasure><QtyInPackage>לא ידוע</QtyInPackage><UnitOfMeasurePrice>0.0258</UnitOfMeasurePrice><AllowDiscount>1</AllowDiscount><ItemStatus>1</ItemStatus><ItemPrice>21.90</ItemPrice></item><item><PriceUpdateDate>2015-12-17 09:13:46</PriceUpdateDate><ItemCode>7290000448237</ItemCode><ItemType>1</ItemType><ItemName>מארז אקטימל טבעי שמי</ItemName><ManufacturerName>אקטימל</ManufacturerName><ManufactureCountry>ישראל</ManufactureCountry><ManufacturerItemDescription>מארז אקטימל 8 יח</ManufacturerItemDescription><SoldByWeight/><Quantity>850.00</Quantity><UnitOfMeasure>מ"ל</UnitOfMeasure><QtyInPackage>לא ידוע</QtyInPackage><UnitOfMeasurePrice>0.0258</UnitOfMeasurePrice><AllowDiscount>1</AllowDiscount><ItemStatus>1</ItemStatus><ItemPrice>21.90</ItemPrice></item><item><PriceUpdateDate>2016-05-23 14:02:41</PriceUpdateDate><ItemCode>7290000448244</ItemCode><ItemType>1</ItemType><ItemName>דנונה אפרסק 3% 150 ג</ItemName><ManufacturerName>דנונה</ManufacturerName><ManufactureCountry>ישראל</ManufactureCountry><ManufacturerItemDescription>דנונה אפרסק 150 3% גרם</ManufacturerItemDescription><SoldByWeight/><Quantity>150.00</Quantity><UnitOfMeasure>גרם     </UnitOfMeasure><QtyInPackage>לא ידוע</QtyInPackage><UnitOfMeasurePrice>0.0260</UnitOfMeasurePrice><AllowDiscount>1</AllowDiscount><ItemStatus>1</ItemStatus><ItemPrice>3.90</ItemPrice></item><item><PriceUpdateDate>2016-08-10 08:22:52</PriceUpdateDate><ItemCode>7290000448299</ItemCode><ItemType>1</ItemType><ItemName>מארז דנונה שמיניה במ</ItemName><ManufacturerName>דנונה</ManufacturerName><ManufactureCountry>ישראל</ManufactureCountry><ManufacturerItemDescription>מארז 1/8 מתיקות מעודנת</ManufacturerItemDescription><SoldByWeight/><Quantity>1200.00</Quantity><UnitOfMeasure>מ"ל</UnitOfMeasure><QtyInPackage>לא ידוע</QtyInPackage><UnitOfMeasurePrice>0.0170</UnitOfMeasurePrice><AllowDiscount>1</AllowDiscount><ItemStatus>1</ItemStatus><ItemPrice>20.40</ItemPrice></item><item><PriceUpdateDate>2015-10-01 06:16:23</PriceUpdateDate><ItemCode>7290000448305</ItemCode><ItemType>1</ItemType><ItemName>מארז דנונה ביו 1.7%</ItemName><ManufacturerName>דנונה</ManufacturerName><ManufactureCountry>ישראל</ManufactureCountry><ManufacturerItemDescription>מארז דנונה ביו 1.7%</ManufacturerItemDescription><SoldByWeight/><Quantity>1200.00</Quantity><UnitOfMeasure>מ"ל</UnitOfMeasure><QtyInPackage>לא ידוע</QtyInPackage><UnitOfMeasurePrice>0.0147</UnitOfMeasurePrice><AllowDiscount>1</AllowDiscount><ItemStatus>1</ItemStatus><ItemPrice>17.60</ItemPrice></item><item><PriceUpdateDate>2016-05-31 07:02:18</PriceUpdateDate><ItemCode>7290000449128</ItemCode><ItemType>1</ItemType><ItemName>סיף פנטסטיק לניקוי כ</ItemName><ManufacturerName>סיף</ManufacturerName><ManufactureCountry>ישראל</ManufactureCountry><ManufacturerItemDescription>סיף פנטסטיק לניקוי כ</ManufacturerItemDescription><SoldByWeight/><Quantity>4000.00</Quantity><UnitOfMeasure>מ"ל</UnitOfMeasure><QtyInPackage>לא ידוע</QtyInPackage><UnitOfMeasurePrice>0.0055</UnitOfMeasurePrice><AllowDiscount>1</AllowDiscount><ItemStatus>1</ItemStatus><ItemPrice>21.90</ItemPrice></item><item><PriceUpdateDate>2016-02-01 20:47:04</PriceUpdateDate><ItemCode>7290000449210</ItemCode><ItemType>1</ItemType><ItemName>שניצל תירס לייט 630</ItemName><ManufacturerName>טבעול</ManufacturerName><ManufactureCountry>ישראל</ManufactureCountry><ManufacturerItemDescription>שניצל תירס לייט פחות 5% ש</ManufacturerItemDescription><SoldByWeight/><Quantity>630.00</Quantity><UnitOfMeasure>גרם     </UnitOfMeasure><QtyInPackage>לא ידוע</QtyInPackage><UnitOfMeasurePrice>0.0475</UnitOfMeasurePrice><AllowDiscount>1</AllowDiscount><ItemStatus>1</ItemStatus><ItemPrice>29.90</ItemPrice></item><item><PriceUpdateDate>2016-02-08 10:37:26</PriceUpdateDate><ItemCode>7290000449289</ItemCode><ItemType>1</ItemType><ItemName>בירה נשר לבן 500 מ"ל</ItemName><ManufacturerName>נשר</ManufacturerName><ManufactureCountry>ישראל</ManufactureCountry><ManufacturerItemDescription>בירה נשר לבן 500 מ"ל</ManufacturerItemDescription><SoldByWeight/><Quantity>500.00</Quantity><UnitOfMeasure>מ"ל</UnitOfMeasure><QtyInPackage>לא ידוע</QtyInPackage><UnitOfMeasurePrice>0.0152</UnitOfMeasurePrice><AllowDiscount>1</AllowDiscount><ItemStatus>1</ItemStatus><ItemPrice>7.60</ItemPrice></item><item><PriceUpdateDate>2015-10-22 10:36:33</PriceUpdateDate><ItemCode>7290000449296</ItemCode><ItemType>1</ItemType><ItemName>בירה מאלט 500 מ''ל</ItemName><ManufacturerName>נשר מאלט</ManufacturerName><ManufactureCountry>ישראל</ManufactureCountry><ManufacturerItemDescription>בירה נשר מאלט 500 מל בקב.</ManufacturerItemDescription><SoldByWeight/><Quantity>500.00</Quantity><UnitOfMeasure>מ"ל</UnitOfMeasure><QtyInPackage>לא ידוע</QtyInPackage><UnitOfMeasurePrice>0.0114</UnitOfMeasurePrice><AllowDiscount>1</AllowDiscount><ItemStatus>1</ItemStatus><ItemPrice>5.70</ItemPrice></item><item><PriceUpdateDate>2016-05-31 07:01:06</PriceUpdateDate><ItemCode>7290000449302</ItemCode><ItemType>1</ItemType><ItemName>בירה גולדסטאר 500 מ"</ItemName><ManufacturerName>גולדסטאר</ManufacturerName><ManufactureCountry>ישראל</ManufactureCountry><ManufacturerItemDescription>בירה גולדסטאר.500 מל בק ח</ManufacturerItemDescription><SoldByWeight/><Quantity>500.00</Quantity><UnitOfMeasure>מ"ל</UnitOfMeasure><QtyInPackage>לא ידוע</QtyInPackage><UnitOfMeasurePrice>0.0138</UnitOfMeasurePrice><AllowDiscount>1</AllowDiscount><ItemStatus>1</ItemStatus><ItemPrice>6.90</ItemPrice></item><item><PriceUpdateDate>2016-03-01 06:16:11</PriceUpdateDate><ItemCode>7290000449326</ItemCode><ItemType>1</ItemType><ItemName>מאלטסטאר 1.5 ליטר רג</ItemName><ManufacturerName>מאלטסטאר</ManufacturerName><ManufactureCountry>ישראל</ManufactureCountry><ManufacturerItemDescription>מאלטסטאר 1.5 ליטר רג</ManufacturerItemDescription><SoldByWeight/><Quantity>1500.00</Quantity><UnitOfMeasure>מ"ל</UnitOfMeasure><QtyInPackage>לא ידוע</QtyInPackage><UnitOfMeasurePrice>0.0059</UnitOfMeasurePrice><AllowDiscount>1</AllowDiscount><ItemStatus>1</ItemStatus><ItemPrice>8.90</ItemPrice></item><item><PriceUpdateDate>2015-11-18 13:57:27</PriceUpdateDate><ItemCode>7290000449715</ItemCode><ItemType>1</ItemType><ItemName>עוגת שמרים גבינה</ItemName><ManufacturerName>פילסברי</ManufacturerName><ManufactureCountry>ישראל</ManufactureCountry><ManufacturerItemDescription>עוגת שמרים גבינה</ManufacturerItemDescription><SoldByWeight/><Quantity>1000.00</Quantity><UnitOfMeasure>ק"ג     </UnitOfMeasure><QtyInPackage>לא ידוע</QtyInPackage><UnitOfMeasurePrice>0.0206</UnitOfMeasurePrice><AllowDiscount>1</AllowDiscount><ItemStatus>1</ItemStatus><ItemPrice>20.60</ItemPrice></item><item><PriceUpdateDate>2016-03-09 10:54:03</PriceUpdateDate><ItemCode>7290000449852</ItemCode><ItemType>1</ItemType><ItemName>תערובת להכנת כדורי ש</ItemName><ManufacturerName>ליימן חטיבת המותגים</ManufacturerName><ManufactureCountry>ישראל</ManufactureCountry><ManufacturerItemDescription>תערובת לכדורי שוקולד 500</ManufacturerItemDescription><SoldByWeight/><Quantity>500.00</Quantity><UnitOfMeasure>גרם     </UnitOfMeasure><QtyInPackage>לא ידוע</QtyInPackage><UnitOfMeasurePrice>0.0398</UnitOfMeasurePrice><AllowDiscount>1</AllowDiscount><ItemStatus>1</ItemStatus><ItemPrice>19.90</ItemPrice></item><item><PriceUpdateDate>2015-10-11 20:33:39</PriceUpdateDate><ItemCode>7290000449869</ItemCode><ItemType>1</ItemType><ItemName>חצי באגט 180 גרם</ItemName><ManufacturerName>פילסברי</ManufacturerName><ManufactureCountry>ישראל</ManufactureCountry><ManufacturerItemDescription>חצי באגט 180 גרם</ManufacturerItemDescription><SoldByWeight/><Quantity>1000.00</Quantity><UnitOfMeasure>ק"ג     </UnitOfMeasure><QtyInPackage>לא ידוע</QtyInPackage><UnitOfMeasurePrice>0.0039</UnitOfMeasurePrice><AllowDiscount>1</AllowDiscount><ItemStatus>1</ItemStatus><ItemPrice>3.90</ItemPrice></item><item><PriceUpdateDate>2015-11-18 13:57:27</PriceUpdateDate><ItemCode>7290000449876</ItemCode><ItemType>1</ItemType><ItemName>שליש בגט</ItemName><ManufacturerName>פילסברי</ManufacturerName><ManufactureCountry>ישראל</ManufactureCountry><ManufacturerItemDescription>שליש בגט</ManufacturerItemDescription><SoldByWeight/><Quantity>1000.00</Quantity><UnitOfMeasure>ק"ג     </UnitOfMeasure><QtyInPackage>לא ידוע</QtyInPackage><UnitOfMeasurePrice>0.0028</UnitOfMeasurePrice><AllowDiscount>1</AllowDiscount><ItemStatus>1</ItemStatus><ItemPrice>2.80</ItemPrice></item><item><PriceUpdateDate>2015-10-22 10:36:33</PriceUpdateDate><ItemCode>7290000449883</ItemCode><ItemType>1</ItemType><ItemName>שליש באגט כפרי</ItemName><ManufacturerName>פילסברי</ManufacturerName><ManufactureCountry>ישראל</ManufactureCountry><ManufacturerItemDescription>שליש באגט כפרי</ManufacturerItemDescription><SoldByWeight/><Quantity>1000.00</Quantity><UnitOfMeasure>ק"ג     </UnitOfMeasure><QtyInPackage>לא ידוע</QtyInPackage><UnitOfMeasurePrice>0.0031</UnitOfMeasurePrice><AllowDiscount>1</AllowDiscount><ItemStatus>1</ItemStatus><ItemPrice>3.10</ItemPrice></item><item><PriceUpdateDate>2015-10-22 10:36:34</PriceUpdateDate><ItemCode>7290000450186</ItemCode><ItemType>1</ItemType><ItemName>חלה מתוקה קלועה חצי</ItemName><ManufacturerName>פילסברי</ManufacturerName><ManufactureCountry>ישראל</ManufactureCountry><ManufacturerItemDescription>חלה קלועה מתוקה אפויה 570</ManufacturerItemDescription><SoldByWeight/><Quantity>1000.00</Quantity><UnitOfMeasure>ק"ג     </UnitOfMeasure><QtyInPackage>לא ידוע</QtyInPackage><UnitOfMeasurePrice>0.0124</UnitOfMeasurePrice><AllowDiscount>1</AllowDiscount><ItemStatus>1</ItemStatus><ItemPrice>12.40</ItemPrice></item><item><PriceUpdateDate>2016-02-01 20:42:48</PriceUpdateDate><ItemCode>7290000450193</ItemCode><ItemType>1</ItemType><ItemName>נקטר חמוציות דיאט 1</ItemName><ManufacturerName>אושן ספרי</ManufacturerName><ManufactureCountry>ישראל</ManufactureCountry><ManufacturerItemDescription>נקטר חמוציות דיאט 1 ליטר</ManufacturerItemDescription><SoldByWeight/><Quantity>1000.00</Quantity><UnitOfMeasure>מ"ל</UnitOfMeasure><QtyInPackage>לא ידוע</QtyInPackage><UnitOfMeasurePrice>0.0132</UnitOfMeasurePrice><AllowDiscount>1</AllowDiscount><ItemStatus>1</ItemStatus><ItemPrice>13.20</ItemPrice></item><item><PriceUpdateDate>2015-11-18 13:58:36</PriceUpdateDate><ItemCode>7290000450209</ItemCode><ItemType>1</ItemType><ItemName>טונה פוסידון בשמן 10</ItemName><ManufacturerName>פוסידון</ManufacturerName><ManufactureCountry>ישראל</ManufactureCountry><ManufacturerItemDescription>טונה בהירה בשמן פוסידון 1</ManufacturerItemDescription><SoldByWeight/><Quantity>108.00</Quantity><UnitOfMeasure>גרם     </UnitOfMeasure><QtyInPackage>לא ידוע</QtyInPackage><UnitOfMeasurePrice>0.0648</UnitOfMeasurePrice><AllowDiscount>1</AllowDiscount><ItemStatus>1</ItemStatus><ItemPrice>7.00</ItemPrice></item><item><PriceUpdateDate>2014-11-10 06:29:58</PriceUpdateDate><ItemCode>7290000450308</ItemCode><ItemType>1</ItemType><ItemName>טונה פוסידון במים 10</ItemName><ManufacturerName>פוסידון</ManufacturerName><ManufactureCountry>ישראל</ManufactureCountry><ManufacturerItemDescription>טונה בהירהבמיםפוסידון 108</ManufacturerItemDescription><SoldByWeight/><Quantity>108.00</Quantity><UnitOfMeasure>גרם     </UnitOfMeasure><QtyInPackage>לא ידוע</QtyInPackage><UnitOfMeasurePrice>0.0694</UnitOfMeasurePrice><AllowDiscount>1</AllowDiscount><ItemStatus>1</ItemStatus><ItemPrice>7.50</ItemPrice></item><item><PriceUpdateDate>2016-02-11 08:21:14</PriceUpdateDate><ItemCode>7290000450407</ItemCode><ItemType>1</ItemType><ItemName>לבן 3% 150 מ"ל</ItemName><ManufacturerName>טרה</ManufacturerName><ManufactureCountry>ישראל</ManufactureCountry><ManufacturerItemDescription>לבן 3% 150 מ"ל</ManufacturerItemDescription><SoldByWeight/><Quantity>150.00</Quantity><UnitOfMeasure>מ"ל</UnitOfMeasure><QtyInPackage>לא ידוע</QtyInPackage><UnitOfMeasurePrice>0.0070</UnitOfMeasurePrice><AllowDiscount>1</AllowDiscount><ItemStatus>1</ItemStatus><ItemPrice>1.05</ItemPrice></item><item><PriceUpdateDate>2015-11-18 13:57:28</PriceUpdateDate><ItemCode>7290000450476</ItemCode><ItemType>1</ItemType><ItemName>חטיף ציפסי מארז 10 י</ItemName><ManufacturerName>ציפסי</ManufacturerName><ManufactureCountry>ישראל</ManufactureCountry><ManufacturerItemDescription>חטיף ציפסי מארז 10 י</ManufacturerItemDescription><SoldByWeight/><Quantity>200.00</Quantity><UnitOfMeasure>גרם     </UnitOfMeasure><QtyInPackage>לא ידוע</QtyInPackage><UnitOfMeasurePrice>0.0935</UnitOfMeasurePrice><AllowDiscount>1</AllowDiscount><ItemStatus>1</ItemStatus><ItemPrice>18.70</ItemPrice></item><item><PriceUpdateDate>2015-10-22 10:36:34</PriceUpdateDate><ItemCode>7290000450513</ItemCode><ItemType>1</ItemType><ItemName>קרוטונים מתובלים למר</ItemName><ManufacturerName>אסם</ManufacturerName><ManufactureCountry>ישראל</ManufactureCountry><ManufacturerItemDescription>קרוטונים מתובלים למר</ManufacturerItemDescription><SoldByWeight/><Quantity>400.00</Quantity><UnitOfMeasure>גרם     </UnitOfMeasure><QtyInPackage>לא ידוע</QtyInPackage><UnitOfMeasurePrice>0.0525</UnitOfMeasurePrice><AllowDiscount>1</AllowDiscount><ItemStatus>1</ItemStatus><ItemPrice>21.00</ItemPrice></item><item><PriceUpdateDate>2016-08-02 07:34:14</PriceUpdateDate><ItemCode>7290000450520</ItemCode><ItemType>1</ItemType><ItemName>לחמית שיפון  230 גרם</ItemName><ManufacturerName>לחמית</ManufacturerName><ManufactureCountry>ישראל</ManufactureCountry><ManufacturerItemDescription>לחמית עם שיפון 230 גרם</ManufacturerItemDescription><SoldByWeight/><Quantity>230.00</Quantity><UnitOfMeasure>גרם     </UnitOfMeasure><QtyInPackage>לא ידוע</QtyInPackage><UnitOfMeasurePrice>0.0430</UnitOfMeasurePrice><AllowDiscount>1</AllowDiscount><ItemStatus>1</ItemStatus><ItemPrice>9.90</ItemPrice></item><item><PriceUpdateDate>2016-03-01 06:12:09</PriceUpdateDate><ItemCode>7290000450568</ItemCode><ItemType>1</ItemType><ItemName>עוגת הבית תפוחים פיר</ItemName><ManufacturerName>אסם</ManufacturerName><ManufactureCountry>ישראל</ManufactureCountry><ManufacturerItemDescription>עוגת הבית תפוחים פיר</ManufacturerItemDescription><SoldByWeight/><Quantity>400.00</Quantity><UnitOfMeasure>גרם     </UnitOfMeasure><QtyInPackage>לא ידוע</QtyInPackage><UnitOfMeasurePrice>0.0472</UnitOfMeasurePrice><AllowDiscount>1</AllowDiscount><ItemStatus>1</ItemStatus><ItemPrice>18.90</ItemPrice></item><item><PriceUpdateDate>2016-05-31 07:01:07</PriceUpdateDate><ItemCode>7290000450575</ItemCode><ItemType>1</ItemType><ItemName>עוגת הבית שוקולד 400</ItemName><ManufacturerName>עוגות הבית</ManufacturerName><ManufactureCountry>ישראל</ManufactureCountry><ManufacturerItemDescription>עוגת הבית שוקולד 400 גר</ManufacturerItemDescription><SoldByWeight/><Quantity>400.00</Quantity><UnitOfMeasure>גרם     </UnitOfMeasure><QtyInPackage>לא ידוע</QtyInPackage><UnitOfMeasurePrice>0.0273</UnitOfMeasurePrice><AllowDiscount>0</AllowDiscount><ItemStatus>1</ItemStatus><ItemPrice>10.90</ItemPrice></item><item><PriceUpdateDate>2016-05-31 07:01:07</PriceUpdateDate><ItemCode>7290000450582</ItemCode><ItemType>1</ItemType><ItemName>עוגת הבית שיש 400 גר</ItemName><ManufacturerName>אסם</ManufacturerName><ManufactureCountry>ישראל</ManufactureCountry><ManufacturerItemDescription>עוגת הבית שיש 400 גרם</ManufacturerItemDescription><SoldByWeight/><Quantity>400.00</Quantity><UnitOfMeasure>גרם     </UnitOfMeasure><QtyInPackage>לא ידוע</QtyInPackage><UnitOfMeasurePrice>0.0273</UnitOfMeasurePrice><AllowDiscount>0</AllowDiscount><ItemStatus>1</ItemStatus><ItemPrice>10.90</ItemPrice></item><item><PriceUpdateDate>2016-05-31 07:01:07</PriceUpdateDate><ItemCode>7290000450605</ItemCode><ItemType>1</ItemType><ItemName>עוגת הבית תפוז 400 ג</ItemName><ManufacturerName>עוגות הבית</ManufacturerName><ManufactureCountry>ישראל</ManufactureCountry><ManufacturerItemDescription>עוגת הבית תפוז 400 גר</ManufacturerItemDescription><SoldByWeight/><Quantity>400.00</Quantity><UnitOfMeasure>גרם     </UnitOfMeasure><QtyInPackage>לא ידוע</QtyInPackage><UnitOfMeasurePrice>0.0273</UnitOfMeasurePrice><AllowDiscount>0</AllowDiscount><ItemStatus>1</ItemStatus><ItemPrice>10.90</ItemPrice></item><item><PriceUpdateDate>2016-05-31 07:01:07</PriceUpdateDate><ItemCode>7290000450643</ItemCode><ItemType>1</ItemType><ItemName>דייסת מטרנה קורנפלור</ItemName><ManufacturerName>מטרנה</ManufacturerName><ManufactureCountry>ישראל</ManufactureCountry><ManufacturerItemDescription>דייסת קורנפלור מטרנה 200</ManufacturerItemDescription><SoldByWeight/><Quantity>200.00</Quantity><UnitOfMeasure>גרם     </UnitOfMeasure><QtyInPackage>לא ידוע</QtyInPackage><UnitOfMeasurePrice>0.0725</UnitOfMeasurePrice><AllowDiscount>1</AllowDiscount><ItemStatus>1</ItemStatus><ItemPrice>14.50</ItemPrice></item><item><PriceUpdateDate>2016-05-31 07:01:07</PriceUpdateDate><ItemCode>7290000450681</ItemCode><ItemType>1</ItemType><ItemName>דייסת מטרנה דגנים מע</ItemName><ManufacturerName>מטרנה</ManufacturerName><ManufactureCountry>ישראל</ManufactureCountry><ManufacturerItemDescription>דייסת דגנים מעורבים 200 ג</ManufacturerItemDescription><SoldByWeight/><Quantity>200.00</Quantity><UnitOfMeasure>גרם     </UnitOfMeasure><QtyInPackage>לא ידוע</QtyInPackage><UnitOfMeasurePrice>0.0725</UnitOfMeasurePrice><AllowDiscount>1</AllowDiscount><ItemStatus>1</ItemStatus><ItemPrice>14.50</ItemPrice></item><item><PriceUpdateDate>2016-05-31 07:01:07</PriceUpdateDate><ItemCode>7290000450711</ItemCode><ItemType>1</ItemType><ItemName>דייסת מטרנה וניל בד"</ItemName><ManufacturerName>מטרנה</ManufacturerName><ManufactureCountry>ישראל</ManufactureCountry><ManufacturerItemDescription>דייסת וניל מטרנה 200 גרם</ManufacturerItemDescription><SoldByWeight/><Quantity>200.00</Quantity><UnitOfMeasure>גרם     </UnitOfMeasure><QtyInPackage>לא ידוע</QtyInPackage><UnitOfMeasurePrice>0.0725</UnitOfMeasurePrice><AllowDiscount>1</AllowDiscount><ItemStatus>1</ItemStatus><ItemPrice>14.50</ItemPrice></item><item><PriceUpdateDate>2014-11-10 06:29:38</PriceUpdateDate><ItemCode>7290000450773</ItemCode><ItemType>1</ItemType><ItemName>שמפו פינוק לילדים 2</ItemName><ManufacturerName>לא ידוע</ManufacturerName><ManufactureCountry>ישראל</ManufactureCountry><ManufacturerItemDescription>שמפו פינוק לילדים 2</ManufacturerItemDescription><SoldByWeight/><Quantity>700.00</Quantity><UnitOfMeasure>מ"ל</UnitOfMeasure><QtyInPackage>לא ידוע</QtyInPackage><UnitOfMeasurePrice>0.0247</UnitOfMeasurePrice><AllowDiscount>1</AllowDiscount><ItemStatus>1</ItemStatus><ItemPrice>17.30</ItemPrice></item><item><PriceUpdateDate>2016-03-29 07:02:28</PriceUpdateDate><ItemCode>7290000450780</ItemCode><ItemType>1</ItemType><ItemName>שמפו פינוק לשיער רגי</ItemName><ManufacturerName>פינוק</ManufacturerName><ManufactureCountry>ישראל</ManufactureCountry><ManufacturerItemDescription>שמפו פינוק לשיער רגי</ManufacturerItemDescription><SoldByWeight/><Quantity>700.00</Quantity><UnitOfMeasure>מ"ל</UnitOfMeasure><QtyInPackage>לא ידוע</QtyInPackage><UnitOfMeasurePrice>0.0184</UnitOfMeasurePrice><AllowDiscount>1</AllowDiscount><ItemStatus>1</ItemStatus><ItemPrice>12.90</ItemPrice></item><item><PriceUpdateDate>2016-03-29 07:02:28</PriceUpdateDate><ItemCode>7290000450797</ItemCode><ItemType>1</ItemType><ItemName>שמפו פינוק לשיער יבש</ItemName><ManufacturerName>פינוק</ManufacturerName><ManufactureCountry>ישראל</ManufactureCountry><ManufacturerItemDescription>שמפו פינוק לשיער יבש</ManufacturerItemDescription><SoldByWeight/><Quantity>700.00</Quantity><UnitOfMeasure>מ"ל</UnitOfMeasure><QtyInPackage>לא ידוע</QtyInPackage><UnitOfMeasurePrice>0.0184</UnitOfMeasurePrice><AllowDiscount>1</AllowDiscount><ItemStatus>1</ItemStatus><ItemPrice>12.90</ItemPrice></item><item><PriceUpdateDate>2016-03-29 07:02:28</PriceUpdateDate><ItemCode>7290000450827</ItemCode><ItemType>1</ItemType><ItemName>שמפו פינוק נגד קשקשי</ItemName><ManufacturerName>פינוק</ManufacturerName><ManufactureCountry>ישראל</ManufactureCountry><ManufacturerItemDescription>שמפו פינוק נגד קשקשי</ManufacturerItemDescription><SoldByWeight/><Quantity>700.00</Quantity><UnitOfMeasure>מ"ל</UnitOfMeasure><QtyInPackage>לא ידוע</QtyInPackage><UnitOfMeasurePrice>0.0184</UnitOfMeasurePrice><AllowDiscount>1</AllowDiscount><ItemStatus>1</ItemStatus><ItemPrice>12.90</ItemPrice></item><item><PriceUpdateDate>2016-03-29 07:02:28</PriceUpdateDate><ItemCode>7290000450834</ItemCode><ItemType>1</ItemType><ItemName>מרכך פינוק לשיער רגי</ItemName><ManufacturerName>פינוק</ManufacturerName><ManufactureCountry>ישראל</ManufactureCountry><ManufacturerItemDescription>מרכך פינוק לשיער רגי</ManufacturerItemDescription><SoldByWeight/><Quantity>700.00</Quantity><UnitOfMeasure>מ"ל</UnitOfMeasure><QtyInPackage>לא ידוע</QtyInPackage><UnitOfMeasurePrice>0.0184</UnitOfMeasurePrice><AllowDiscount>1</AllowDiscount><ItemStatus>1</ItemStatus><ItemPrice>12.90</ItemPrice></item><item><PriceUpdateDate>2016-03-29 07:02:28</PriceUpdateDate><ItemCode>7290000450841</ItemCode><ItemType>1</ItemType><ItemName>מרכך פינוק לשיער יבש</ItemName><ManufacturerName>פינוק</ManufacturerName><ManufactureCountry>ישראל</ManufactureCountry><ManufacturerItemDescription>מרכך פינוק לשיער יבש</ManufacturerItemDescription><SoldByWeight/><Quantity>700.00</Quantity><UnitOfMeasure>מ"ל</UnitOfMeasure><QtyInPackage>לא ידוע</QtyInPackage><UnitOfMeasurePrice>0.0184</UnitOfMeasurePrice><AllowDiscount>1</AllowDiscount><ItemStatus>1</ItemStatus><ItemPrice>12.90</ItemPrice></item><item><PriceUpdateDate>2016-05-01 08:12:48</PriceUpdateDate><ItemCode>7290000450896</ItemCode><ItemType>1</ItemType><ItemName>פנטסטיק סיף שמפו לרצ</ItemName><ManufacturerName>סיף</ManufacturerName><ManufactureCountry>ישראל</ManufactureCountry><ManufacturerItemDescription>פנטסטיק סיף שמפו לרצ</ManufacturerItemDescription><SoldByWeight/><Quantity>4000.00</Quantity><UnitOfMeasure>מ"ל</UnitOfMeasure><QtyInPackage>לא ידוע</QtyInPackage><UnitOfMeasurePrice>0.0060</UnitOfMeasurePrice><AllowDiscount>1</AllowDiscount><ItemStatus>1</ItemStatus><ItemPrice>24.00</ItemPrice></item><item><PriceUpdateDate>2016-07-25 09:01:24</PriceUpdateDate><ItemCode>7290000451039</ItemCode><ItemType>1</ItemType><ItemName>מב שניצלונים עוף טוב</ItemName><ManufacturerName>עוף טוב</ManufacturerName><ManufactureCountry>ישראל</ManufactureCountry><ManufacturerItemDescription>שניצלונים 700 גרם</ManufacturerItemDescription><SoldByWeight/><Quantity>700.00</Quantity><UnitOfMeasure>גרם     </UnitOfMeasure><QtyInPackage>לא ידוע</QtyInPackage><UnitOfMeasurePrice>0.0170</UnitOfMeasurePrice><AllowDiscount>1</AllowDiscount><ItemStatus>1</ItemStatus><ItemPrice>11.90</ItemPrice></item><item><PriceUpdateDate>2016-03-01 06:12:09</PriceUpdateDate><ItemCode>7290000451374</ItemCode><ItemType>1</ItemType><ItemName>קרם ידיים דאב 100 מ"</ItemName><ManufacturerName>דאב</ManufacturerName><ManufactureCountry>ישראל</ManufactureCountry><ManufacturerItemDescription>קרם ידיים דאב 100 מ"</ManufacturerItemDescription><SoldByWeight/><Quantity>100.00</Quantity><UnitOfMeasure>מ"ל</UnitOfMeasure><QtyInPackage>לא ידוע</QtyInPackage><UnitOfMeasurePrice>0.1340</UnitOfMeasurePrice><AllowDiscount>1</AllowDiscount><ItemStatus>1</ItemStatus><ItemPrice>13.40</ItemPrice></item><item><PriceUpdateDate>2015-11-18 13:57:28</PriceUpdateDate><ItemCode>7290000451398</ItemCode><ItemType>1</ItemType><ItemName>ג'לטין טהור ויליגר 2</ItemName><ManufacturerName>ויליגר</ManufacturerName><ManufactureCountry>ישראל</ManufactureCountry><ManufacturerItemDescription>גלטין טהור 28 גר</ManufacturerItemDescription><SoldByWeight/><Quantity>14.00</Quantity><UnitOfMeasure>גרם     </UnitOfMeasure><QtyInPackage>לא ידוע</QtyInPackage><UnitOfMeasurePrice>0.7286</UnitOfMeasurePrice><AllowDiscount>1</AllowDiscount><ItemStatus>1</ItemStatus><ItemPrice>10.20</ItemPrice></item><item><PriceUpdateDate>2016-05-31 06:53:47</PriceUpdateDate><ItemCode>7290000451572</ItemCode><ItemType>1</ItemType><ItemName>סלמון מעושן מצונן 10</ItemName><ManufacturerName>דלידג</ManufacturerName><ManufactureCountry>ישראל</ManufactureCountry><ManufacturerItemDescription>סלמון מעושן מצונן 100 גרם</ManufacturerItemDescription><SoldByWeight/><Quantity>100.00</Quantity><UnitOfMeasure>גרם     </UnitOfMeasure><QtyInPackage>לא ידוע</QtyInPackage><UnitOfMeasurePrice>0.1990</UnitOfMeasurePrice><AllowDiscount>1</AllowDiscount><ItemStatus>1</ItemStatus><ItemPrice>19.90</ItemPrice></item><item><PriceUpdateDate>2016-08-02 07:38:12</PriceUpdateDate><ItemCode>7290000451732</ItemCode><ItemType>1</ItemType><ItemName>מב בצק פילו 500 גרם</ItemName><ManufacturerName>שלושת האופים</ManufacturerName><ManufactureCountry>ישראל</ManufactureCountry><ManufacturerItemDescription>בצק פילו 500גר ש.האופים</ManufacturerItemDescription><SoldByWeight/><Quantity>500.00</Quantity><UnitOfMeasure>גרם     </UnitOfMeasure><QtyInPackage>לא ידוע</QtyInPackage><UnitOfMeasurePrice>0.0278</UnitOfMeasurePrice><AllowDiscount>1</AllowDiscount><ItemStatus>1</ItemStatus><ItemPrice>13.90</ItemPrice></item><item><PriceUpdateDate>2016-06-28 09:30:24</PriceUpdateDate><ItemCode>7290000451749</ItemCode><ItemType>1</ItemType><ItemName>מב ג'חנון אפוי 650 ג</ItemName><ManufacturerName>שלושת האופים</ManufacturerName><ManufactureCountry>ישראל</ManufactureCountry><ManufacturerItemDescription>מב ג'חנון אפוי 650 ג</ManufacturerItemDescription><SoldByWeight/><Quantity>650.00</Quantity><UnitOfMeasure>גרם     </UnitOfMeasure><QtyInPackage>לא ידוע</QtyInPackage><UnitOfMeasurePrice>0.0229</UnitOfMeasurePrice><AllowDiscount>1</AllowDiscount><ItemStatus>1</ItemStatus><ItemPrice>14.90</ItemPrice></item><item><PriceUpdateDate>2016-08-02 07:38:12</PriceUpdateDate><ItemCode>7290000451862</ItemCode><ItemType>1</ItemType><ItemName>מב המבורגר 100% 400</ItemName><ManufacturerName>טיבון ויל</ManufacturerName><ManufactureCountry>ישראל</ManufactureCountry><ManufacturerItemDescription>המבורגר 400 100% גרם</ManufacturerItemDescription><SoldByWeight/><Quantity>400.00</Quantity><UnitOfMeasure>גרם     </UnitOfMeasure><QtyInPackage>לא ידוע</QtyInPackage><UnitOfMeasurePrice>0.0472</UnitOfMeasurePrice><AllowDiscount>1</AllowDiscount><ItemStatus>1</ItemStatus><ItemPrice>18.90</ItemPrice></item><item><PriceUpdateDate>2016-08-10 08:22:53</PriceUpdateDate><ItemCode>7290000451909</ItemCode><ItemType>1</ItemType><ItemName>פילה מטיאס 2 בשמן 40</ItemName><ManufacturerName>דלידג</ManufacturerName><ManufactureCountry>ישראל</ManufactureCountry><ManufacturerItemDescription>פילה מטיאס בשמן 240 גרם</ManufacturerItemDescription><SoldByWeight/><Quantity>240.00</Quantity><UnitOfMeasure>גרם     </UnitOfMeasure><QtyInPackage>לא ידוע</QtyInPackage><UnitOfMeasurePrice>0.1042</UnitOfMeasurePrice><AllowDiscount>1</AllowDiscount><ItemStatus>1</ItemStatus><ItemPrice>25.00</ItemPrice></item><item><PriceUpdateDate>2014-11-10 06:29:57</PriceUpdateDate><ItemCode>7290000452111</ItemCode><ItemType>1</ItemType><ItemName>ג'לטין בקר 28גרם</ItemName><ManufacturerName>ויליגר</ManufacturerName><ManufactureCountry>איטליה</ManufactureCountry><ManufacturerItemDescription>טבליות סטיביה   1 יחידות</ManufacturerItemDescription><SoldByWeight/><Quantity>14.00</Quantity><UnitOfMeasure>גרם     </UnitOfMeasure><QtyInPackage>לא ידוע</QtyInPackage><UnitOfMeasurePrice>0.5786</UnitOfMeasurePrice><AllowDiscount>1</AllowDiscount><ItemStatus>1</ItemStatus><ItemPrice>8.10</ItemPrice></item><item><PriceUpdateDate>2016-05-01 08:12:49</PriceUpdateDate><ItemCode>7290000452142</ItemCode><ItemType>1</ItemType><ItemName>מב אצבעות שניצל בציפ</ItemName><ManufacturerName>מאמא עוף קפוא</ManufacturerName><ManufactureCountry>ישראל</ManufactureCountry><ManufacturerItemDescription>אצבעות שניצל ציפוי שומשום</ManufacturerItemDescription><SoldByWeight/><Quantity>700.00</Quantity><UnitOfMeasure>גרם     </UnitOfMeasure><QtyInPackage>לא ידוע</QtyInPackage><UnitOfMeasurePrice>0.0427</UnitOfMeasurePrice><AllowDiscount>1</AllowDiscount><ItemStatus>1</ItemStatus><ItemPrice>29.90</ItemPrice></item><item><PriceUpdateDate>2016-05-01 08:19:00</PriceUpdateDate><ItemCode>7290000452166</ItemCode><ItemType>1</ItemType><ItemName>מב שניצל ג'ונגל 700</ItemName><ManufacturerName>מאמא עוף קפוא</ManufacturerName><ManufactureCountry>ישראל</ManufactureCountry><ManufacturerItemDescription>שניצל גונגל מאמא עוף 700</ManufacturerItemDescription><SoldByWeight/><Quantity>700.00</Quantity><UnitOfMeasure>גרם     </UnitOfMeasure><QtyInPackage>לא ידוע</QtyInPackage><UnitOfMeasurePrice>0.0427</UnitOfMeasurePrice><AllowDiscount>1</AllowDiscount><ItemStatus>1</ItemStatus><ItemPrice>29.90</ItemPrice></item><item><PriceUpdateDate>2016-05-31 07:01:08</PriceUpdateDate><ItemCode>7290000452197</ItemCode><ItemType>1</ItemType><ItemName>שניצל דק דק פריך 700</ItemName><ManufacturerName>מאמא עוף קפוא</ManufacturerName><ManufactureCountry>ישראל</ManufactureCountry><ManufacturerItemDescription>שניצל דק דק פריך 700 גרם</ManufacturerItemDescription><SoldByWeight/><Quantity>700.00</Quantity><UnitOfMeasure>גרם     </UnitOfMeasure><QtyInPackage>לא ידוע</QtyInPackage><UnitOfMeasurePrice>0.0527</UnitOfMeasurePrice><AllowDiscount>1</AllowDiscount><ItemStatus>1</ItemStatus><ItemPrice>36.90</ItemPrice></item><item><PriceUpdateDate>2016-08-02 07:34:15</PriceUpdateDate><ItemCode>7290000452371</ItemCode><ItemType>1</ItemType><ItemName>מב שניצל אמיתי ביתי</ItemName><ManufacturerName>מאמא עוף קפוא</ManufacturerName><ManufactureCountry>ישראל</ManufactureCountry><ManufacturerItemDescription>שניצל אמיתי ביתי 700 גרם</ManufacturerItemDescription><SoldByWeight/><Quantity>700.00</Quantity><UnitOfMeasure>גרם     </UnitOfMeasure><QtyInPackage>לא ידוע</QtyInPackage><UnitOfMeasurePrice>0.0499</UnitOfMeasurePrice><AllowDiscount>1</AllowDiscount><ItemStatus>1</ItemStatus><ItemPrice>34.90</ItemPrice></item><item><PriceUpdateDate>2016-05-01 08:12:49</PriceUpdateDate><ItemCode>7290000452388</ItemCode><ItemType>1</ItemType><ItemName>מב כוכבי עוף 700 גרם</ItemName><ManufacturerName>מאמא עוף קפוא</ManufacturerName><ManufactureCountry>ישראל</ManufactureCountry><ManufacturerItemDescription>מב כוכבי עוף 700 גרם</ManufacturerItemDescription><SoldByWeight/><Quantity>700.00</Quantity><UnitOfMeasure>גרם     </UnitOfMeasure><QtyInPackage>לא ידוע</QtyInPackage><UnitOfMeasurePrice>0.0427</UnitOfMeasurePrice><AllowDiscount>1</AllowDiscount><ItemStatus>1</ItemStatus><ItemPrice>29.90</ItemPrice></item><item><PriceUpdateDate>2016-05-01 08:12:49</PriceUpdateDate><ItemCode>7290000452432</ItemCode><ItemType>1</ItemType><ItemName>מב טבעות עוף 700 גרם</ItemName><ManufacturerName>מאמא עוף קפוא</ManufacturerName><ManufactureCountry>ישראל</ManufactureCountry><ManufacturerItemDescription>מב טבעות עוף 700 גרם</ManufacturerItemDescription><SoldByWeight/><Quantity>700.00</Quantity><UnitOfMeasure>גרם     </UnitOfMeasure><QtyInPackage>לא ידוע</QtyInPackage><UnitOfMeasurePrice>0.0427</UnitOfMeasurePrice><AllowDiscount>1</AllowDiscount><ItemStatus>1</ItemStatus><ItemPrice>29.90</ItemPrice></item><item><PriceUpdateDate>2016-08-02 07:38:12</PriceUpdateDate><ItemCode>7290000452449</ItemCode><ItemType>1</ItemType><ItemName>מב קציצות עוף והודו</ItemName><ManufacturerName>מאמא עוף קפוא</ManufacturerName><ManufactureCountry>ישראל</ManufactureCountry><ManufacturerItemDescription>קציצות עוף והודו אמיתיות7</ManufacturerItemDescription><SoldByWeight/><Quantity>700.00</Quantity><UnitOfMeasure>גרם     </UnitOfMeasure><QtyInPackage>לא ידוע</QtyInPackage><UnitOfMeasurePrice>0.0384</UnitOfMeasurePrice><AllowDiscount>1</AllowDiscount><ItemStatus>1</ItemStatus><ItemPrice>26.90</ItemPrice></item><item><PriceUpdateDate>2016-01-05 09:19:59</PriceUpdateDate><ItemCode>7290000452494</ItemCode><ItemType>1</ItemType><ItemName>חומוס עם טחינה צבר 1</ItemName><ManufacturerName>צבר</ManufacturerName><ManufactureCountry>ישראל</ManufactureCountry><ManufacturerItemDescription>סלט חומוס וטחינה 150 גרם</ManufacturerItemDescription><SoldByWeight/><Quantity>150.00</Quantity><UnitOfMeasure>גרם     </UnitOfMeasure><QtyInPackage>לא ידוע</QtyInPackage><UnitOfMeasurePrice>0.0367</UnitOfMeasurePrice><AllowDiscount>1</AllowDiscount><ItemStatus>1</ItemStatus><ItemPrice>5.50</ItemPrice></item><item><PriceUpdateDate>2016-01-05 09:19:59</PriceUpdateDate><ItemCode>7290000452548</ItemCode><ItemType>1</ItemType><ItemName>חומוס עם חריף 150 גר</ItemName><ManufacturerName>צבר</ManufacturerName><ManufactureCountry>ישראל</ManufactureCountry><ManufacturerItemDescription>סלט חומוס וחריף 150 גרם</ManufacturerItemDescription><SoldByWeight/><Quantity>150.00</Quantity><UnitOfMeasure>גרם     </UnitOfMeasure><QtyInPackage>לא ידוע</QtyInPackage><UnitOfMeasurePrice>0.0367</UnitOfMeasurePrice><AllowDiscount>1</AllowDiscount><ItemStatus>1</ItemStatus><ItemPrice>5.50</ItemPrice></item><item><PriceUpdateDate>2016-02-08 10:37:27</PriceUpdateDate><ItemCode>7290000452821</ItemCode><ItemType>1</ItemType><ItemName>בירה הייניקן   פחית</ItemName><ManufacturerName>הייניקן</ManufacturerName><ManufactureCountry>ישראל</ManufactureCountry><ManufacturerItemDescription>בירה היינקן פחית 500 מל</ManufacturerItemDescription><SoldByWeight/><Quantity>550.00</Quantity><UnitOfMeasure>מ"ל</UnitOfMeasure><QtyInPackage>לא ידוע</QtyInPackage><UnitOfMeasurePrice>0.0249</UnitOfMeasurePrice><AllowDiscount>1</AllowDiscount><ItemStatus>1</ItemStatus><ItemPrice>13.70</ItemPrice></item><item><PriceUpdateDate>2016-05-31 07:01:09</PriceUpdateDate><ItemCode>7290000452869</ItemCode><ItemType>1</ItemType><ItemName>בירה גולדסטאר שישיות</ItemName><ManufacturerName>גולדסטאר</ManufacturerName><ManufactureCountry>ישראל</ManufactureCountry><ManufacturerItemDescription>בירה גולדסטאר בקבוק330- 1</ManufacturerItemDescription><SoldByWeight/><Quantity>1980.00</Quantity><UnitOfMeasure>מ"ל</UnitOfMeasure><QtyInPackage>לא ידוע</QtyInPackage><UnitOfMeasurePrice>0.0186</UnitOfMeasurePrice><AllowDiscount>1</AllowDiscount><ItemStatus>1</ItemStatus><ItemPrice>36.90</ItemPrice></item><item><PriceUpdateDate>2016-05-31 07:01:09</PriceUpdateDate><ItemCode>7290000452906</ItemCode><ItemType>1</ItemType><ItemName>בירה היינקן שישיות ב</ItemName><ManufacturerName>הייניקן</ManufacturerName><ManufactureCountry>ישראל</ManufactureCountry><ManufacturerItemDescription>בירה הייניקן 6יח330* מ"ל</ManufacturerItemDescription><SoldByWeight/><Quantity>1980.00</Quantity><UnitOfMeasure>מ"ל</UnitOfMeasure><QtyInPackage>לא ידוע</QtyInPackage><UnitOfMeasurePrice>0.0202</UnitOfMeasurePrice><AllowDiscount>1</AllowDiscount><ItemStatus>1</ItemStatus><ItemPrice>39.90</ItemPrice></item><item><PriceUpdateDate>2015-07-28 09:25:53</PriceUpdateDate><ItemCode>7290000452920</ItemCode><ItemType>1</ItemType><ItemName>מב סודה שישייה 1.5 ל</ItemName><ManufacturerName>טמפו</ManufacturerName><ManufactureCountry>ישראל</ManufactureCountry><ManufacturerItemDescription>שישיית סודה 1.5 ליטר</ManufacturerItemDescription><SoldByWeight/><Quantity>9000.00</Quantity><UnitOfMeasure>מ"ל</UnitOfMeasure><QtyInPackage>לא ידוע</QtyInPackage><UnitOfMeasurePrice>0.0019</UnitOfMeasurePrice><AllowDiscount>1</AllowDiscount><ItemStatus>1</ItemStatus><ItemPrice>16.90</ItemPrice></item><item><PriceUpdateDate>2016-04-03 12:01:40</PriceUpdateDate><ItemCode>7290000452968</ItemCode><ItemType>1</ItemType><ItemName>עלי בייבי ירקות שטרא</ItemName><ManufacturerName>שטראוס</ManufacturerName><ManufactureCountry>ישראל</ManufactureCountry><ManufacturerItemDescription>מבחר עלי בייבי</ManufacturerItemDescription><SoldByWeight/><Quantity>120.00</Quantity><UnitOfMeasure>יח'</UnitOfMeasure><QtyInPackage>לא ידוע</QtyInPackage><UnitOfMeasurePrice>0.0908</UnitOfMeasurePrice><AllowDiscount>1</AllowDiscount><ItemStatus>1</ItemStatus><ItemPrice>10.90</ItemPrice></item><item><PriceUpdateDate>2016-08-10 08:23:05</PriceUpdateDate><ItemCode>7290000453019</ItemCode><ItemType>1</ItemType><ItemName>שמרים טריים 50 גרם</ItemName><ManufacturerName>שמרית</ManufacturerName><ManufactureCountry>ישראל</ManufactureCountry><ManufacturerItemDescription>שמרים לחים אינסטנט</ManufacturerItemDescription><SoldByWeight/><Quantity>14.00</Quantity><UnitOfMeasure>גרם     </UnitOfMeasure><QtyInPackage>לא ידוע</QtyInPackage><UnitOfMeasurePrice>0.3857</UnitOfMeasurePrice><AllowDiscount>1</AllowDiscount><ItemStatus>1</ItemStatus><ItemPrice>5.40</ItemPrice></item><item><PriceUpdateDate>2016-04-03 12:01:40</PriceUpdateDate><ItemCode>7290000453040</ItemCode><ItemType>1</ItemType><ItemName>סלט המושבה 450 גרם</ItemName><ManufacturerName>שטראוס</ManufacturerName><ManufactureCountry>ישראל</ManufactureCountry><ManufacturerItemDescription>סלט המושבה</ManufacturerItemDescription><SoldByWeight/><Quantity>450.00</Quantity><UnitOfMeasure>גרם     </UnitOfMeasure><QtyInPackage>לא ידוע</QtyInPackage><UnitOfMeasurePrice>0.0331</UnitOfMeasurePrice><AllowDiscount>1</AllowDiscount><ItemStatus>1</ItemStatus><ItemPrice>14.90</ItemPrice></item><item><PriceUpdateDate>2016-05-02 14:15:22</PriceUpdateDate><ItemCode>7290000453149</ItemCode><ItemType>1</ItemType><ItemName>סלט חומוס אחלה 750 ג</ItemName><ManufacturerName>אחלה</ManufacturerName><ManufactureCountry>ישראל</ManufactureCountry><ManufacturerItemDescription>סלט חומוס אחלה 750 ג</ManufacturerItemDescription><SoldByWeight/><Quantity>750.00</Quantity><UnitOfMeasure>גרם     </UnitOfMeasure><QtyInPackage>לא ידוע</QtyInPackage><UnitOfMeasurePrice>0.0132</UnitOfMeasurePrice><AllowDiscount>1</AllowDiscount><ItemStatus>1</ItemStatus><ItemPrice>9.90</ItemPrice></item><item><PriceUpdateDate>2015-10-11 20:33:40</PriceUpdateDate><ItemCode>7290000453286</ItemCode><ItemType>1</ItemType><ItemName>דניאלה תות 150 מ"ל</ItemName><ManufacturerName>דניאלה</ManufacturerName><ManufactureCountry>ישראל</ManufactureCountry><ManufacturerItemDescription>דניאלה מעדן גבינה תות 150</ManufacturerItemDescription><SoldByWeight/><Quantity>150.00</Quantity><UnitOfMeasure>מ"ל</UnitOfMeasure><QtyInPackage>לא ידוע</QtyInPackage><UnitOfMeasurePrice>0.0280</UnitOfMeasurePrice><AllowDiscount>1</AllowDiscount><ItemStatus>1</ItemStatus><ItemPrice>4.20</ItemPrice></item><item><PriceUpdateDate>2015-10-01 06:16:24</PriceUpdateDate><ItemCode>7290000453477</ItemCode><ItemType>1</ItemType><ItemName>תפוצ'יפס קראנצ' טבעי</ItemName><ManufacturerName>תפוצ'יפס</ManufacturerName><ManufactureCountry>ישראל</ManufactureCountry><ManufacturerItemDescription>תפוציפס קראנץ בטעם טבעי 5</ManufacturerItemDescription><SoldByWeight/><Quantity>14.00</Quantity><UnitOfMeasure>גרם     </UnitOfMeasure><QtyInPackage>לא ידוע</QtyInPackage><UnitOfMeasurePrice>0.2786</UnitOfMeasurePrice><AllowDiscount>1</AllowDiscount><ItemStatus>1</ItemStatus><ItemPrice>3.90</ItemPrice></item><item><PriceUpdateDate>2016-08-02 07:38:13</PriceUpdateDate><ItemCode>7290000453484</ItemCode><ItemType>1</ItemType><ItemName>מב ממרח פרה שוקולד מ</ItemName><ManufacturerName>פרה</ManufacturerName><ManufactureCountry>ישראל</ManufactureCountry><ManufacturerItemDescription>מב ממרח פרה שוקולד מ</ManufacturerItemDescription><SoldByWeight/><Quantity>500.00</Quantity><UnitOfMeasure>גרם     </UnitOfMeasure><QtyInPackage>לא ידוע</QtyInPackage><UnitOfMeasurePrice>0.0158</UnitOfMeasurePrice><AllowDiscount>1</AllowDiscount><ItemStatus>1</ItemStatus><ItemPrice>7.90</ItemPrice></item><item><PriceUpdateDate>2016-08-10 08:22:53</PriceUpdateDate><ItemCode>7290000453545</ItemCode><ItemType>1</ItemType><ItemName>מארז צ'יטוס איקס עיג</ItemName><ManufacturerName>צ'יטוס</ManufacturerName><ManufactureCountry>ישראל</ManufactureCountry><ManufacturerItemDescription>מארז צ'יטוס איקס עיג</ManufacturerItemDescription><SoldByWeight/><Quantity>150.00</Quantity><UnitOfMeasure>גרם     </UnitOfMeasure><QtyInPackage>לא ידוע</QtyInPackage><UnitOfMeasurePrice>0.0867</UnitOfMeasurePrice><AllowDiscount>1</AllowDiscount><ItemStatus>1</ItemStatus><ItemPrice>13.00</ItemPrice></item><item><PriceUpdateDate>2016-01-14 10:29:49</PriceUpdateDate><ItemCode>7290000453620</ItemCode><ItemType>1</ItemType><ItemName>מסטיק מאסט דובדבן 28</ItemName><ManufacturerName>לא ידוע</ManufacturerName><ManufactureCountry>ישראל</ManufactureCountry><ManufacturerItemDescription>מסטיק מאסט ציקלס דובדבן 2</ManufacturerItemDescription><SoldByWeight/><Quantity>0.00</Quantity><UnitOfMeasure>יח'</UnitOfMeasure><QtyInPackage>לא ידוע</QtyInPackage><UnitOfMeasurePrice>0.0000</UnitOfMeasurePrice><AllowDiscount>1</AllowDiscount><ItemStatus>1</ItemStatus><ItemPrice>4.50</ItemPrice></item><item><PriceUpdateDate>2015-10-01 06:16:24</PriceUpdateDate><ItemCode>7290000453668</ItemCode><ItemType>1</ItemType><ItemName>חטיף תפוציפס קראנצ'</ItemName><ManufacturerName>תפוצ'יפס</ManufacturerName><ManufactureCountry>ישראל</ManufactureCountry><ManufacturerItemDescription>תפוציפס קראנץ גריל 50 גרם</ManufacturerItemDescription><SoldByWeight/><Quantity>14.00</Quantity><UnitOfMeasure>גרם     </UnitOfMeasure><QtyInPackage>לא ידוע</QtyInPackage><UnitOfMeasurePrice>0.2786</UnitOfMeasurePrice><AllowDiscount>1</AllowDiscount><ItemStatus>1</ItemStatus><ItemPrice>3.90</ItemPrice></item><item><PriceUpdateDate>2015-10-01 06:16:25</PriceUpdateDate><ItemCode>7290000453682</ItemCode><ItemType>1</ItemType><ItemName>חטיף תפוציפס קראנצ'</ItemName><ManufacturerName>תפוצ'יפס</ManufacturerName><ManufactureCountry>ישראל</ManufactureCountry><ManufacturerItemDescription>תפוציפס קראנץ מקסיקני 50</ManufacturerItemDescription><SoldByWeight/><Quantity>14.00</Quantity><UnitOfMeasure>גרם     </UnitOfMeasure><QtyInPackage>לא ידוע</QtyInPackage><UnitOfMeasurePrice>0.2786</UnitOfMeasurePrice><AllowDiscount>1</AllowDiscount><ItemStatus>1</ItemStatus><ItemPrice>3.90</ItemPrice></item><item><PriceUpdateDate>2016-08-10 08:22:53</PriceUpdateDate><ItemCode>7290000453705</ItemCode><ItemType>1</ItemType><ItemName>חטיף דוריטוס גריל 55</ItemName><ManufacturerName>דוריטוס</ManufacturerName><ManufactureCountry>ישראל</ManufactureCountry><ManufacturerItemDescription>דוריטוס גריל 55 גרם</ManufacturerItemDescription><SoldByWeight/><Quantity>14.00</Quantity><UnitOfMeasure>גרם     </UnitOfMeasure><QtyInPackage>לא ידוע</QtyInPackage><UnitOfMeasurePrice>0.2571</UnitOfMeasurePrice><AllowDiscount>1</AllowDiscount><ItemStatus>1</ItemStatus><ItemPrice>3.60</ItemPrice></item><item><PriceUpdateDate>2016-08-10 08:22:53</PriceUpdateDate><ItemCode>7290000453712</ItemCode><ItemType>1</ItemType><ItemName>חטיף דוריטוס נאצ'ו מ</ItemName><ManufacturerName>דוריטוס</ManufacturerName><ManufactureCountry>ישראל</ManufactureCountry><ManufacturerItemDescription>דוריטוס נאצו 55 גרם</ManufacturerItemDescription><SoldByWeight/><Quantity>14.00</Quantity><UnitOfMeasure>גרם     </UnitOfMeasure><QtyInPackage>לא ידוע</QtyInPackage><UnitOfMeasurePrice>0.2571</UnitOfMeasurePrice><AllowDiscount>1</AllowDiscount><ItemStatus>1</ItemStatus><ItemPrice>3.60</ItemPrice></item><item><PriceUpdateDate>2016-03-21 10:07:05</PriceUpdateDate><ItemCode>7290000453767</ItemCode><ItemType>1</ItemType><ItemName>ממרח שוקולד פרה 850</ItemName><ManufacturerName>פרה</ManufacturerName><ManufactureCountry>ישראל</ManufactureCountry><ManufacturerItemDescription>ממרח שוקולד פרה 850</ManufacturerItemDescription><SoldByWeight/><Quantity>850.00</Quantity><UnitOfMeasure>גרם     </UnitOfMeasure><QtyInPackage>לא ידוע</QtyInPackage><UnitOfMeasurePrice>0.0222</UnitOfMeasurePrice><AllowDiscount>1</AllowDiscount><ItemStatus>1</ItemStatus><ItemPrice>18.90</ItemPrice></item><item><PriceUpdateDate>2016-03-21 10:07:05</PriceUpdateDate><ItemCode>7290000453774</ItemCode><ItemType>1</ItemType><ItemName>ממרח שוקולד פרה מגדי</ItemName><ManufacturerName>פרה</ManufacturerName><ManufactureCountry>ישראל</ManufactureCountry><ManufacturerItemDescription>ממרח שוקולד פרה מגדי</ManufacturerItemDescription><SoldByWeight/><Quantity>850.00</Quantity><UnitOfMeasure>גרם     </UnitOfMeasure><QtyInPackage>לא ידוע</QtyInPackage><UnitOfMeasurePrice>0.0222</UnitOfMeasurePrice><AllowDiscount>1</AllowDiscount><ItemStatus>1</ItemStatus><ItemPrice>18.90</ItemPrice></item><item><PriceUpdateDate>2016-01-14 10:29:49</PriceUpdateDate><ItemCode>7290000453798</ItemCode><ItemType>1</ItemType><ItemName>מסטיק מאסט מנטה עדין</ItemName><ManufacturerName>מאסט</ManufacturerName><ManufactureCountry>ישראל</ManufactureCountry><ManufacturerItemDescription>מסטיק מאסט עדיין ספירמינט</ManufacturerItemDescription><SoldByWeight/><Quantity>28.00</Quantity><UnitOfMeasure>גרם     </UnitOfMeasure><QtyInPackage>לא ידוע</QtyInPackage><UnitOfMeasurePrice>0.1607</UnitOfMeasurePrice><AllowDiscount>1</AllowDiscount><ItemStatus>1</ItemStatus><ItemPrice>4.50</ItemPrice></item><item><PriceUpdateDate>2016-01-14 10:29:49</PriceUpdateDate><ItemCode>7290000453804</ItemCode><ItemType>1</ItemType><ItemName>מסטיק מאסט קלאסי 28</ItemName><ManufacturerName>מאסט</ManufacturerName><ManufactureCountry>ישראל</ManufactureCountry><ManufacturerItemDescription>מסטיק מאסט קלאסי פפרמינט</ManufacturerItemDescription><SoldByWeight/><Quantity>0.00</Quantity><UnitOfMeasure>יח'</UnitOfMeasure><QtyInPackage>לא ידוע</QtyInPackage><UnitOfMeasurePrice>0.0000</UnitOfMeasurePrice><AllowDiscount>1</AllowDiscount><ItemStatus>1</ItemStatus><ItemPrice>4.50</ItemPrice></item><item><PriceUpdateDate>2016-05-26 11:45:51</PriceUpdateDate><ItemCode>7290000453828</ItemCode><ItemType>1</ItemType><ItemName>עוגת רולדה מצופה שוק</ItemName><ManufacturerName>עלית</ManufacturerName><ManufactureCountry>ישראל</ManufactureCountry><ManufacturerItemDescription>עוגת רולדה מצופה שוק</ManufacturerItemDescription><SoldByWeight/><Quantity>350.00</Quantity><UnitOfMeasure>גרם     </UnitOfMeasure><QtyInPackage>לא ידוע</QtyInPackage><UnitOfMeasurePrice>0.0483</UnitOfMeasurePrice><AllowDiscount>1</AllowDiscount><ItemStatus>1</ItemStatus><ItemPrice>16.90</ItemPrice></item><item><PriceUpdateDate>2016-08-02 07:34:15</PriceUpdateDate><ItemCode>7290000453880</ItemCode><ItemType>1</ItemType><ItemName>רוטב וינגרט 290 מ"ל</ItemName><ManufacturerName>אסם</ManufacturerName><ManufactureCountry>ישראל</ManufactureCountry><ManufacturerItemDescription>רוטב וינגרט קלאסי 290 מל</ManufacturerItemDescription><SoldByWeight/><Quantity>290.00</Quantity><UnitOfMeasure>מ"ל</UnitOfMeasure><QtyInPackage>לא ידוע</QtyInPackage><UnitOfMeasurePrice>0.0445</UnitOfMeasurePrice><AllowDiscount>1</AllowDiscount><ItemStatus>1</ItemStatus><ItemPrice>12.90</ItemPrice></item><item><PriceUpdateDate>2016-05-31 07:01:09</PriceUpdateDate><ItemCode>7290000453903</ItemCode><ItemType>1</ItemType><ItemName>ערגליות שוקו 300 גרם</ItemName><ManufacturerName>אסם</ManufacturerName><ManufactureCountry>ישראל</ManufactureCountry><ManufacturerItemDescription>ערגליות שוקו 300 גר</ManufacturerItemDescription><SoldByWeight/><Quantity>300.00</Quantity><UnitOfMeasure>גרם     </UnitOfMeasure><QtyInPackage>לא ידוע</QtyInPackage><UnitOfMeasurePrice>0.0357</UnitOfMeasurePrice><AllowDiscount>0</AllowDiscount><ItemStatus>1</ItemStatus><ItemPrice>10.70</ItemPrice></item><item><PriceUpdateDate>2016-05-31 07:01:09</PriceUpdateDate><ItemCode>7290000453910</ItemCode><ItemType>1</ItemType><ItemName>ערגליות תות 300 גרם</ItemName><ManufacturerName>אסם</ManufacturerName><ManufactureCountry>ישראל</ManufactureCountry><ManufacturerItemDescription>ערגליות תות 300 גר</ManufacturerItemDescription><SoldByWeight/><Quantity>300.00</Quantity><UnitOfMeasure>גרם     </UnitOfMeasure><QtyInPackage>לא ידוע</QtyInPackage><UnitOfMeasurePrice>0.0357</UnitOfMeasurePrice><AllowDiscount>0</AllowDiscount><ItemStatus>1</ItemStatus><ItemPrice>10.70</ItemPrice></item><item><PriceUpdateDate>2015-10-22 10:36:34</PriceUpdateDate><ItemCode>7290000453927</ItemCode><ItemType>1</ItemType><ItemName>פסטה פרפקטו לינגווינ</ItemName><ManufacturerName>פרפקטו</ManufacturerName><ManufactureCountry>איטליה</ManufactureCountry><ManufacturerItemDescription>פסטה פרפקטו לינגוויני 500</ManufacturerItemDescription><SoldByWeight/><Quantity>500.00</Quantity><UnitOfMeasure>גרם     </UnitOfMeasure><QtyInPackage>לא ידוע</QtyInPackage><UnitOfMeasurePrice>0.0198</UnitOfMeasurePrice><AllowDiscount>1</AllowDiscount><ItemStatus>1</ItemStatus><ItemPrice>9.90</ItemPrice></item><item><PriceUpdateDate>2015-10-22 10:36:34</PriceUpdateDate><ItemCode>7290000454016</ItemCode><ItemType>1</ItemType><ItemName>לחם איטלקי לאפיה</ItemName><ManufacturerName>פילסברי</ManufacturerName><ManufactureCountry>ישראל</ManufactureCountry><ManufacturerItemDescription>לחם איטלקי לאפיה</ManufacturerItemDescription><SoldByWeight/><Quantity>1000.00</Quantity><UnitOfMeasure>ק"ג     </UnitOfMeasure><QtyInPackage>לא ידוע</QtyInPackage><UnitOfMeasurePrice>0.0073</UnitOfMeasurePrice><AllowDiscount>1</AllowDiscount><ItemStatus>1</ItemStatus><ItemPrice>7.30</ItemPrice></item><item><PriceUpdateDate>2015-11-18 13:57:29</PriceUpdateDate><ItemCode>7290000454023</ItemCode><ItemType>1</ItemType><ItemName>לחם כפרי/ לחם חמניות</ItemName><ManufacturerName>פילסברי</ManufacturerName><ManufactureCountry>ישראל</ManufactureCountry><ManufacturerItemDescription>לחם כפרי/ לחם חמניות</ManufacturerItemDescription><SoldByWeight/><Quantity>1000.00</Quantity><UnitOfMeasure>ק"ג     </UnitOfMeasure><QtyInPackage>לא ידוע</QtyInPackage><UnitOfMeasurePrice>0.0112</UnitOfMeasurePrice><AllowDiscount>1</AllowDiscount><ItemStatus>1</ItemStatus><ItemPrice>11.20</ItemPrice></item><item><PriceUpdateDate>2015-10-11 20:33:41</PriceUpdateDate><ItemCode>7290000454146</ItemCode><ItemType>1</ItemType><ItemName>חלה קלועה אפיה בסניף</ItemName><ManufacturerName>פילסברי</ManufacturerName><ManufactureCountry>ישראל</ManufactureCountry><ManufacturerItemDescription>חלה קלועה אפיה בסניף</ManufacturerItemDescription><SoldByWeight/><Quantity>1000.00</Quantity><UnitOfMeasure>ק"ג     </UnitOfMeasure><QtyInPackage>לא ידוע</QtyInPackage><UnitOfMeasurePrice>0.0101</UnitOfMeasurePrice><AllowDiscount>1</AllowDiscount><ItemStatus>1</ItemStatus><ItemPrice>10.10</ItemPrice></item><item><PriceUpdateDate>2015-10-11 20:33:41</PriceUpdateDate><ItemCode>7290000454184</ItemCode><ItemType>1</ItemType><ItemName>לחמניה קשר לאפיה</ItemName><ManufacturerName>פילסברי</ManufacturerName><ManufactureCountry>ישראל</ManufactureCountry><ManufacturerItemDescription>לחמניה קשר לאפיה</ManufacturerItemDescription><SoldByWeight/><Quantity>1000.00</Quantity><UnitOfMeasure>ק"ג     </UnitOfMeasure><QtyInPackage>לא ידוע</QtyInPackage><UnitOfMeasurePrice>0.0031</UnitOfMeasurePrice><AllowDiscount>1</AllowDiscount><ItemStatus>1</ItemStatus><ItemPrice>3.10</ItemPrice></item><item><PriceUpdateDate>2015-10-11 20:33:41</PriceUpdateDate><ItemCode>7290000454238</ItemCode><ItemType>1</ItemType><ItemName>באגט</ItemName><ManufacturerName>פילסברי</ManufacturerName><ManufactureCountry>ישראל</ManufactureCountry><ManufacturerItemDescription>באגט טרי אפיה בסניף</ManufacturerItemDescription><SoldByWeight/><Quantity>1000.00</Quantity><UnitOfMeasure>ק"ג     </UnitOfMeasure><QtyInPackage>לא ידוע</QtyInPackage><UnitOfMeasurePrice>0.0057</UnitOfMeasurePrice><AllowDiscount>0</AllowDiscount><ItemStatus>1</ItemStatus><ItemPrice>5.70</ItemPrice></item><item><PriceUpdateDate>2014-11-10 06:30:26</PriceUpdateDate><ItemCode>7290000454252</ItemCode><ItemType>1</ItemType><ItemName>לחם גיבטה 200 אפוי ק</ItemName><ManufacturerName>פילסברי</ManufacturerName><ManufactureCountry>ישראל</ManufactureCountry><ManufacturerItemDescription>לחם גיבטה 200 אפוי ק</ManufacturerItemDescription><SoldByWeight/><Quantity>1000.00</Quantity><UnitOfMeasure>ק"ג     </UnitOfMeasure><QtyInPackage>לא ידוע</QtyInPackage><UnitOfMeasurePrice>0.0057</UnitOfMeasurePrice><AllowDiscount>1</AllowDiscount><ItemStatus>1</ItemStatus><ItemPrice>5.70</ItemPrice></item><item><PriceUpdateDate>2016-05-31 07:01:10</PriceUpdateDate><ItemCode>7290000454535</ItemCode><ItemType>1</ItemType><ItemName>מיץ פריגת ענבים מרלו</ItemName><ManufacturerName>פריגת</ManufacturerName><ManufactureCountry>ישראל</ManufactureCountry><ManufacturerItemDescription>מיץ פריגת ענבים מרלו</ManufacturerItemDescription><SoldByWeight/><Quantity>1500.00</Quantity><UnitOfMeasure>מ"ל</UnitOfMeasure><QtyInPackage>לא ידוע</QtyInPackage><UnitOfMeasurePrice>0.0045</UnitOfMeasurePrice><AllowDiscount>0</AllowDiscount><ItemStatus>1</ItemStatus><ItemPrice>6.80</ItemPrice></item><item><PriceUpdateDate>2016-03-16 18:08:35</PriceUpdateDate><ItemCode>7290000454719</ItemCode><ItemType>1</ItemType><ItemName>קוקה קולה זירו 1.5 ל</ItemName><ManufacturerName>zero קוקה קולה</ManufacturerName><ManufactureCountry>ישראל</ManufactureCountry><ManufacturerItemDescription>קוקה קולה זירו 1.5 ל</ManufacturerItemDescription><SoldByWeight/><Quantity>1500.00</Quantity><UnitOfMeasure>מ"ל</UnitOfMeasure><QtyInPackage>לא ידוע</QtyInPackage><UnitOfMeasurePrice>0.0046</UnitOfMeasurePrice><AllowDiscount>1</AllowDiscount><ItemStatus>1</ItemStatus><ItemPrice>6.90</ItemPrice></item><item><PriceUpdateDate>2016-03-16 18:08:35</PriceUpdateDate><ItemCode>7290000454726</ItemCode><ItemType>1</ItemType><ItemName>קולה זירו שישיות 1.5</ItemName><ManufacturerName>zero קוקה קולה</ManufacturerName><ManufactureCountry>ישראל</ManufactureCountry><ManufacturerItemDescription>קוקה קולה זירו 1.5 1/6 ל</ManufacturerItemDescription><SoldByWeight/><Quantity>9000.00</Quantity><UnitOfMeasure>מ"ל</UnitOfMeasure><QtyInPackage>לא ידוע</QtyInPackage><UnitOfMeasurePrice>0.0041</UnitOfMeasurePrice><AllowDiscount>1</AllowDiscount><ItemStatus>1</ItemStatus><ItemPrice>36.90</ItemPrice></item><item><PriceUpdateDate>2016-03-16 18:08:35</PriceUpdateDate><ItemCode>7290000454856</ItemCode><ItemType>1</ItemType><ItemName>מטרנה מהדרין שלב 3 7</ItemName><ManufacturerName>מטרנה</ManufacturerName><ManufactureCountry>ישראל</ManufactureCountry><ManufacturerItemDescription>מטרנה מהדרין שלב 3 7</ManufacturerItemDescription><SoldByWeight/><Quantity>700.00</Quantity><UnitOfMeasure>גרם     </UnitOfMeasure><QtyInPackage>לא ידוע</QtyInPackage><UnitOfMeasurePrice>0.0741</UnitOfMeasurePrice><AllowDiscount>1</AllowDiscount><ItemStatus>1</ItemStatus><ItemPrice>51.90</ItemPrice></item><item><PriceUpdateDate>2016-08-02 07:34:15</PriceUpdateDate><ItemCode>7290000454955</ItemCode><ItemType>1</ItemType><ItemName>עוגיות לחמי הנסיכה 2</ItemName><ManufacturerName>לא ידוע</ManufacturerName><ManufactureCountry>ישראל</ManufactureCountry><ManufacturerItemDescription>עוגיות הנסיכה 250 גר</ManufacturerItemDescription><SoldByWeight/><Quantity>250.00</Quantity><UnitOfMeasure>גרם     </UnitOfMeasure><QtyInPackage>לא ידוע</QtyInPackage><UnitOfMeasurePrice>0.0796</UnitOfMeasurePrice><AllowDiscount>1</AllowDiscount><ItemStatus>1</ItemStatus><ItemPrice>19.90</ItemPrice></item><item><PriceUpdateDate>2016-06-28 09:28:16</PriceUpdateDate><ItemCode>7290000455013</ItemCode><ItemType>1</ItemType><ItemName>פתיבר שוקו עלית 500</ItemName><ManufacturerName>עלית</ManufacturerName><ManufactureCountry>ישראל</ManufactureCountry><ManufacturerItemDescription>פתיבר שוקו עלית 500</ManufacturerItemDescription><SoldByWeight/><Quantity>500.00</Quantity><UnitOfMeasure>גרם     </UnitOfMeasure><QtyInPackage>לא ידוע</QtyInPackage><UnitOfMeasurePrice>0.0238</UnitOfMeasurePrice><AllowDiscount>1</AllowDiscount><ItemStatus>1</ItemStatus><ItemPrice>11.90</ItemPrice></item><item><PriceUpdateDate>2016-05-31 07:01:10</PriceUpdateDate><ItemCode>7290000455020</ItemCode><ItemType>1</ItemType><ItemName>מיקס מעורב מגדים 390</ItemName><ManufacturerName>מיקס</ManufacturerName><ManufactureCountry>ישראל</ManufactureCountry><ManufacturerItemDescription>מיקס מעורב מגדים 390</ManufacturerItemDescription><SoldByWeight/><Quantity>390.00</Quantity><UnitOfMeasure>גרם     </UnitOfMeasure><QtyInPackage>לא ידוע</QtyInPackage><UnitOfMeasurePrice>0.0587</UnitOfMeasurePrice><AllowDiscount>1</AllowDiscount><ItemStatus>1</ItemStatus><ItemPrice>22.90</ItemPrice></item><item><PriceUpdateDate>2015-10-11 20:33:41</PriceUpdateDate><ItemCode>7290000455082</ItemCode><ItemType>1</ItemType><ItemName>צ'יטוס קראנצ' גבינה</ItemName><ManufacturerName>צ'יטוס</ManufacturerName><ManufactureCountry>ישראל</ManufactureCountry><ManufacturerItemDescription>חטיף ציטוס גבינה 80 גרם</ManufacturerItemDescription><SoldByWeight/><Quantity>80.00</Quantity><UnitOfMeasure>גרם     </UnitOfMeasure><QtyInPackage>לא ידוע</QtyInPackage><UnitOfMeasurePrice>0.0625</UnitOfMeasurePrice><AllowDiscount>1</AllowDiscount><ItemStatus>1</ItemStatus><ItemPrice>5.00</ItemPrice></item><item><PriceUpdateDate>2015-10-11 20:33:41</PriceUpdateDate><ItemCode>7290000455099</ItemCode><ItemType>1</ItemType><ItemName>צ'יטוס קראנצ' חמאת ב</ItemName><ManufacturerName>צ'יטוס</ManufacturerName><ManufactureCountry>ישראל</ManufactureCountry><ManufacturerItemDescription>צ'יטוס קראנצ' חמאת ב</ManufacturerItemDescription><SoldByWeight/><Quantity>80.00</Quantity><UnitOfMeasure>גרם     </UnitOfMeasure><QtyInPackage>לא ידוע</QtyInPackage><UnitOfMeasurePrice>0.0625</UnitOfMeasurePrice><AllowDiscount>1</AllowDiscount><ItemStatus>1</ItemStatus><ItemPrice>5.00</ItemPrice></item><item><PriceUpdateDate>2016-05-31 06:53:49</PriceUpdateDate><ItemCode>7290000455105</ItemCode><ItemType>1</ItemType><ItemName>שוקולית 850 גרם בשקי</ItemName><ManufacturerName>שוקולית</ManufacturerName><ManufactureCountry>ישראל</ManufactureCountry><ManufacturerItemDescription>שוקולית 850 גרם בשקי</ManufacturerItemDescription><SoldByWeight/><Quantity>850.00</Quantity><UnitOfMeasure>גרם     </UnitOfMeasure><QtyInPackage>לא ידוע</QtyInPackage><UnitOfMeasurePrice>0.0234</UnitOfMeasurePrice><AllowDiscount>1</AllowDiscount><ItemStatus>1</ItemStatus><ItemPrice>19.90</ItemPrice></item><item><PriceUpdateDate>2016-08-10 08:22:53</PriceUpdateDate><ItemCode>7290000455150</ItemCode><ItemType>1</ItemType><ItemName>מארז שוש אפוי 10*20</ItemName><ManufacturerName>שוש</ManufacturerName><ManufactureCountry>ישראל</ManufactureCountry><ManufacturerItemDescription>מארז שוש אפוי 10*20</ManufacturerItemDescription><SoldByWeight/><Quantity>200.00</Quantity><UnitOfMeasure>גרם     </UnitOfMeasure><QtyInPackage>לא ידוע</QtyInPackage><UnitOfMeasurePrice>0.0675</UnitOfMeasurePrice><AllowDiscount>1</AllowDiscount><ItemStatus>1</ItemStatus><ItemPrice>13.50</ItemPrice></item><item><PriceUpdateDate>2015-10-11 20:33:41</PriceUpdateDate><ItemCode>7290000455204</ItemCode><ItemType>1</ItemType><ItemName>לימון כבוש ביטון 250</ItemName><ManufacturerName>תבליני ביטון יוחאי</ManufacturerName><ManufactureCountry>ישראל</ManufactureCountry><ManufacturerItemDescription>לימון בלאדי 250 גר</ManufacturerItemDescription><SoldByWeight/><Quantity>250.00</Quantity><UnitOfMeasure>גרם     </UnitOfMeasure><QtyInPackage>לא ידוע</QtyInPackage><UnitOfMeasurePrice>0.0648</UnitOfMeasurePrice><AllowDiscount>1</AllowDiscount><ItemStatus>1</ItemStatus><ItemPrice>16.20</ItemPrice></item><item><PriceUpdateDate>2015-10-11 20:33:41</PriceUpdateDate><ItemCode>7290000455211</ItemCode><ItemType>1</ItemType><ItemName>אריסה מתוקה ביטון 25</ItemName><ManufacturerName>תבליני ביטון יוחאי</ManufacturerName><ManufactureCountry>ישראל</ManufactureCountry><ManufacturerItemDescription>אריסה מתוקה ביטון 25</ManufacturerItemDescription><SoldByWeight/><Quantity>250.00</Quantity><UnitOfMeasure>גרם     </UnitOfMeasure><QtyInPackage>לא ידוע</QtyInPackage><UnitOfMeasurePrice>0.0648</UnitOfMeasurePrice><AllowDiscount>1</AllowDiscount><ItemStatus>1</ItemStatus><ItemPrice>16.20</ItemPrice></item><item><PriceUpdateDate>2015-10-11 20:33:42</PriceUpdateDate><ItemCode>7290000455303</ItemCode><ItemType>1</ItemType><ItemName>בקבוק פפסי מקס 0.5 ל</ItemName><ManufacturerName>פפסי מקס</ManufacturerName><ManufactureCountry>ישראל</ManufactureCountry><ManufacturerItemDescription>פפסי מקס 500 מל</ManufacturerItemDescription><SoldByWeight/><Quantity>500.00</Quantity><UnitOfMeasure>מ"ל</UnitOfMeasure><QtyInPackage>לא ידוע</QtyInPackage><UnitOfMeasurePrice>0.0144</UnitOfMeasurePrice><AllowDiscount>1</AllowDiscount><ItemStatus>1</ItemStatus><ItemPrice>7.20</ItemPrice></item><item><PriceUpdateDate>2015-10-11 20:33:42</PriceUpdateDate><ItemCode>7290000455310</ItemCode><ItemType>1</ItemType><ItemName>בקבוק מירנדה 0.5 ליט</ItemName><ManufacturerName>מירינדה תפוז</ManufacturerName><ManufactureCountry>ישראל</ManufactureCountry><ManufacturerItemDescription>מירנדה 500 מל</ManufacturerItemDescription><SoldByWeight/><Quantity>500.00</Quantity><UnitOfMeasure>מ"ל</UnitOfMeasure><QtyInPackage>לא ידוע</QtyInPackage><UnitOfMeasurePrice>0.0144</UnitOfMeasurePrice><AllowDiscount>1</AllowDiscount><ItemStatus>1</ItemStatus><ItemPrice>7.20</ItemPrice></item><item><PriceUpdateDate>2015-10-11 20:33:42</PriceUpdateDate><ItemCode>7290000455327</ItemCode><ItemType>1</ItemType><ItemName>בקבוק סבן אפ 0.5 ליט</ItemName><ManufacturerName>7 אפ</ManufacturerName><ManufactureCountry>ישראל</ManufactureCountry><ManufacturerItemDescription>בקבוק סבן אפ 0.5 ליט</ManufacturerItemDescription><SoldByWeight/><Quantity>500.00</Quantity><UnitOfMeasure>מ"ל</UnitOfMeasure><QtyInPackage>לא ידוע</QtyInPackage><UnitOfMeasurePrice>0.0144</UnitOfMeasurePrice><AllowDiscount>1</AllowDiscount><ItemStatus>1</ItemStatus><ItemPrice>7.20</ItemPrice></item><item><PriceUpdateDate>2016-05-01 08:19:00</PriceUpdateDate><ItemCode>7290000455358</ItemCode><ItemType>1</ItemType><ItemName>בירה נשר מאלט 1.5 לי</ItemName><ManufacturerName>נשר מאלט</ManufacturerName><ManufactureCountry>ישראל</ManufactureCountry><ManufacturerItemDescription>בירה נשר מאלט 1.5 ל</ManufacturerItemDescription><SoldByWeight/><Quantity>1500.00</Quantity><UnitOfMeasure>מ"ל</UnitOfMeasure><QtyInPackage>לא ידוע</QtyInPackage><UnitOfMeasurePrice>0.0039</UnitOfMeasurePrice><AllowDiscount>1</AllowDiscount><ItemStatus>1</ItemStatus><ItemPrice>5.90</ItemPrice></item><item><PriceUpdateDate>2016-05-01 08:19:00</PriceUpdateDate><ItemCode>7290000455365</ItemCode><ItemType>1</ItemType><ItemName>בירה נשר מאלט דיאט 1</ItemName><ManufacturerName>נשר מאלט דיאט</ManufacturerName><ManufactureCountry>ישראל</ManufactureCountry><ManufacturerItemDescription>בירה נשר מאלט דיאט 1.5 ל</ManufacturerItemDescription><SoldByWeight/><Quantity>1500.00</Quantity><UnitOfMeasure>מ"ל</UnitOfMeasure><QtyInPackage>לא ידוע</QtyInPackage><UnitOfMeasurePrice>0.0039</UnitOfMeasurePrice><AllowDiscount>1</AllowDiscount><ItemStatus>1</ItemStatus><ItemPrice>5.90</ItemPrice></item><item><PriceUpdateDate>2016-08-02 07:38:13</PriceUpdateDate><ItemCode>7290000455419</ItemCode><ItemType>1</ItemType><ItemName>מב מארז בירה מכבי שנ</ItemName><ManufacturerName>מכבי שנדי</ManufacturerName><ManufactureCountry>ישראל</ManufactureCountry><ManufacturerItemDescription>שישייה מכבי שנדי 330 מל ב</ManufacturerItemDescription><SoldByWeight/><Quantity>1980.00</Quantity><UnitOfMeasure>מ"ל</UnitOfMeasure><QtyInPackage>לא ידוע</QtyInPackage><UnitOfMeasurePrice>0.0166</UnitOfMeasurePrice><AllowDiscount>1</AllowDiscount><ItemStatus>1</ItemStatus><ItemPrice>32.90</ItemPrice></item><item><PriceUpdateDate>2015-10-22 10:38:15</PriceUpdateDate><ItemCode>7290000455426</ItemCode><ItemType>1</ItemType><ItemName>בירה היינקן 500 מ"ל</ItemName><ManufacturerName>הייניקן</ManufacturerName><ManufactureCountry>ישראל</ManufactureCountry><ManufacturerItemDescription>בירה היינקן.500 מל בקבוק</ManufacturerItemDescription><SoldByWeight/><Quantity>500.00</Quantity><UnitOfMeasure>מ"ל</UnitOfMeasure><QtyInPackage>לא ידוע</QtyInPackage><UnitOfMeasurePrice>0.0178</UnitOfMeasurePrice><AllowDiscount>1</AllowDiscount><ItemStatus>1</ItemStatus><ItemPrice>8.90</ItemPrice></item><item><PriceUpdateDate>2016-05-10 10:33:05</PriceUpdateDate><ItemCode>7290000455617</ItemCode><ItemType>1</ItemType><ItemName>מעדן פירות יער 100%</ItemName><ManufacturerName>יד מרדכי</ManufacturerName><ManufactureCountry>ישראל</ManufactureCountry><ManufacturerItemDescription>מעדן פירות יער 100% פרי 2</ManufacturerItemDescription><SoldByWeight/><Quantity>250.00</Quantity><UnitOfMeasure>גרם     </UnitOfMeasure><QtyInPackage>לא ידוע</QtyInPackage><UnitOfMeasurePrice>0.0596</UnitOfMeasurePrice><AllowDiscount>1</AllowDiscount><ItemStatus>1</ItemStatus><ItemPrice>14.90</ItemPrice></item><item><PriceUpdateDate>2016-05-31 07:01:11</PriceUpdateDate><ItemCode>7290000455655</ItemCode><ItemType>1</ItemType><ItemName>שמן זית יד מרדכי כתי</ItemName><ManufacturerName>יד מרדכי</ManufacturerName><ManufactureCountry>ישראל</ManufactureCountry><ManufacturerItemDescription>שמן זית כתית מעולה2- קלאס</ManufacturerItemDescription><SoldByWeight/><Quantity>750.00</Quantity><UnitOfMeasure>מ"ל</UnitOfMeasure><QtyInPackage>לא ידוע</QtyInPackage><UnitOfMeasurePrice>0.0465</UnitOfMeasurePrice><AllowDiscount>1</AllowDiscount><ItemStatus>1</ItemStatus><ItemPrice>34.90</ItemPrice></item><item><PriceUpdateDate>2015-10-22 10:36:35</PriceUpdateDate><ItemCode>7290000455778</ItemCode><ItemType>1</ItemType><ItemName>גמדים לשתיה תות בננה</ItemName><ManufacturerName>גמדים</ManufacturerName><ManufactureCountry>ישראל</ManufactureCountry><ManufacturerItemDescription>גמדים לשתיה תות בננה</ManufacturerItemDescription><SoldByWeight/><Quantity>800.00</Quantity><UnitOfMeasure>מ"ל</UnitOfMeasure><QtyInPackage>לא ידוע</QtyInPackage><UnitOfMeasurePrice>0.0263</UnitOfMeasurePrice><AllowDiscount>1</AllowDiscount><ItemStatus>1</ItemStatus><ItemPrice>21.00</ItemPrice></item><item><PriceUpdateDate>2016-02-18 11:10:32</PriceUpdateDate><ItemCode>7290000455792</ItemCode><ItemType>1</ItemType><ItemName>מארז שמינייה דני שוק</ItemName><ManufacturerName>דני</ManufacturerName><ManufactureCountry>ישראל</ManufactureCountry><ManufacturerItemDescription>מארז שמינייה דני שוק</ManufacturerItemDescription><SoldByWeight/><Quantity>1000.00</Quantity><UnitOfMeasure>גרם     </UnitOfMeasure><QtyInPackage>לא ידוע</QtyInPackage><UnitOfMeasurePrice>0.0169</UnitOfMeasurePrice><AllowDiscount>1</AllowDiscount><ItemStatus>1</ItemStatus><ItemPrice>16.90</ItemPrice></item><item><PriceUpdateDate>2015-10-22 10:36:35</PriceUpdateDate><ItemCode>7290000455938</ItemCode><ItemType>1</ItemType><ItemName>מאפינס חמישיות שוקו</ItemName><ManufacturerName>פילסברי</ManufacturerName><ManufactureCountry>ישראל</ManufactureCountry><ManufacturerItemDescription>מאפינס חמישיות שוקו</ManufacturerItemDescription><SoldByWeight/><Quantity>1000.00</Quantity><UnitOfMeasure>ק"ג     </UnitOfMeasure><QtyInPackage>לא ידוע</QtyInPackage><UnitOfMeasurePrice>0.0103</UnitOfMeasurePrice><AllowDiscount>1</AllowDiscount><ItemStatus>1</ItemStatus><ItemPrice>10.30</ItemPrice></item><item><PriceUpdateDate>2016-08-10 08:22:53</PriceUpdateDate><ItemCode>7290000456270</ItemCode><ItemType>1</ItemType><ItemName>סלט מטבוחה 500 גרם</ItemName><ManufacturerName>אחלה</ManufacturerName><ManufactureCountry>ישראל</ManufactureCountry><ManufacturerItemDescription>סלט מטבוחה 500 גרם</ManufacturerItemDescription><SoldByWeight/><Quantity>500.00</Quantity><UnitOfMeasure>גרם     </UnitOfMeasure><QtyInPackage>לא ידוע</QtyInPackage><UnitOfMeasurePrice>0.0338</UnitOfMeasurePrice><AllowDiscount>1</AllowDiscount><ItemStatus>1</ItemStatus><ItemPrice>16.90</ItemPrice></item><item><PriceUpdateDate>2015-11-18 14:01:14</PriceUpdateDate><ItemCode>7290000456324</ItemCode><ItemType>1</ItemType><ItemName>קוטג' 3% טרה 250 גרם</ItemName><ManufacturerName>טרה</ManufacturerName><ManufactureCountry>ישראל</ManufactureCountry><ManufacturerItemDescription>קוטג מועשר 250 3% גרם</ManufacturerItemDescription><SoldByWeight/><Quantity>250.00</Quantity><UnitOfMeasure>גרם     </UnitOfMeasure><QtyInPackage>לא ידוע</QtyInPackage><UnitOfMeasurePrice>0.0228</UnitOfMeasurePrice><AllowDiscount>1</AllowDiscount><ItemStatus>1</ItemStatus><ItemPrice>5.70</ItemPrice></item><item><PriceUpdateDate>2016-05-31 07:01:11</PriceUpdateDate><ItemCode>7290000456355</ItemCode><ItemType>1</ItemType><ItemName>מב חלב טרה 3% בקרטון</ItemName><ManufacturerName>טרה</ManufacturerName><ManufactureCountry>ישראל</ManufactureCountry><ManufacturerItemDescription>מב חלב טרה 3% בקרטון</ManufacturerItemDescription><SoldByWeight/><Quantity>2000.00</Quantity><UnitOfMeasure>מ"ל</UnitOfMeasure><QtyInPackage>לא ידוע</QtyInPackage><UnitOfMeasurePrice>0.0055</UnitOfMeasurePrice><AllowDiscount>1</AllowDiscount><ItemStatus>1</ItemStatus><ItemPrice>10.90</ItemPrice></item><item><PriceUpdateDate>2016-08-02 07:38:13</PriceUpdateDate><ItemCode>7290000456409</ItemCode><ItemType>1</ItemType><ItemName>מב גבינה לבנה 5% מהד</ItemName><ManufacturerName>טרה</ManufacturerName><ManufactureCountry>ישראל</ManufactureCountry><ManufacturerItemDescription>מב גבינה לבנה 5% מהד</ManufacturerItemDescription><SoldByWeight/><Quantity>500.00</Quantity><UnitOfMeasure>גרם     </UnitOfMeasure><QtyInPackage>לא ידוע</QtyInPackage><UnitOfMeasurePrice>0.0158</UnitOfMeasurePrice><AllowDiscount>1</AllowDiscount><ItemStatus>1</ItemStatus><ItemPrice>7.90</ItemPrice></item><item><PriceUpdateDate>2015-10-11 20:33:42</PriceUpdateDate><ItemCode>7290000457253</ItemCode><ItemType>1</ItemType><ItemName>דניאלה בננה 150 מ"ל</ItemName><ManufacturerName>דניאלה</ManufacturerName><ManufactureCountry>ישראל</ManufactureCountry><ManufacturerItemDescription>דניאלה בננה 150 מ"ל</ManufacturerItemDescription><SoldByWeight/><Quantity>150.00</Quantity><UnitOfMeasure>מ"ל</UnitOfMeasure><QtyInPackage>לא ידוע</QtyInPackage><UnitOfMeasurePrice>0.0280</UnitOfMeasurePrice><AllowDiscount>1</AllowDiscount><ItemStatus>1</ItemStatus><ItemPrice>4.20</ItemPrice></item><item><PriceUpdateDate>2015-11-18 14:01:14</PriceUpdateDate><ItemCode>7290000457260</ItemCode><ItemType>1</ItemType><ItemName>קוטג' 5% 250 גרם שטר</ItemName><ManufacturerName>קוטג שטראוס</ManufacturerName><ManufactureCountry>ישראל</ManufactureCountry><ManufacturerItemDescription>קוטג+5% סידן 250 גרם</ManufacturerItemDescription><SoldByWeight/><Quantity>250.00</Quantity><UnitOfMeasure>גרם     </UnitOfMeasure><QtyInPackage>לא ידוע</QtyInPackage><UnitOfMeasurePrice>0.0236</UnitOfMeasurePrice><AllowDiscount>1</AllowDiscount><ItemStatus>1</ItemStatus><ItemPrice>5.90</ItemPrice></item><item><PriceUpdateDate>2016-08-10 08:22:53</PriceUpdateDate><ItemCode>7290000457291</ItemCode><ItemType>1</ItemType><ItemName>משקה אקטיביה טעם טבע</ItemName><ManufacturerName>אקטיביה</ManufacturerName><ManufactureCountry>ישראל</ManufactureCountry><ManufacturerItemDescription>משקה אקטיביה 250 מל</ManufacturerItemDescription><SoldByWeight/><Quantity>250.00</Quantity><UnitOfMeasure>מ"ל</UnitOfMeasure><QtyInPackage>לא ידוע</QtyInPackage><UnitOfMeasurePrice>0.0216</UnitOfMeasurePrice><AllowDiscount>1</AllowDiscount><ItemStatus>1</ItemStatus><ItemPrice>5.40</ItemPrice></item><item><PriceUpdateDate>2014-11-10 06:30:45</PriceUpdateDate><ItemCode>7290000457321</ItemCode><ItemType>1</ItemType><ItemName>אקטיביה טבעי 0% להחז</ItemName><ManufacturerName>אקטיביה</ManufacturerName><ManufactureCountry>ישראל</ManufactureCountry><ManufacturerItemDescription>אקטיביה טבעי 0% להחז</ManufacturerItemDescription><SoldByWeight/><Quantity>150.00</Quantity><UnitOfMeasure>מ"ל</UnitOfMeasure><QtyInPackage>לא ידוע</QtyInPackage><UnitOfMeasurePrice>0.0267</UnitOfMeasurePrice><AllowDiscount>1</AllowDiscount><ItemStatus>1</ItemStatus><ItemPrice>4.00</ItemPrice></item><item><PriceUpdateDate>2015-11-18 13:57:31</PriceUpdateDate><ItemCode>7290000457468</ItemCode><ItemType>1</ItemType><ItemName>רוגלך במארז פילסברי</ItemName><ManufacturerName>פילסברי</ManufacturerName><ManufactureCountry>ישראל</ManufactureCountry><ManufacturerItemDescription>רוגלך במארז פילסברי</ManufacturerItemDescription><SoldByWeight/><Quantity>1000.00</Quantity><UnitOfMeasure>ק"ג     </UnitOfMeasure><QtyInPackage>לא ידוע</QtyInPackage><UnitOfMeasurePrice>0.0237</UnitOfMeasurePrice><AllowDiscount>1</AllowDiscount><ItemStatus>1</ItemStatus><ItemPrice>23.70</ItemPrice></item><item><PriceUpdateDate>2016-03-09 10:54:03</PriceUpdateDate><ItemCode>7290000457581</ItemCode><ItemType>1</ItemType><ItemName>תערובת לעוגת שוקולד</ItemName><ManufacturerName>פילסברי</ManufacturerName><ManufactureCountry>ישראל</ManufactureCountry><ManufacturerItemDescription>תערובת עוגת שוקולד  500 כ</ManufacturerItemDescription><SoldByWeight/><Quantity>560.00</Quantity><UnitOfMeasure>גרם     </UnitOfMeasure><QtyInPackage>לא ידוע</QtyInPackage><UnitOfMeasurePrice>0.0355</UnitOfMeasurePrice><AllowDiscount>1</AllowDiscount><ItemStatus>1</ItemStatus><ItemPrice>19.90</ItemPrice></item><item><PriceUpdateDate>2016-02-01 20:42:50</PriceUpdateDate><ItemCode>7290000458034</ItemCode><ItemType>1</ItemType><ItemName>נס קפה קפוצ'ינו קלאס</ItemName><ManufacturerName>לא ממותג</ManufacturerName><ManufactureCountry>ישראל</ManufactureCountry><ManufacturerItemDescription>נס קפה קפוצ'ינו אסיק125ג</ManufacturerItemDescription><SoldByWeight/><Quantity>125.00</Quantity><UnitOfMeasure>גרם     </UnitOfMeasure><QtyInPackage>לא ידוע</QtyInPackage><UnitOfMeasurePrice>0.1672</UnitOfMeasurePrice><AllowDiscount>1</AllowDiscount><ItemStatus>1</ItemStatus><ItemPrice>20.90</ItemPrice></item><item><PriceUpdateDate>2016-05-31 07:01:11</PriceUpdateDate><ItemCode>7290000458458</ItemCode><ItemType>1</ItemType><ItemName>דייסת מטרנה סלט פירו</ItemName><ManufacturerName>לא ידוע</ManufacturerName><ManufactureCountry>ישראל</ManufactureCountry><ManufacturerItemDescription>דייסת מטרנה סלט פירו</ManufacturerItemDescription><SoldByWeight/><Quantity>200.00</Quantity><UnitOfMeasure>גרם     </UnitOfMeasure><QtyInPackage>לא ידוע</QtyInPackage><UnitOfMeasurePrice>0.0725</UnitOfMeasurePrice><AllowDiscount>1</AllowDiscount><ItemStatus>1</ItemStatus><ItemPrice>14.50</ItemPrice></item><item><PriceUpdateDate>2016-05-31 06:53:49</PriceUpdateDate><ItemCode>7290000458557</ItemCode><ItemType>1</ItemType><ItemName>מטרנה חלבי שלב 1 700</ItemName><ManufacturerName>מטרנה</ManufacturerName><ManufactureCountry>ישראל</ManufactureCountry><ManufacturerItemDescription>מטרנה חלבי שלב 1 700</ManufacturerItemDescription><SoldByWeight/><Quantity>700.00</Quantity><UnitOfMeasure>גרם     </UnitOfMeasure><QtyInPackage>לא ידוע</QtyInPackage><UnitOfMeasurePrice>0.0784</UnitOfMeasurePrice><AllowDiscount>1</AllowDiscount><ItemStatus>1</ItemStatus><ItemPrice>54.90</ItemPrice></item><item><PriceUpdateDate>2016-05-31 06:53:49</PriceUpdateDate><ItemCode>7290000458595</ItemCode><ItemType>1</ItemType><ItemName>מטרנה חלבי שלב 3 700</ItemName><ManufacturerName>מטרנה</ManufacturerName><ManufactureCountry>ישראל</ManufactureCountry><ManufacturerItemDescription>מטרנה חלבי שלב 3 700</ManufacturerItemDescription><SoldByWeight/><Quantity>700.00</Quantity><UnitOfMeasure>גרם     </UnitOfMeasure><QtyInPackage>לא ידוע</QtyInPackage><UnitOfMeasurePrice>0.0784</UnitOfMeasurePrice><AllowDiscount>1</AllowDiscount><ItemStatus>1</ItemStatus><ItemPrice>54.90</ItemPrice></item><item><PriceUpdateDate>2016-03-16 18:08:36</PriceUpdateDate><ItemCode>7290000458670</ItemCode><ItemType>1</ItemType><ItemName>מטרנה מהדרין שלב 2 7</ItemName><ManufacturerName>מטרנה</ManufacturerName><ManufactureCountry>ישראל</ManufactureCountry><ManufacturerItemDescription>מטרנה מהדרין שלב 2 7</ManufacturerItemDescription><SoldByWeight/><Quantity>700.00</Quantity><UnitOfMeasure>גרם     </UnitOfMeasure><QtyInPackage>לא ידוע</QtyInPackage><UnitOfMeasurePrice>0.0741</UnitOfMeasurePrice><AllowDiscount>1</AllowDiscount><ItemStatus>1</ItemStatus><ItemPrice>51.90</ItemPrice></item><item><PriceUpdateDate>2016-05-31 07:01:11</PriceUpdateDate><ItemCode>7290000458878</ItemCode><ItemType>1</ItemType><ItemName>מארז אקטימל תות 14 י</ItemName><ManufacturerName>אקטימל</ManufacturerName><ManufactureCountry>ישראל</ManufactureCountry><ManufacturerItemDescription>מארז אקטימל תות 14 י</ManufacturerItemDescription><SoldByWeight/><Quantity>1480.00</Quantity><UnitOfMeasure>מ"ל</UnitOfMeasure><QtyInPackage>לא ידוע</QtyInPackage><UnitOfMeasurePrice>0.0212</UnitOfMeasurePrice><AllowDiscount>1</AllowDiscount><ItemStatus>1</ItemStatus><ItemPrice>31.40</ItemPrice></item><item><PriceUpdateDate>2016-08-02 07:38:14</PriceUpdateDate><ItemCode>7290000458946</ItemCode><ItemType>1</ItemType><ItemName>מב אבקת כביסה קולון</ItemName><ManufacturerName>קולון</ManufacturerName><ManufactureCountry>ישראל</ManufactureCountry><ManufacturerItemDescription>אבקת כביסה קולון 1.25 101</ManufacturerItemDescription><SoldByWeight/><Quantity>1250.00</Quantity><UnitOfMeasure>גרם     </UnitOfMeasure><QtyInPackage>לא ידוע</QtyInPackage><UnitOfMeasurePrice>0.0087</UnitOfMeasurePrice><AllowDiscount>1</AllowDiscount><ItemStatus>1</ItemStatus><ItemPrice>10.90</ItemPrice></item><item><PriceUpdateDate>2016-08-02 07:34:16</PriceUpdateDate><ItemCode>7290000459110</ItemCode><ItemType>1</ItemType><ItemName>סלט מטבוחה רפי כהן 4</ItemName><ManufacturerName>צבר</ManufacturerName><ManufactureCountry>ישראל</ManufactureCountry><ManufacturerItemDescription>מטבוחה רפי</ManufacturerItemDescription><SoldByWeight/><Quantity>400.00</Quantity><UnitOfMeasure>גרם     </UnitOfMeasure><QtyInPackage>לא ידוע</QtyInPackage><UnitOfMeasurePrice>0.0413</UnitOfMeasurePrice><AllowDiscount>1</AllowDiscount><ItemStatus>1</ItemStatus><ItemPrice>16.50</ItemPrice></item><item><PriceUpdateDate>2016-08-02 07:34:16</PriceUpdateDate><ItemCode>7290000459134</ItemCode><ItemType>1</ItemType><ItemName>סלט חציל בטחינה רפי</ItemName><ManufacturerName>צבר</ManufacturerName><ManufactureCountry>ישראל</ManufactureCountry><ManufacturerItemDescription>חציל בטחינה רפי 400 גר</ManufacturerItemDescription><SoldByWeight/><Quantity>400.00</Quantity><UnitOfMeasure>גרם     </UnitOfMeasure><QtyInPackage>לא ידוע</QtyInPackage><UnitOfMeasurePrice>0.0413</UnitOfMeasurePrice><AllowDiscount>1</AllowDiscount><ItemStatus>1</ItemStatus><ItemPrice>16.50</ItemPrice></item><item><PriceUpdateDate>2016-08-02 07:34:16</PriceUpdateDate><ItemCode>7290000459233</ItemCode><ItemType>1</ItemType><ItemName>שניצל עוף V תירס 750</ItemName><ManufacturerName>מאמא עוף קפוא</ManufacturerName><ManufactureCountry>ישראל</ManufactureCountry><ManufacturerItemDescription>שניצל עוף V תירס 750</ManufacturerItemDescription><SoldByWeight/><Quantity>750.00</Quantity><UnitOfMeasure>גרם     </UnitOfMeasure><QtyInPackage>לא ידוע</QtyInPackage><UnitOfMeasurePrice>0.0532</UnitOfMeasurePrice><AllowDiscount>1</AllowDiscount><ItemStatus>1</ItemStatus><ItemPrice>39.90</ItemPrice></item><item><PriceUpdateDate>2016-03-29 07:02:34</PriceUpdateDate><ItemCode>7290000459912</ItemCode><ItemType>1</ItemType><ItemName>מסטיק יוגטה ג'ולים 1</ItemName><ManufacturerName>יוגטה</ManufacturerName><ManufactureCountry>ישראל</ManufactureCountry><ManufacturerItemDescription>מסטיק יוגטה ג'ולים 1</ManufacturerItemDescription><SoldByWeight/><Quantity>180.00</Quantity><UnitOfMeasure>גרם     </UnitOfMeasure><QtyInPackage>לא ידוע</QtyInPackage><UnitOfMeasurePrice>0.0556</UnitOfMeasurePrice><AllowDiscount>1</AllowDiscount><ItemStatus>1</ItemStatus><ItemPrice>10.00</ItemPrice></item><item><PriceUpdateDate>2015-11-18 13:57:32</PriceUpdateDate><ItemCode>7290000459929</ItemCode><ItemType>1</ItemType><ItemName>מסטיק יוגטה צ'יקלט 2</ItemName><ManufacturerName>יוגטה</ManufacturerName><ManufactureCountry>ישראל</ManufactureCountry><ManufacturerItemDescription>מסטיק יוגטה צ'יקלט 2</ManufacturerItemDescription><SoldByWeight/><Quantity>250.00</Quantity><UnitOfMeasure>גרם     </UnitOfMeasure><QtyInPackage>לא ידוע</QtyInPackage><UnitOfMeasurePrice>0.0436</UnitOfMeasurePrice><AllowDiscount>1</AllowDiscount><ItemStatus>1</ItemStatus><ItemPrice>10.90</ItemPrice></item><item><PriceUpdateDate>2016-03-01 06:16:17</PriceUpdateDate><ItemCode>7290000459943</ItemCode><ItemType>1</ItemType><ItemName>משקה ג'אמפ תפוחים 1.</ItemName><ManufacturerName>גאמפ</ManufacturerName><ManufactureCountry>ישראל</ManufactureCountry><ManufacturerItemDescription>משקה ג'אמפ תפוחים 1.</ManufacturerItemDescription><SoldByWeight/><Quantity>1500.00</Quantity><UnitOfMeasure>מ"ל</UnitOfMeasure><QtyInPackage>לא ידוע</QtyInPackage><UnitOfMeasurePrice>0.0046</UnitOfMeasurePrice><AllowDiscount>1</AllowDiscount><ItemStatus>1</ItemStatus><ItemPrice>6.90</ItemPrice></item><item><PriceUpdateDate>2015-10-11 20:33:42</PriceUpdateDate><ItemCode>7290000460024</ItemCode><ItemType>1</ItemType><ItemName>שישיית אקווה נובה 2</ItemName><ManufacturerName>אקווה נובה</ManufacturerName><ManufactureCountry>ישראל</ManufactureCountry><ManufacturerItemDescription>אקווה נובה שישייה 2 ליטר</ManufacturerItemDescription><SoldByWeight/><Quantity>12000.00</Quantity><UnitOfMeasure>מ"ל</UnitOfMeasure><QtyInPackage>לא ידוע</QtyInPackage><UnitOfMeasurePrice>0.0009</UnitOfMeasurePrice><AllowDiscount>0</AllowDiscount><ItemStatus>1</ItemStatus><ItemPrice>11.30</ItemPrice></item><item><PriceUpdateDate>2016-08-10 08:22:53</PriceUpdateDate><ItemCode>7290000460031</ItemCode><ItemType>1</ItemType><ItemName>מי אקווה נובה 2 ליטר</ItemName><ManufacturerName>אקווה נובה</ManufacturerName><ManufactureCountry>ישראל</ManufactureCountry><ManufacturerItemDescription>אקווה נובה 2 ליטר בקבוק</ManufacturerItemDescription><SoldByWeight/><Quantity>2000.00</Quantity><UnitOfMeasure>מ"ל</UnitOfMeasure><QtyInPackage>לא ידוע</QtyInPackage><UnitOfMeasurePrice>0.0014</UnitOfMeasurePrice><AllowDiscount>1</AllowDiscount><ItemStatus>1</ItemStatus><ItemPrice>2.90</ItemPrice></item><item><PriceUpdateDate>2016-08-02 07:38:14</PriceUpdateDate><ItemCode>7290000460215</ItemCode><ItemType>1</ItemType><ItemName>מב בורקס פילו מילוי</ItemName><ManufacturerName>מעדנות</ManufacturerName><ManufactureCountry>ישראל</ManufactureCountry><ManufacturerItemDescription>בורקס פילו במילוי גבינה 6</ManufacturerItemDescription><SoldByWeight/><Quantity>600.00</Quantity><UnitOfMeasure>גרם     </UnitOfMeasure><QtyInPackage>לא ידוע</QtyInPackage><UnitOfMeasurePrice>0.0282</UnitOfMeasurePrice><AllowDiscount>1</AllowDiscount><ItemStatus>1</ItemStatus><ItemPrice>16.90</ItemPrice></item><item><PriceUpdateDate>2015-11-17 14:06:31</PriceUpdateDate><ItemCode>7290000460673</ItemCode><ItemType>1</ItemType><ItemName>ספריי למייבש בדין ור</ItemName><ManufacturerName>בדין</ManufacturerName><ManufactureCountry>ישראל</ManufactureCountry><ManufacturerItemDescription>ספריי למייבש בדין ור</ManufacturerItemDescription><SoldByWeight/><Quantity>1000.00</Quantity><UnitOfMeasure>מ"ל</UnitOfMeasure><QtyInPackage>לא ידוע</QtyInPackage><UnitOfMeasurePrice>0.0216</UnitOfMeasurePrice><AllowDiscount>1</AllowDiscount><ItemStatus>1</ItemStatus><ItemPrice>21.60</ItemPrice></item><item><PriceUpdateDate>2016-05-31 07:01:12</PriceUpdateDate><ItemCode>7290000460765</ItemCode><ItemType>1</ItemType><ItemName>פתית 300 גרם</ItemName><ManufacturerName>פתית</ManufacturerName><ManufactureCountry>ישראל</ManufactureCountry><ManufacturerItemDescription>פתית שיפון 300 גרם</ManufacturerItemDescription><SoldByWeight/><Quantity>300.00</Quantity><UnitOfMeasure>גרם     </UnitOfMeasure><QtyInPackage>לא ידוע</QtyInPackage><UnitOfMeasurePrice>0.0590</UnitOfMeasurePrice><AllowDiscount>1</AllowDiscount><ItemStatus>1</ItemStatus><ItemPrice>17.70</ItemPrice></item><item><PriceUpdateDate>2016-05-31 07:01:12</PriceUpdateDate><ItemCode>7290000461267</ItemCode><ItemType>1</ItemType><ItemName>מרכך כביסה בדין אקסט</ItemName><ManufacturerName>בדין</ManufacturerName><ManufactureCountry>ישראל</ManufactureCountry><ManufacturerItemDescription>מרכך כביסה בדין  960 מ"ל</ManufacturerItemDescription><SoldByWeight/><Quantity>960.00</Quantity><UnitOfMeasure>מ"ל</UnitOfMeasure><QtyInPackage>לא ידוע</QtyInPackage><UnitOfMeasurePrice>0.0176</UnitOfMeasurePrice><AllowDiscount>0</AllowDiscount><ItemStatus>1</ItemStatus><ItemPrice>16.90</ItemPrice></item><item><PriceUpdateDate>2016-05-31 07:01:12</PriceUpdateDate><ItemCode>7290000461274</ItemCode><ItemType>1</ItemType><ItemName>מרכך כביסה בדין אקסט</ItemName><ManufacturerName>בדין</ManufacturerName><ManufactureCountry>ישראל</ManufactureCountry><ManufacturerItemDescription>מרכך כביסה בדין  960 מ"ל</ManufacturerItemDescription><SoldByWeight/><Quantity>960.00</Quantity><UnitOfMeasure>מ"ל</UnitOfMeasure><QtyInPackage>לא ידוע</QtyInPackage><UnitOfMeasurePrice>0.0176</UnitOfMeasurePrice><AllowDiscount>0</AllowDiscount><ItemStatus>1</ItemStatus><ItemPrice>16.90</ItemPrice></item><item><PriceUpdateDate>2016-06-28 09:30:26</PriceUpdateDate><ItemCode>7290000461472</ItemCode><ItemType>1</ItemType><ItemName>מב רוטב הלמנס לסלט א</ItemName><ManufacturerName>הלמנס</ManufacturerName><ManufactureCountry>ישראל</ManufactureCountry><ManufacturerItemDescription>מב רוטב הלמנס לסלט א</ManufacturerItemDescription><SoldByWeight/><Quantity>290.00</Quantity><UnitOfMeasure>מ"ל</UnitOfMeasure><QtyInPackage>לא ידוע</QtyInPackage><UnitOfMeasurePrice>0.0345</UnitOfMeasurePrice><AllowDiscount>1</AllowDiscount><ItemStatus>1</ItemStatus><ItemPrice>10.00</ItemPrice></item><item><PriceUpdateDate>2016-05-01 08:13:18</PriceUpdateDate><ItemCode>7290000461625</ItemCode><ItemType>1</ItemType><ItemName>מב בייגלה שמיניות עם</ItemName><ManufacturerName>בייגל בייגל</ManufacturerName><ManufactureCountry>ישראל</ManufactureCountry><ManufacturerItemDescription>בייגלה שמיניות 400 גר</ManufacturerItemDescription><SoldByWeight/><Quantity>400.00</Quantity><UnitOfMeasure>גרם     </UnitOfMeasure><QtyInPackage>לא ידוע</QtyInPackage><UnitOfMeasurePrice>0.0248</UnitOfMeasurePrice><AllowDiscount>1</AllowDiscount><ItemStatus>1</ItemStatus><ItemPrice>9.90</ItemPrice></item><item><PriceUpdateDate>2016-08-02 07:38:15</PriceUpdateDate><ItemCode>7290000462028</ItemCode><ItemType>1</ItemType><ItemName>מב תחליב רחצה פינוק</ItemName><ManufacturerName>פינוק</ManufacturerName><ManufactureCountry>ישראל</ManufactureCountry><ManufacturerItemDescription>מב תחליב רחצה פינוק</ManufacturerItemDescription><SoldByWeight/><Quantity>700.00</Quantity><UnitOfMeasure>מ"ל</UnitOfMeasure><QtyInPackage>לא ידוע</QtyInPackage><UnitOfMeasurePrice>0.0141</UnitOfMeasurePrice><AllowDiscount>1</AllowDiscount><ItemStatus>1</ItemStatus><ItemPrice>9.90</ItemPrice></item><item><PriceUpdateDate>2016-08-10 08:23:05</PriceUpdateDate><ItemCode>7290000462103</ItemCode><ItemType>1</ItemType><ItemName>סחוג אדום חריף עדין</ItemName><ManufacturerName>זהבי הכרם</ManufacturerName><ManufactureCountry>ישראל</ManufactureCountry><ManufacturerItemDescription>סחוג150 גר .בצנצנת</ManufacturerItemDescription><SoldByWeight/><Quantity>150.00</Quantity><UnitOfMeasure>גרם     </UnitOfMeasure><QtyInPackage>לא ידוע</QtyInPackage><UnitOfMeasurePrice>0.0660</UnitOfMeasurePrice><AllowDiscount>1</AllowDiscount><ItemStatus>1</ItemStatus><ItemPrice>9.90</ItemPrice></item><item><PriceUpdateDate>2016-08-10 08:23:05</PriceUpdateDate><ItemCode>7290000462141</ItemCode><ItemType>1</ItemType><ItemName>סחוג חריף מאוד זהבי</ItemName><ManufacturerName>זהבי הכרם</ManufacturerName><ManufactureCountry>ישראל</ManufactureCountry><ManufacturerItemDescription>סחוג חריף מאוד זהבי</ManufacturerItemDescription><SoldByWeight/><Quantity>150.00</Quantity><UnitOfMeasure>גרם     </UnitOfMeasure><QtyInPackage>לא ידוע</QtyInPackage><UnitOfMeasurePrice>0.0660</UnitOfMeasurePrice><AllowDiscount>1</AllowDiscount><ItemStatus>1</ItemStatus><ItemPrice>9.90</ItemPrice></item><item><PriceUpdateDate>2016-08-10 08:23:05</PriceUpdateDate><ItemCode>7290000462172</ItemCode><ItemType>1</ItemType><ItemName>סחוג ירוק זהבי 150 ג</ItemName><ManufacturerName>זהבי הכרם</ManufacturerName><ManufactureCountry>ישראל</ManufactureCountry><ManufacturerItemDescription>סחוג ירוק150 גר</ManufacturerItemDescription><SoldByWeight/><Quantity>150.00</Quantity><UnitOfMeasure>גרם     </UnitOfMeasure><QtyInPackage>לא ידוע</QtyInPackage><UnitOfMeasurePrice>0.0660</UnitOfMeasurePrice><AllowDiscount>1</AllowDiscount><ItemStatus>1</ItemStatus><ItemPrice>9.90</ItemPrice></item><item><PriceUpdateDate>2015-10-22 10:36:35</PriceUpdateDate><ItemCode>7290000462288</ItemCode><ItemType>1</ItemType><ItemName>רוטב אלף האיים 9 ליי</ItemName><ManufacturerName>אסם</ManufacturerName><ManufactureCountry>ישראל</ManufactureCountry><ManufacturerItemDescription>רוטב אלף האיים 9 ליי</ManufacturerItemDescription><SoldByWeight/><Quantity>600.00</Quantity><UnitOfMeasure>מ"ל</UnitOfMeasure><QtyInPackage>לא ידוע</QtyInPackage><UnitOfMeasurePrice>0.0373</UnitOfMeasurePrice><AllowDiscount>1</AllowDiscount><ItemStatus>1</ItemStatus><ItemPrice>22.40</ItemPrice></item><item><PriceUpdateDate>2016-05-31 07:01:12</PriceUpdateDate><ItemCode>7290000462318</ItemCode><ItemType>1</ItemType><ItemName>מנה חמה נודלס בסגנון</ItemName><ManufacturerName>אסם</ManufacturerName><ManufactureCountry>ישראל</ManufactureCountry><ManufacturerItemDescription>מנה חמה נודלס בסגנון</ManufacturerItemDescription><SoldByWeight/><Quantity>76.00</Quantity><UnitOfMeasure>גרם     </UnitOfMeasure><QtyInPackage>לא ידוע</QtyInPackage><UnitOfMeasurePrice>0.0776</UnitOfMeasurePrice><AllowDiscount>1</AllowDiscount><ItemStatus>1</ItemStatus><ItemPrice>5.90</ItemPrice></item><item><PriceUpdateDate>2016-05-31 07:01:12</PriceUpdateDate><ItemCode>7290000462325</ItemCode><ItemType>1</ItemType><ItemName>מנה חמה נודלס בסגנון</ItemName><ManufacturerName>אסם</ManufacturerName><ManufactureCountry>ישראל</ManufactureCountry><ManufacturerItemDescription>מנה חמה נודלס   'ואן76גר</ManufacturerItemDescription><SoldByWeight/><Quantity>76.00</Quantity><UnitOfMeasure>גרם     </UnitOfMeasure><QtyInPackage>לא ידוע</QtyInPackage><UnitOfMeasurePrice>0.0776</UnitOfMeasurePrice><AllowDiscount>1</AllowDiscount><ItemStatus>1</ItemStatus><ItemPrice>5.90</ItemPrice></item><item><PriceUpdateDate>2015-10-01 06:16:27</PriceUpdateDate><ItemCode>7290000462349</ItemCode><ItemType>1</ItemType><ItemName>פירורית זהב 350 גרם</ItemName><ManufacturerName>פירורית</ManufacturerName><ManufactureCountry>ישראל</ManufactureCountry><ManufacturerItemDescription>פירורית זהב 350 גרם</ManufacturerItemDescription><SoldByWeight/><Quantity>350.00</Quantity><UnitOfMeasure>גרם     </UnitOfMeasure><QtyInPackage>לא ידוע</QtyInPackage><UnitOfMeasurePrice>0.0246</UnitOfMeasurePrice><AllowDiscount>1</AllowDiscount><ItemStatus>1</ItemStatus><ItemPrice>8.60</ItemPrice></item><item><PriceUpdateDate>2016-08-10 08:22:54</PriceUpdateDate><ItemCode>7290000462356</ItemCode><ItemType>1</ItemType><ItemName>פירורית רגילה  350 ג</ItemName><ManufacturerName>פירורית</ManufacturerName><ManufactureCountry>ישראל</ManufactureCountry><ManufacturerItemDescription>פירורית רגילה  350 ג</ManufacturerItemDescription><SoldByWeight/><Quantity>350.00</Quantity><UnitOfMeasure>גרם     </UnitOfMeasure><QtyInPackage>לא ידוע</QtyInPackage><UnitOfMeasurePrice>0.0246</UnitOfMeasurePrice><AllowDiscount>1</AllowDiscount><ItemStatus>1</ItemStatus><ItemPrice>8.60</ItemPrice></item><item><PriceUpdateDate>2016-08-02 07:38:15</PriceUpdateDate><ItemCode>7290000462400</ItemCode><ItemType>1</ItemType><ItemName>מב מארז חטיף אפרופו</ItemName><ManufacturerName>אסם</ManufacturerName><ManufactureCountry>ישראל</ManufactureCountry><ManufacturerItemDescription>מב מארז חטיף אפרופו</ManufacturerItemDescription><SoldByWeight/><Quantity>150.00</Quantity><UnitOfMeasure>גרם     </UnitOfMeasure><QtyInPackage>לא ידוע</QtyInPackage><UnitOfMeasurePrice>0.0793</UnitOfMeasurePrice><AllowDiscount>1</AllowDiscount><ItemStatus>1</ItemStatus><ItemPrice>11.90</ItemPrice></item><item><PriceUpdateDate>2016-08-02 07:34:16</PriceUpdateDate><ItemCode>7290000462462</ItemCode><ItemType>1</ItemType><ItemName>לחמית בצל 230 גרם</ItemName><ManufacturerName>לא ידוע</ManufacturerName><ManufactureCountry>ישראל</ManufactureCountry><ManufacturerItemDescription>לחמית בצל 230 גר</ManufacturerItemDescription><SoldByWeight/><Quantity>230.00</Quantity><UnitOfMeasure>גרם     </UnitOfMeasure><QtyInPackage>לא ידוע</QtyInPackage><UnitOfMeasurePrice>0.0430</UnitOfMeasurePrice><AllowDiscount>1</AllowDiscount><ItemStatus>1</ItemStatus><ItemPrice>9.90</ItemPrice></item><item><PriceUpdateDate>2016-05-31 07:01:13</PriceUpdateDate><ItemCode>7290000462523</ItemCode><ItemType>1</ItemType><ItemName>רוטב ברביקיו 290 מ"ל</ItemName><ManufacturerName>אסם</ManufacturerName><ManufactureCountry>ישראל</ManufactureCountry><ManufacturerItemDescription>רוטב ברביקיו 290 מל</ManufacturerItemDescription><SoldByWeight/><Quantity>290.00</Quantity><UnitOfMeasure>מ"ל</UnitOfMeasure><QtyInPackage>לא ידוע</QtyInPackage><UnitOfMeasurePrice>0.0362</UnitOfMeasurePrice><AllowDiscount>1</AllowDiscount><ItemStatus>1</ItemStatus><ItemPrice>10.50</ItemPrice></item><item><PriceUpdateDate>2016-05-31 07:01:13</PriceUpdateDate><ItemCode>7290000462578</ItemCode><ItemType>1</ItemType><ItemName>תרכיז ויטמינציק מנגו</ItemName><ManufacturerName>ויטמינצק</ManufacturerName><ManufactureCountry>ישראל</ManufactureCountry><ManufacturerItemDescription>תרכיז ויטמינציק מנגו</ManufacturerItemDescription><SoldByWeight/><Quantity>1000.00</Quantity><UnitOfMeasure>מ"ל</UnitOfMeasure><QtyInPackage>לא ידוע</QtyInPackage><UnitOfMeasurePrice>0.0119</UnitOfMeasurePrice><AllowDiscount>1</AllowDiscount><ItemStatus>1</ItemStatus><ItemPrice>11.90</ItemPrice></item><item><PriceUpdateDate>2016-05-31 07:01:13</PriceUpdateDate><ItemCode>7290000462592</ItemCode><ItemType>1</ItemType><ItemName>פסטה מקרוני 500 גרם</ItemName><ManufacturerName>אסם</ManufacturerName><ManufactureCountry>ישראל</ManufactureCountry><ManufacturerItemDescription>פסטה מקרוני 500 גרם</ManufacturerItemDescription><SoldByWeight/><Quantity>500.00</Quantity><UnitOfMeasure>גרם     </UnitOfMeasure><QtyInPackage>לא ידוע</QtyInPackage><UnitOfMeasurePrice>0.0112</UnitOfMeasurePrice><AllowDiscount>1</AllowDiscount><ItemStatus>1</ItemStatus><ItemPrice>5.60</ItemPrice></item><item><PriceUpdateDate>2016-08-10 08:22:54</PriceUpdateDate><ItemCode>7290000462639</ItemCode><ItemType>1</ItemType><ItemName>במבה 25 גרם סטריפ</ItemName><ManufacturerName>במבה</ManufacturerName><ManufactureCountry>ישראל</ManufactureCountry><ManufacturerItemDescription>במבה על סרט 25 גר</ManufacturerItemDescription><SoldByWeight/><Quantity>25.00</Quantity><UnitOfMeasure>גרם     </UnitOfMeasure><QtyInPackage>לא ידוע</QtyInPackage><UnitOfMeasurePrice>0.1280</UnitOfMeasurePrice><AllowDiscount>1</AllowDiscount><ItemStatus>1</ItemStatus><ItemPrice>3.20</ItemPrice></item><item><PriceUpdateDate>2014-11-10 06:29:33</PriceUpdateDate><ItemCode>7290000462660</ItemCode><ItemType>1</ItemType><ItemName>פודינג וניל עם פצפוצ</ItemName><ManufacturerName>אסם</ManufacturerName><ManufactureCountry>ישראל</ManufactureCountry><ManufacturerItemDescription>פודינג וניל עם פצפוצ</ManufacturerItemDescription><SoldByWeight/><Quantity>110.00</Quantity><UnitOfMeasure>גרם     </UnitOfMeasure><QtyInPackage>לא ידוע</QtyInPackage><UnitOfMeasurePrice>0.0718</UnitOfMeasurePrice><AllowDiscount>1</AllowDiscount><ItemStatus>1</ItemStatus><ItemPrice>7.90</ItemPrice></item><item><PriceUpdateDate>2016-05-01 08:12:50</PriceUpdateDate><ItemCode>7290000462677</ItemCode><ItemType>1</ItemType><ItemName>אבקת מרק טעם עוף 1 ק</ItemName><ManufacturerName>אסם</ManufacturerName><ManufactureCountry>ישראל</ManufactureCountry><ManufacturerItemDescription>אבקת מרק טעם עוף 1 ק</ManufacturerItemDescription><SoldByWeight/><Quantity>1000.00</Quantity><UnitOfMeasure>גרם     </UnitOfMeasure><QtyInPackage>לא ידוע</QtyInPackage><UnitOfMeasurePrice>0.0189</UnitOfMeasurePrice><AllowDiscount>1</AllowDiscount><ItemStatus>1</ItemStatus><ItemPrice>18.90</ItemPrice></item><item><PriceUpdateDate>2016-08-02 07:34:16</PriceUpdateDate><ItemCode>7290000462738</ItemCode><ItemType>1</ItemType><ItemName>מארז ביסלי ברביקיו 6</ItemName><ManufacturerName>ביסלי</ManufacturerName><ManufactureCountry>ישראל</ManufactureCountry><ManufacturerItemDescription>מארז ביסלי ברביקיו 6</ManufacturerItemDescription><SoldByWeight/><Quantity>210.00</Quantity><UnitOfMeasure>גרם     </UnitOfMeasure><QtyInPackage>לא ידוע</QtyInPackage><UnitOfMeasurePrice>0.0757</UnitOfMeasurePrice><AllowDiscount>1</AllowDiscount><ItemStatus>1</ItemStatus><ItemPrice>15.90</ItemPrice></item><item><PriceUpdateDate>2016-08-02 07:34:16</PriceUpdateDate><ItemCode>7290000462745</ItemCode><ItemType>1</ItemType><ItemName>מארז ביסלי גריל 6*35</ItemName><ManufacturerName>ביסלי</ManufacturerName><ManufactureCountry>ישראל</ManufactureCountry><ManufacturerItemDescription>מארז ביסלי גריל 6*35</ManufacturerItemDescription><SoldByWeight/><Quantity>210.00</Quantity><UnitOfMeasure>גרם     </UnitOfMeasure><QtyInPackage>לא ידוע</QtyInPackage><UnitOfMeasurePrice>0.0757</UnitOfMeasurePrice><AllowDiscount>1</AllowDiscount><ItemStatus>1</ItemStatus><ItemPrice>15.90</ItemPrice></item><item><PriceUpdateDate>2016-03-01 06:12:13</PriceUpdateDate><ItemCode>7290000462752</ItemCode><ItemType>1</ItemType><ItemName>עוגת הבית שוקולד פיר</ItemName><ManufacturerName>עוגות הבית</ManufacturerName><ManufactureCountry>ישראל</ManufactureCountry><ManufacturerItemDescription>עוגת הבית שוקולד פיר</ManufacturerItemDescription><SoldByWeight/><Quantity>400.00</Quantity><UnitOfMeasure>גרם     </UnitOfMeasure><QtyInPackage>לא ידוע</QtyInPackage><UnitOfMeasurePrice>0.0472</UnitOfMeasurePrice><AllowDiscount>1</AllowDiscount><ItemStatus>1</ItemStatus><ItemPrice>18.90</ItemPrice></item><item><PriceUpdateDate>2016-03-01 06:16:17</PriceUpdateDate><ItemCode>7290000462783</ItemCode><ItemType>1</ItemType><ItemName>במבה במילוי נוגט 60</ItemName><ManufacturerName>במבה</ManufacturerName><ManufactureCountry>ישראל</ManufactureCountry><ManufacturerItemDescription>במבה במילוי נוגט 60 גרם</ManufacturerItemDescription><SoldByWeight/><Quantity>60.00</Quantity><UnitOfMeasure>גרם     </UnitOfMeasure><QtyInPackage>לא ידוע</QtyInPackage><UnitOfMeasurePrice>0.0933</UnitOfMeasurePrice><AllowDiscount>1</AllowDiscount><ItemStatus>1</ItemStatus><ItemPrice>5.60</ItemPrice></item><item><PriceUpdateDate>2015-11-18 13:58:36</PriceUpdateDate><ItemCode>7290000463124</ItemCode><ItemType>1</ItemType><ItemName>זית מנזנילו ירוק גדו</ItemName><ManufacturerName>בית השיטה</ManufacturerName><ManufactureCountry>ישראל</ManufactureCountry><ManufacturerItemDescription>זית מנזנילו ירוק גדו</ManufacturerItemDescription><SoldByWeight/><Quantity>560.00</Quantity><UnitOfMeasure>גרם     </UnitOfMeasure><QtyInPackage>לא ידוע</QtyInPackage><UnitOfMeasurePrice>0.0205</UnitOfMeasurePrice><AllowDiscount>1</AllowDiscount><ItemStatus>1</ItemStatus><ItemPrice>11.50</ItemPrice></item><item><PriceUpdateDate>2015-10-22 10:36:36</PriceUpdateDate><ItemCode>7290000463261</ItemCode><ItemType>1</ItemType><ItemName>עוגת בראוניס עשירה ש</ItemName><ManufacturerName>עלית</ManufacturerName><ManufactureCountry>ישראל</ManufactureCountry><ManufacturerItemDescription>בראוניס שוקולד עשירה</ManufacturerItemDescription><SoldByWeight/><Quantity>380.00</Quantity><UnitOfMeasure>גרם     </UnitOfMeasure><QtyInPackage>לא ידוע</QtyInPackage><UnitOfMeasurePrice>0.0508</UnitOfMeasurePrice><AllowDiscount>1</AllowDiscount><ItemStatus>1</ItemStatus><ItemPrice>19.30</ItemPrice></item><item><PriceUpdateDate>2015-07-15 09:53:32</PriceUpdateDate><ItemCode>7290000463308</ItemCode><ItemType>1</ItemType><ItemName>שוקולד פרה מריר 60%</ItemName><ManufacturerName>עלית</ManufacturerName><ManufactureCountry>ישראל</ManufactureCountry><ManufacturerItemDescription>שוקולד מריר 60% קקאו 100</ManufacturerItemDescription><SoldByWeight/><Quantity>100.00</Quantity><UnitOfMeasure>גרם     </UnitOfMeasure><QtyInPackage>לא ידוע</QtyInPackage><UnitOfMeasurePrice>0.0850</UnitOfMeasurePrice><AllowDiscount>1</AllowDiscount><ItemStatus>1</ItemStatus><ItemPrice>8.50</ItemPrice></item><item><PriceUpdateDate>2016-08-10 08:22:54</PriceUpdateDate><ItemCode>7290000463384</ItemCode><ItemType>1</ItemType><ItemName>שוקולד ספלנדיד מריר</ItemName><ManufacturerName>ספלנדיד</ManufacturerName><ManufactureCountry>ישראל</ManufactureCountry><ManufacturerItemDescription>שוקולד ספלנדיד מריר עם קפ</ManufacturerItemDescription><SoldByWeight/><Quantity>100.00</Quantity><UnitOfMeasure>גרם     </UnitOfMeasure><QtyInPackage>לא ידוע</QtyInPackage><UnitOfMeasurePrice>0.1190</UnitOfMeasurePrice><AllowDiscount>1</AllowDiscount><ItemStatus>1</ItemStatus><ItemPrice>11.90</ItemPrice></item><item><PriceUpdateDate>2015-10-22 10:38:15</PriceUpdateDate><ItemCode>7290000463414</ItemCode><ItemType>1</ItemType><ItemName>טבלת פסק זמן קלאסי 1</ItemName><ManufacturerName>עלית</ManufacturerName><ManufactureCountry>ישראל</ManufactureCountry><ManufacturerItemDescription>טבלת פסק זמן קלאסי 110 גר</ManufacturerItemDescription><SoldByWeight/><Quantity>110.00</Quantity><UnitOfMeasure>גרם     </UnitOfMeasure><QtyInPackage>לא ידוע</QtyInPackage><UnitOfMeasurePrice>0.0864</UnitOfMeasurePrice><AllowDiscount>1</AllowDiscount><ItemStatus>1</ItemStatus><ItemPrice>9.50</ItemPrice></item><item><PriceUpdateDate>2016-05-01 08:12:51</PriceUpdateDate><ItemCode>7290000463506</ItemCode><ItemType>1</ItemType><ItemName>אבקת קקאו עלית 500 ג</ItemName><ManufacturerName>עלית</ManufacturerName><ManufactureCountry>ישראל</ManufactureCountry><ManufacturerItemDescription>אבקת קקאו עלית 500 ג</ManufacturerItemDescription><SoldByWeight/><Quantity>500.00</Quantity><UnitOfMeasure>גרם     </UnitOfMeasure><QtyInPackage>לא ידוע</QtyInPackage><UnitOfMeasurePrice>0.0598</UnitOfMeasurePrice><AllowDiscount>1</AllowDiscount><ItemStatus>1</ItemStatus><ItemPrice>29.90</ItemPrice></item><item><PriceUpdateDate>2016-01-15 10:07:37</PriceUpdateDate><ItemCode>7290000463643</ItemCode><ItemType>1</ItemType><ItemName>מאגדת זוג שוקולד פרה</ItemName><ManufacturerName>פרה</ManufacturerName><ManufactureCountry>ישראל</ManufactureCountry><ManufacturerItemDescription>מאגדת זוג שוקולד פרה</ManufacturerItemDescription><SoldByWeight/><Quantity>200.00</Quantity><UnitOfMeasure>גרם     </UnitOfMeasure><QtyInPackage>לא ידוע</QtyInPackage><UnitOfMeasurePrice>0.0795</UnitOfMeasurePrice><AllowDiscount>1</AllowDiscount><ItemStatus>1</ItemStatus><ItemPrice>15.90</ItemPrice></item><item><PriceUpdateDate>2016-01-14 10:29:50</PriceUpdateDate><ItemCode>7290000463667</ItemCode><ItemType>1</ItemType><ItemName>מסטיק עלמה אוכמניות</ItemName><ManufacturerName>מאסט</ManufacturerName><ManufactureCountry>ישראל</ManufactureCountry><ManufacturerItemDescription>מסטיק מאסט עלמה אוכמניות</ManufacturerItemDescription><SoldByWeight/><Quantity>28.00</Quantity><UnitOfMeasure>גרם     </UnitOfMeasure><QtyInPackage>לא ידוע</QtyInPackage><UnitOfMeasurePrice>0.1607</UnitOfMeasurePrice><AllowDiscount>1</AllowDiscount><ItemStatus>1</ItemStatus><ItemPrice>4.50</ItemPrice></item><item><PriceUpdateDate>2016-03-16 18:08:37</PriceUpdateDate><ItemCode>7290000463803</ItemCode><ItemType>1</ItemType><ItemName>שמפו הוואי ביו רימון</ItemName><ManufacturerName>הוואי</ManufacturerName><ManufactureCountry>ישראל</ManufactureCountry><ManufacturerItemDescription>שמפו הוואי ביו רימון</ManufacturerItemDescription><SoldByWeight/><Quantity>700.00</Quantity><UnitOfMeasure>מ"ל</UnitOfMeasure><QtyInPackage>לא ידוע</QtyInPackage><UnitOfMeasurePrice>0.0141</UnitOfMeasurePrice><AllowDiscount>0</AllowDiscount><ItemStatus>1</ItemStatus><ItemPrice>9.90</ItemPrice></item><item><PriceUpdateDate>2016-03-16 18:08:37</PriceUpdateDate><ItemCode>7290000463810</ItemCode><ItemType>1</ItemType><ItemName>מרכך הוואי ביו רימון</ItemName><ManufacturerName>הוואי</ManufacturerName><ManufactureCountry>ישראל</ManufactureCountry><ManufacturerItemDescription>מרכך הוואי ביו רימון</ManufacturerItemDescription><SoldByWeight/><Quantity>700.00</Quantity><UnitOfMeasure>מ"ל</UnitOfMeasure><QtyInPackage>לא ידוע</QtyInPackage><UnitOfMeasurePrice>0.0141</UnitOfMeasurePrice><AllowDiscount>1</AllowDiscount><ItemStatus>1</ItemStatus><ItemPrice>9.90</ItemPrice></item><item><PriceUpdateDate>2016-03-16 18:08:37</PriceUpdateDate><ItemCode>7290000463834</ItemCode><ItemType>1</ItemType><ItemName>שמפו הוואי חמאת שיאה</ItemName><ManufacturerName>הוואי</ManufacturerName><ManufactureCountry>ישראל</ManufactureCountry><ManufacturerItemDescription>הוואי שמפו חמאת שיאה וקוק</ManufacturerItemDescription><SoldByWeight/><Quantity>700.00</Quantity><UnitOfMeasure>מ"ל</UnitOfMeasure><QtyInPackage>לא ידוע</QtyInPackage><UnitOfMeasurePrice>0.0141</UnitOfMeasurePrice><AllowDiscount>0</AllowDiscount><ItemStatus>1</ItemStatus><ItemPrice>9.90</ItemPrice></item><item><PriceUpdateDate>2016-06-28 09:30:26</PriceUpdateDate><ItemCode>7290000463933</ItemCode><ItemType>1</ItemType><ItemName>מב תחליב רחצה הוואי</ItemName><ManufacturerName>הוואי</ManufacturerName><ManufactureCountry>ישראל</ManufactureCountry><ManufacturerItemDescription>מב תחליב רחצה הוואי</ManufacturerItemDescription><SoldByWeight/><Quantity>750.00</Quantity><UnitOfMeasure>מ"ל</UnitOfMeasure><QtyInPackage>לא ידוע</QtyInPackage><UnitOfMeasurePrice>0.0132</UnitOfMeasurePrice><AllowDiscount>0</AllowDiscount><ItemStatus>1</ItemStatus><ItemPrice>9.90</ItemPrice></item><item><PriceUpdateDate>2015-11-18 13:58:36</PriceUpdateDate><ItemCode>7290000464435</ItemCode><ItemType>1</ItemType><ItemName>זית חרוזית שחור בית</ItemName><ManufacturerName>בית השיטה</ManufacturerName><ManufactureCountry>ישראל</ManufactureCountry><ManufacturerItemDescription>זית חרוזית שחור בית</ManufacturerItemDescription><SoldByWeight/><Quantity>275.00</Quantity><UnitOfMeasure>גרם     </UnitOfMeasure><QtyInPackage>לא ידוע</QtyInPackage><UnitOfMeasurePrice>0.0436</UnitOfMeasurePrice><AllowDiscount>1</AllowDiscount><ItemStatus>1</ItemStatus><ItemPrice>12.00</ItemPrice></item><item><PriceUpdateDate>2016-05-31 06:53:51</PriceUpdateDate><ItemCode>7290000464718</ItemCode><ItemType>1</ItemType><ItemName>קליה אוקסי ספריי 750</ItemName><ManufacturerName>קליה</ManufacturerName><ManufactureCountry>פולין</ManufactureCountry><ManufacturerItemDescription>קליה אוקסי ספריי 750</ManufacturerItemDescription><SoldByWeight/><Quantity>750.00</Quantity><UnitOfMeasure>מ"ל</UnitOfMeasure><QtyInPackage>לא ידוע</QtyInPackage><UnitOfMeasurePrice>0.0265</UnitOfMeasurePrice><AllowDiscount>1</AllowDiscount><ItemStatus>1</ItemStatus><ItemPrice>19.90</ItemPrice></item><item><PriceUpdateDate>2016-06-28 09:28:17</PriceUpdateDate><ItemCode>7290000464916</ItemCode><ItemType>1</ItemType><ItemName>תפוצ'יפס קראנצ' מקסי</ItemName><ManufacturerName>תפוצ'יפס</ManufacturerName><ManufactureCountry>ישראל</ManufactureCountry><ManufacturerItemDescription>תפוציפס קראנץ מקסיקני 200</ManufacturerItemDescription><SoldByWeight/><Quantity>200.00</Quantity><UnitOfMeasure>גרם     </UnitOfMeasure><QtyInPackage>לא ידוע</QtyInPackage><UnitOfMeasurePrice>0.0610</UnitOfMeasurePrice><AllowDiscount>1</AllowDiscount><ItemStatus>1</ItemStatus><ItemPrice>12.20</ItemPrice></item><item><PriceUpdateDate>2016-04-25 08:29:01</PriceUpdateDate><ItemCode>7290000464992</ItemCode><ItemType>1</ItemType><ItemName>זית טבעות שחור A3  2</ItemName><ManufacturerName>לא ממותג</ManufacturerName><ManufactureCountry>ישראל</ManufactureCountry><ManufacturerItemDescription>זית טבעות שחור A3  2</ManufacturerItemDescription><SoldByWeight/><Quantity>280.00</Quantity><UnitOfMeasure>גרם     </UnitOfMeasure><QtyInPackage>לא ידוע</QtyInPackage><UnitOfMeasurePrice>0.0457</UnitOfMeasurePrice><AllowDiscount>1</AllowDiscount><ItemStatus>1</ItemStatus><ItemPrice>12.80</ItemPrice></item><item><PriceUpdateDate>2015-11-18 13:57:33</PriceUpdateDate><ItemCode>7290000465067</ItemCode><ItemType>1</ItemType><ItemName>קפה נמס וניל 200 גרם</ItemName><ManufacturerName>עלית נמס</ManufacturerName><ManufactureCountry>ישראל</ManufactureCountry><ManufacturerItemDescription>קפה נמס וניל 200 גרם</ManufacturerItemDescription><SoldByWeight/><Quantity>200.00</Quantity><UnitOfMeasure>גרם     </UnitOfMeasure><QtyInPackage>לא ידוע</QtyInPackage><UnitOfMeasurePrice>0.1525</UnitOfMeasurePrice><AllowDiscount>1</AllowDiscount><ItemStatus>1</ItemStatus><ItemPrice>30.50</ItemPrice></item><item><PriceUpdateDate>2015-10-22 10:36:36</PriceUpdateDate><ItemCode>7290000465111</ItemCode><ItemType>1</ItemType><ItemName>חטיף דוריטוס חמוץ חר</ItemName><ManufacturerName>דוריטוס</ManufacturerName><ManufactureCountry>ישראל</ManufactureCountry><ManufacturerItemDescription>דוריטוס חמוץ חריף 200 גרם</ManufacturerItemDescription><SoldByWeight/><Quantity>200.00</Quantity><UnitOfMeasure>גרם     </UnitOfMeasure><QtyInPackage>לא ידוע</QtyInPackage><UnitOfMeasurePrice>0.0505</UnitOfMeasurePrice><AllowDiscount>1</AllowDiscount><ItemStatus>1</ItemStatus><ItemPrice>10.10</ItemPrice></item><item><PriceUpdateDate>2016-01-14 10:29:50</PriceUpdateDate><ItemCode>7290000465173</ItemCode><ItemType>1</ItemType><ItemName>מסטיק מאסט בזוקה 28</ItemName><ManufacturerName>מאסט</ManufacturerName><ManufactureCountry>ישראל</ManufactureCountry><ManufacturerItemDescription>מסטיק מאסט בטעם בזוקה</ManufacturerItemDescription><SoldByWeight/><Quantity>28.00</Quantity><UnitOfMeasure>גרם     </UnitOfMeasure><QtyInPackage>לא ידוע</QtyInPackage><UnitOfMeasurePrice>0.1607</UnitOfMeasurePrice><AllowDiscount>1</AllowDiscount><ItemStatus>1</ItemStatus><ItemPrice>4.50</ItemPrice></item><item><PriceUpdateDate>2016-08-02 07:39:01</PriceUpdateDate><ItemCode>7290000465876</ItemCode><ItemType>1</ItemType><ItemName>מב צבר חומוסיבוב ברו</ItemName><ManufacturerName>צבר</ManufacturerName><ManufactureCountry>לא ידוע</ManufactureCountry><ManufacturerItemDescription>מב צבר חומוסיבוב ברו</ManufacturerItemDescription><SoldByWeight/><Quantity>400.00</Quantity><UnitOfMeasure>גרם     </UnitOfMeasure><QtyInPackage>לא ידוע</QtyInPackage><UnitOfMeasurePrice>0.0273</UnitOfMeasurePrice><AllowDiscount>1</AllowDiscount><ItemStatus>1</ItemStatus><ItemPrice>10.90</ItemPrice></item><item><PriceUpdateDate>2016-08-10 08:22:54</PriceUpdateDate><ItemCode>7290000465944</ItemCode><ItemType>1</ItemType><ItemName>יוגורט פרופתות מולר</ItemName><ManufacturerName>מולר</ManufacturerName><ManufactureCountry>ישראל</ManufactureCountry><ManufacturerItemDescription>פרופ תות מולר 150 מל</ManufacturerItemDescription><SoldByWeight/><Quantity>150.00</Quantity><UnitOfMeasure>מ"ל</UnitOfMeasure><QtyInPackage>לא ידוע</QtyInPackage><UnitOfMeasurePrice>0.0367</UnitOfMeasurePrice><AllowDiscount>1</AllowDiscount><ItemStatus>1</ItemStatus><ItemPrice>5.50</ItemPrice></item><item><PriceUpdateDate>2016-08-10 08:22:54</PriceUpdateDate><ItemCode>7290000465968</ItemCode><ItemType>1</ItemType><ItemName>יוגורט פרופאפרסק ופס</ItemName><ManufacturerName>מולר</ManufacturerName><ManufactureCountry>ישראל</ManufactureCountry><ManufacturerItemDescription>פרופ אפרסק פסיפלורה מולר</ManufacturerItemDescription><SoldByWeight/><Quantity>150.00</Quantity><UnitOfMeasure>מ"ל</UnitOfMeasure><QtyInPackage>לא ידוע</QtyInPackage><UnitOfMeasurePrice>0.0367</UnitOfMeasurePrice><AllowDiscount>1</AllowDiscount><ItemStatus>1</ItemStatus><ItemPrice>5.50</ItemPrice></item><item><PriceUpdateDate>2016-08-10 08:22:54</PriceUpdateDate><ItemCode>7290000465975</ItemCode><ItemType>1</ItemType><ItemName>יוגורט פרופלימון מול</ItemName><ManufacturerName>מולר</ManufacturerName><ManufactureCountry>ישראל</ManufactureCountry><ManufacturerItemDescription>פרופ לימון מולר 150 מל</ManufacturerItemDescription><SoldByWeight/><Quantity>150.00</Quantity><UnitOfMeasure>מ"ל</UnitOfMeasure><QtyInPackage>לא ידוע</QtyInPackage><UnitOfMeasurePrice>0.0367</UnitOfMeasurePrice><AllowDiscount>1</AllowDiscount><ItemStatus>1</ItemStatus><ItemPrice>5.50</ItemPrice></item><item><PriceUpdateDate>2016-05-31 07:02:19</PriceUpdateDate><ItemCode>7290000466163</ItemCode><ItemType>1</ItemType><ItemName>מלפפון 7-9 במלח 560</ItemName><ManufacturerName>בית השיטה</ManufacturerName><ManufactureCountry>ישראל</ManufactureCountry><ManufacturerItemDescription>מלפפון 7-9 במלח 560</ManufacturerItemDescription><SoldByWeight/><Quantity>560.00</Quantity><UnitOfMeasure>גרם     </UnitOfMeasure><QtyInPackage>לא ידוע</QtyInPackage><UnitOfMeasurePrice>0.0105</UnitOfMeasurePrice><AllowDiscount>1</AllowDiscount><ItemStatus>1</ItemStatus><ItemPrice>5.90</ItemPrice></item><item><PriceUpdateDate>2016-05-31 07:02:19</PriceUpdateDate><ItemCode>7290000466170</ItemCode><ItemType>1</ItemType><ItemName>מלפפון במלח 10-12  3</ItemName><ManufacturerName>לא ידוע</ManufacturerName><ManufactureCountry>ישראל</ManufactureCountry><ManufacturerItemDescription>מלפפון במלח 10-12  3</ManufacturerItemDescription><SoldByWeight/><Quantity>320.00</Quantity><UnitOfMeasure>גרם     </UnitOfMeasure><QtyInPackage>לא ידוע</QtyInPackage><UnitOfMeasurePrice>0.0203</UnitOfMeasurePrice><AllowDiscount>1</AllowDiscount><ItemStatus>1</ItemStatus><ItemPrice>6.50</ItemPrice></item><item><PriceUpdateDate>2016-07-27 09:34:55</PriceUpdateDate><ItemCode>7290000466187</ItemCode><ItemType>1</ItemType><ItemName>מלפפון 13-17 במלח  3</ItemName><ManufacturerName>בית השיטה</ManufacturerName><ManufactureCountry>ישראל</ManufactureCountry><ManufacturerItemDescription>מלפפון 13-17 במלח  3</ManufacturerItemDescription><SoldByWeight/><Quantity>320.00</Quantity><UnitOfMeasure>גרם     </UnitOfMeasure><QtyInPackage>לא ידוע</QtyInPackage><UnitOfMeasurePrice>0.0309</UnitOfMeasurePrice><AllowDiscount>1</AllowDiscount><ItemStatus>1</ItemStatus><ItemPrice>9.90</ItemPrice></item><item><PriceUpdateDate>2015-10-11 20:34:11</PriceUpdateDate><ItemCode>7290000466194</ItemCode><ItemType>1</ItemType><ItemName>מלפפון 18-25 במלח 56</ItemName><ManufacturerName>בית השיטה</ManufacturerName><ManufactureCountry>ישראל</ManufactureCountry><ManufacturerItemDescription>מלפפון 18-25 במלח 56</ManufacturerItemDescription><SoldByWeight/><Quantity>560.00</Quantity><UnitOfMeasure>גרם     </UnitOfMeasure><QtyInPackage>לא ידוע</QtyInPackage><UnitOfMeasurePrice>0.0229</UnitOfMeasurePrice><AllowDiscount>1</AllowDiscount><ItemStatus>1</ItemStatus><ItemPrice>12.80</ItemPrice></item><item><PriceUpdateDate>2016-05-01 08:12:51</PriceUpdateDate><ItemCode>7290000466408</ItemCode><ItemType>1</ItemType><ItemName>חלב עיזים צוריאל 1 ל</ItemName><ManufacturerName>משק צוריאל</ManufacturerName><ManufactureCountry>ישראל</ManufactureCountry><ManufacturerItemDescription>חלב עיזים 1 ליטר קרטון</ManufacturerItemDescription><SoldByWeight/><Quantity>1000.00</Quantity><UnitOfMeasure>מ"ל</UnitOfMeasure><QtyInPackage>לא ידוע</QtyInPackage><UnitOfMeasurePrice>0.0175</UnitOfMeasurePrice><AllowDiscount>0</AllowDiscount><ItemStatus>1</ItemStatus><ItemPrice>17.50</ItemPrice></item><item><PriceUpdateDate>2016-08-02 07:34:54</PriceUpdateDate><ItemCode>7290000466644</ItemCode><ItemType>1</ItemType><ItemName>צבר חציל בלקני 400 ג</ItemName><ManufacturerName>צבר</ManufacturerName><ManufactureCountry>ישראל</ManufactureCountry><ManufacturerItemDescription>סלט טורקי רפי 400 גרם</ManufacturerItemDescription><SoldByWeight/><Quantity>400.00</Quantity><UnitOfMeasure>גרם     </UnitOfMeasure><QtyInPackage>לא ידוע</QtyInPackage><UnitOfMeasurePrice>0.0413</UnitOfMeasurePrice><AllowDiscount>1</AllowDiscount><ItemStatus>1</ItemStatus><ItemPrice>16.50</ItemPrice></item><item><PriceUpdateDate>2016-02-11 08:21:14</PriceUpdateDate><ItemCode>7290000466675</ItemCode><ItemType>1</ItemType><ItemName>שמנת מתוקה לקצפת 38%</ItemName><ManufacturerName>טרה</ManufacturerName><ManufactureCountry>ישראל</ManufactureCountry><ManufacturerItemDescription>שמנת מתוקה עמידה 250 38%</ManufacturerItemDescription><SoldByWeight/><Quantity>250.00</Quantity><UnitOfMeasure>מ"ל</UnitOfMeasure><QtyInPackage>לא ידוע</QtyInPackage><UnitOfMeasurePrice>0.0238</UnitOfMeasurePrice><AllowDiscount>1</AllowDiscount><ItemStatus>1</ItemStatus><ItemPrice>5.95</ItemPrice></item><item><PriceUpdateDate>2015-10-11 20:33:45</PriceUpdateDate><ItemCode>7290000466743</ItemCode><ItemType>1</ItemType><ItemName>יוגורט מולר ביאנקו ל</ItemName><ManufacturerName>מולר</ManufacturerName><ManufactureCountry>ישראל</ManufactureCountry><ManufacturerItemDescription>מולר ביאנקו 200 1.7%  גרם</ManufacturerItemDescription><SoldByWeight/><Quantity>200.00</Quantity><UnitOfMeasure>גרם     </UnitOfMeasure><QtyInPackage>לא ידוע</QtyInPackage><UnitOfMeasurePrice>0.0205</UnitOfMeasurePrice><AllowDiscount>0</AllowDiscount><ItemStatus>1</ItemStatus><ItemPrice>4.10</ItemPrice></item><item><PriceUpdateDate>2016-08-10 08:22:54</PriceUpdateDate><ItemCode>7290000466927</ItemCode><ItemType>1</ItemType><ItemName>מולר מיקס גליליות קר</ItemName><ManufacturerName>מולר</ManufacturerName><ManufactureCountry>ישראל</ManufactureCountry><ManufacturerItemDescription>יוגורט קרם אגוזים מולר מי</ManufacturerItemDescription><SoldByWeight/><Quantity>150.00</Quantity><UnitOfMeasure>גרם     </UnitOfMeasure><QtyInPackage>לא ידוע</QtyInPackage><UnitOfMeasurePrice>0.0420</UnitOfMeasurePrice><AllowDiscount>0</AllowDiscount><ItemStatus>1</ItemStatus><ItemPrice>6.30</ItemPrice></item><item><PriceUpdateDate>2016-08-02 07:38:16</PriceUpdateDate><ItemCode>7290000467016</ItemCode><ItemType>1</ItemType><ItemName>מב גבינה לבנה 5% 750</ItemName><ManufacturerName>טרה</ManufacturerName><ManufactureCountry>ישראל</ManufactureCountry><ManufacturerItemDescription>מב גבינה לבנה 5% 750</ManufacturerItemDescription><SoldByWeight/><Quantity>750.00</Quantity><UnitOfMeasure>גרם     </UnitOfMeasure><QtyInPackage>לא ידוע</QtyInPackage><UnitOfMeasurePrice>0.0153</UnitOfMeasurePrice><AllowDiscount>1</AllowDiscount><ItemStatus>1</ItemStatus><ItemPrice>11.50</ItemPrice></item><item><PriceUpdateDate>2016-03-29 07:02:37</PriceUpdateDate><ItemCode>7290000467023</ItemCode><ItemType>1</ItemType><ItemName>יוגורט עיזים לשתיה 5</ItemName><ManufacturerName>משק צוריאל</ManufacturerName><ManufactureCountry>ישראל</ManufactureCountry><ManufacturerItemDescription>יוגורט עיזים לשתיה 500 מל</ManufacturerItemDescription><SoldByWeight/><Quantity>500.00</Quantity><UnitOfMeasure>גרם     </UnitOfMeasure><QtyInPackage>לא ידוע</QtyInPackage><UnitOfMeasurePrice>0.0278</UnitOfMeasurePrice><AllowDiscount>1</AllowDiscount><ItemStatus>1</ItemStatus><ItemPrice>13.90</ItemPrice></item><item><PriceUpdateDate>2016-08-02 07:39:01</PriceUpdateDate><ItemCode>7290000467153</ItemCode><ItemType>1</ItemType><ItemName>מב סלט צבר חומוס סמי</ItemName><ManufacturerName>צבר</ManufacturerName><ManufactureCountry>ישראל</ManufactureCountry><ManufacturerItemDescription>חומוס סמיר הגדול 400 גר</ManufacturerItemDescription><SoldByWeight/><Quantity>400.00</Quantity><UnitOfMeasure>גרם     </UnitOfMeasure><QtyInPackage>לא ידוע</QtyInPackage><UnitOfMeasurePrice>0.0298</UnitOfMeasurePrice><AllowDiscount>1</AllowDiscount><ItemStatus>1</ItemStatus><ItemPrice>11.90</ItemPrice></item><item><PriceUpdateDate>2016-05-31 07:02:19</PriceUpdateDate><ItemCode>7290000467160</ItemCode><ItemType>1</ItemType><ItemName>מלפפון 7-9 בחומץ 560</ItemName><ManufacturerName>בית השיטה</ManufacturerName><ManufactureCountry>ישראל</ManufactureCountry><ManufacturerItemDescription>מלפפון 7-9 בחומץ 560</ManufacturerItemDescription><SoldByWeight/><Quantity>560.00</Quantity><UnitOfMeasure>גרם     </UnitOfMeasure><QtyInPackage>לא ידוע</QtyInPackage><UnitOfMeasurePrice>0.0105</UnitOfMeasurePrice><AllowDiscount>1</AllowDiscount><ItemStatus>1</ItemStatus><ItemPrice>5.90</ItemPrice></item><item><PriceUpdateDate>2016-05-31 07:02:19</PriceUpdateDate><ItemCode>7290000467177</ItemCode><ItemType>1</ItemType><ItemName>מלפפון 12 10חומץ גלע</ItemName><ManufacturerName>אסם</ManufacturerName><ManufactureCountry>ישראל</ManufactureCountry><ManufacturerItemDescription>מלפפון 12 10חומץ גלע</ManufacturerItemDescription><SoldByWeight/><Quantity>290.00</Quantity><UnitOfMeasure>גרם     </UnitOfMeasure><QtyInPackage>לא ידוע</QtyInPackage><UnitOfMeasurePrice>0.0224</UnitOfMeasurePrice><AllowDiscount>1</AllowDiscount><ItemStatus>1</ItemStatus><ItemPrice>6.50</ItemPrice></item><item><PriceUpdateDate>2016-07-27 09:34:55</PriceUpdateDate><ItemCode>7290000467184</ItemCode><ItemType>1</ItemType><ItemName>מלפפון 13-17 חומץ בי</ItemName><ManufacturerName>בית השיטה</ManufacturerName><ManufactureCountry>ישראל</ManufactureCountry><ManufacturerItemDescription>מלפפון 13-17 חומץ בי</ManufacturerItemDescription><SoldByWeight/><Quantity>290.00</Quantity><UnitOfMeasure>גרם     </UnitOfMeasure><QtyInPackage>לא ידוע</QtyInPackage><UnitOfMeasurePrice>0.0341</UnitOfMeasurePrice><AllowDiscount>1</AllowDiscount><ItemStatus>1</ItemStatus><ItemPrice>9.90</ItemPrice></item><item><PriceUpdateDate>2015-10-11 20:34:12</PriceUpdateDate><ItemCode>7290000467191</ItemCode><ItemType>1</ItemType><ItemName>מלפפון 18-25 בחומץ 5</ItemName><ManufacturerName>בית השיטה</ManufacturerName><ManufactureCountry>ישראל</ManufactureCountry><ManufacturerItemDescription>מלפפון 18-25 בחומץ 5</ManufacturerItemDescription><SoldByWeight/><Quantity>560.00</Quantity><UnitOfMeasure>גרם     </UnitOfMeasure><QtyInPackage>לא ידוע</QtyInPackage><UnitOfMeasurePrice>0.0229</UnitOfMeasurePrice><AllowDiscount>1</AllowDiscount><ItemStatus>1</ItemStatus><ItemPrice>12.80</ItemPrice></item><item><PriceUpdateDate>2016-08-02 07:39:01</PriceUpdateDate><ItemCode>7290000467320</ItemCode><ItemType>1</ItemType><ItemName>מב סלט צבר חומוס אבו</ItemName><ManufacturerName>צבר</ManufacturerName><ManufactureCountry>ישראל</ManufactureCountry><ManufacturerItemDescription>חומוס אבו מרוואן 400 גר</ManufacturerItemDescription><SoldByWeight/><Quantity>400.00</Quantity><UnitOfMeasure>גרם     </UnitOfMeasure><QtyInPackage>לא ידוע</QtyInPackage><UnitOfMeasurePrice>0.0298</UnitOfMeasurePrice><AllowDiscount>1</AllowDiscount><ItemStatus>1</ItemStatus><ItemPrice>11.90</ItemPrice></item><item><PriceUpdateDate>2016-08-02 07:38:16</PriceUpdateDate><ItemCode>7290000467412</ItemCode><ItemType>1</ItemType><ItemName>מב קפה נמס 200 ג' קצ</ItemName><ManufacturerName>דרום אמריקה</ManufacturerName><ManufactureCountry>ישראל</ManufactureCountry><ManufacturerItemDescription>קפה קצב ברזילאי 200 גר</ManufacturerItemDescription><SoldByWeight/><Quantity>200.00</Quantity><UnitOfMeasure>גרם     </UnitOfMeasure><QtyInPackage>לא ידוע</QtyInPackage><UnitOfMeasurePrice>0.1145</UnitOfMeasurePrice><AllowDiscount>1</AllowDiscount><ItemStatus>1</ItemStatus><ItemPrice>22.90</ItemPrice></item><item><PriceUpdateDate>2016-05-23 14:02:41</PriceUpdateDate><ItemCode>7290000467474</ItemCode><ItemType>1</ItemType><ItemName>דנונה אננס 3% 150 גר</ItemName><ManufacturerName>דנונה</ManufacturerName><ManufactureCountry>ישראל</ManufactureCountry><ManufacturerItemDescription>דנונה אננס 3% 150 גר</ManufacturerItemDescription><SoldByWeight/><Quantity>150.00</Quantity><UnitOfMeasure>גרם     </UnitOfMeasure><QtyInPackage>לא ידוע</QtyInPackage><UnitOfMeasurePrice>0.0260</UnitOfMeasurePrice><AllowDiscount>1</AllowDiscount><ItemStatus>1</ItemStatus><ItemPrice>3.90</ItemPrice></item><item><PriceUpdateDate>2016-02-22 09:17:29</PriceUpdateDate><ItemCode>7290000467665</ItemCode><ItemType>1</ItemType><ItemName>אצבעות שוקולד שמיניו</ItemName><ManufacturerName>לא ידוע</ManufacturerName><ManufactureCountry>ישראל</ManufactureCountry><ManufacturerItemDescription>אצבעות שוקולד 1/8 קרם חלב</ManufacturerItemDescription><SoldByWeight/><Quantity>96.00</Quantity><UnitOfMeasure>גרם     </UnitOfMeasure><QtyInPackage>לא ידוע</QtyInPackage><UnitOfMeasurePrice>0.0885</UnitOfMeasurePrice><AllowDiscount>0</AllowDiscount><ItemStatus>1</ItemStatus><ItemPrice>8.50</ItemPrice></item><item><PriceUpdateDate>2016-03-17 09:36:47</PriceUpdateDate><ItemCode>7290000467887</ItemCode><ItemType>1</ItemType><ItemName>חטיף ביסלי פיצה 55 ג</ItemName><ManufacturerName>ביסלי</ManufacturerName><ManufactureCountry>ישראל</ManufactureCountry><ManufacturerItemDescription>ביסלי פיצה 55 גרם</ManufacturerItemDescription><SoldByWeight/><Quantity>55.00</Quantity><UnitOfMeasure>גרם     </UnitOfMeasure><QtyInPackage>לא ידוע</QtyInPackage><UnitOfMeasurePrice>0.0709</UnitOfMeasurePrice><AllowDiscount>1</AllowDiscount><ItemStatus>1</ItemStatus><ItemPrice>3.90</ItemPrice></item><item><PriceUpdateDate>2016-07-04 12:08:20</PriceUpdateDate><ItemCode>7290000468013</ItemCode><ItemType>1</ItemType><ItemName>מאגדת חטיפי אנרג'י מ</ItemName><ManufacturerName>אנרג'י</ManufacturerName><ManufactureCountry>ישראל</ManufactureCountry><ManufacturerItemDescription>חטיף דגנים אגוזים ושוקולד</ManufacturerItemDescription><SoldByWeight/><Quantity>156.00</Quantity><UnitOfMeasure>גרם     </UnitOfMeasure><QtyInPackage>לא ידוע</QtyInPackage><UnitOfMeasurePrice>0.1147</UnitOfMeasurePrice><AllowDiscount>1</AllowDiscount><ItemStatus>1</ItemStatus><ItemPrice>17.90</ItemPrice></item><item><PriceUpdateDate>2015-10-22 10:36:36</PriceUpdateDate><ItemCode>7290000468112</ItemCode><ItemType>1</ItemType><ItemName>סלט כרוב אדום יום יו</ItemName><ManufacturerName>אחלה</ManufacturerName><ManufactureCountry>ישראל</ManufactureCountry><ManufacturerItemDescription>סלט כרוב 120 גרם</ManufacturerItemDescription><SoldByWeight/><Quantity>120.00</Quantity><UnitOfMeasure>גרם     </UnitOfMeasure><QtyInPackage>לא ידוע</QtyInPackage><UnitOfMeasurePrice>0.0508</UnitOfMeasurePrice><AllowDiscount>1</AllowDiscount><ItemStatus>1</ItemStatus><ItemPrice>6.10</ItemPrice></item><item><PriceUpdateDate>2015-11-18 13:58:37</PriceUpdateDate><ItemCode>7290000468167</ItemCode><ItemType>1</ItemType><ItemName>פלפל חריף 600 גרם</ItemName><ManufacturerName>לא ממותג</ManufacturerName><ManufactureCountry>ישראל</ManufactureCountry><ManufacturerItemDescription>פלפל חריף 600 גרם</ManufacturerItemDescription><SoldByWeight/><Quantity>425.00</Quantity><UnitOfMeasure>גרם     </UnitOfMeasure><QtyInPackage>לא ידוע</QtyInPackage><UnitOfMeasurePrice>0.0191</UnitOfMeasurePrice><AllowDiscount>1</AllowDiscount><ItemStatus>1</ItemStatus><ItemPrice>8.10</ItemPrice></item><item><PriceUpdateDate>2016-02-01 20:42:54</PriceUpdateDate><ItemCode>7290000468433</ItemCode><ItemType>1</ItemType><ItemName>עוגה בחושה בטעם שוקו</ItemName><ManufacturerName>עלית</ManufacturerName><ManufactureCountry>ישראל</ManufactureCountry><ManufacturerItemDescription>עוגת שוקולד 330 גרם</ManufacturerItemDescription><SoldByWeight/><Quantity>330.00</Quantity><UnitOfMeasure>גרם     </UnitOfMeasure><QtyInPackage>לא ידוע</QtyInPackage><UnitOfMeasurePrice>0.0361</UnitOfMeasurePrice><AllowDiscount>1</AllowDiscount><ItemStatus>1</ItemStatus><ItemPrice>11.90</ItemPrice></item><item><PriceUpdateDate>2016-05-23 14:02:25</PriceUpdateDate><ItemCode>7290000468549</ItemCode><ItemType>1</ItemType><ItemName>מארז תפוצ'יפס קידס 6</ItemName><ManufacturerName>תפוצ'יפס</ManufacturerName><ManufactureCountry>ישראל</ManufactureCountry><ManufacturerItemDescription>מארז תפוצ'יפס קידס 6</ManufacturerItemDescription><SoldByWeight/><Quantity>180.00</Quantity><UnitOfMeasure>גרם     </UnitOfMeasure><QtyInPackage>לא ידוע</QtyInPackage><UnitOfMeasurePrice>0.0717</UnitOfMeasurePrice><AllowDiscount>1</AllowDiscount><ItemStatus>1</ItemStatus><ItemPrice>12.90</ItemPrice></item><item><PriceUpdateDate>2015-10-26 08:57:45</PriceUpdateDate><ItemCode>7290000468624</ItemCode><ItemType>1</ItemType><ItemName>מקופלת XL חלב 33 גרם</ItemName><ManufacturerName>מקופלת</ManufacturerName><ManufactureCountry>ישראל</ManufactureCountry><ManufacturerItemDescription>חטיף מקופלת XL חלב 33 גרם</ManufacturerItemDescription><SoldByWeight/><Quantity>33.00</Quantity><UnitOfMeasure>גרם     </UnitOfMeasure><QtyInPackage>לא ידוע</QtyInPackage><UnitOfMeasurePrice>0.1515</UnitOfMeasurePrice><AllowDiscount>1</AllowDiscount><ItemStatus>1</ItemStatus><ItemPrice>5.00</ItemPrice></item><item><PriceUpdateDate>2016-01-14 10:29:50</PriceUpdateDate><ItemCode>7290000469058</ItemCode><ItemType>1</ItemType><ItemName>מסטיק מאסט בזוקה ענב</ItemName><ManufacturerName>בזוקה</ManufacturerName><ManufactureCountry>ישראל</ManufactureCountry><ManufacturerItemDescription>מסטיק מאסט בזוקה ענבים לל</ManufacturerItemDescription><SoldByWeight/><Quantity>28.00</Quantity><UnitOfMeasure>גרם     </UnitOfMeasure><QtyInPackage>לא ידוע</QtyInPackage><UnitOfMeasurePrice>0.1607</UnitOfMeasurePrice><AllowDiscount>1</AllowDiscount><ItemStatus>1</ItemStatus><ItemPrice>4.50</ItemPrice></item><item><PriceUpdateDate>2016-01-15 10:07:37</PriceUpdateDate><ItemCode>7290000469218</ItemCode><ItemType>1</ItemType><ItemName>עוגת שוקוצ'יפס 330 ג</ItemName><ManufacturerName>עלית</ManufacturerName><ManufactureCountry>ישראל</ManufactureCountry><ManufacturerItemDescription>עוגת שוקוצ'יפס 330 ג</ManufacturerItemDescription><SoldByWeight/><Quantity>330.00</Quantity><UnitOfMeasure>גרם     </UnitOfMeasure><QtyInPackage>לא ידוע</QtyInPackage><UnitOfMeasurePrice>0.0361</UnitOfMeasurePrice><AllowDiscount>1</AllowDiscount><ItemStatus>1</ItemStatus><ItemPrice>11.90</ItemPrice></item><item><PriceUpdateDate>2015-12-27 08:48:42</PriceUpdateDate><ItemCode>7290000469256</ItemCode><ItemType>1</ItemType><ItemName>רבע לשבע חלב קרם נוג</ItemName><ManufacturerName>עלית</ManufacturerName><ManufactureCountry>ישראל</ManufactureCountry><ManufacturerItemDescription>רבע לשבע אגוזים 120 גרם</ManufacturerItemDescription><SoldByWeight/><Quantity>120.00</Quantity><UnitOfMeasure>גרם     </UnitOfMeasure><QtyInPackage>לא ידוע</QtyInPackage><UnitOfMeasurePrice>0.1158</UnitOfMeasurePrice><AllowDiscount>1</AllowDiscount><ItemStatus>1</ItemStatus><ItemPrice>13.90</ItemPrice></item><item><PriceUpdateDate>2016-08-02 07:34:17</PriceUpdateDate><ItemCode>7290000469270</ItemCode><ItemType>1</ItemType><ItemName>סלט חומוס אחלה עם זע</ItemName><ManufacturerName>אחלה</ManufacturerName><ManufactureCountry>ישראל</ManufactureCountry><ManufacturerItemDescription>סלט חומוס אחלה עם זע</ManufacturerItemDescription><SoldByWeight/><Quantity>400.00</Quantity><UnitOfMeasure>גרם     </UnitOfMeasure><QtyInPackage>לא ידוע</QtyInPackage><UnitOfMeasurePrice>0.0298</UnitOfMeasurePrice><AllowDiscount>0</AllowDiscount><ItemStatus>1</ItemStatus><ItemPrice>11.90</ItemPrice></item><item><PriceUpdateDate>2016-08-02 07:34:17</PriceUpdateDate><ItemCode>7290000469287</ItemCode><ItemType>1</ItemType><ItemName>סלט חומוס אחלה עם צנ</ItemName><ManufacturerName>אחלה</ManufacturerName><ManufactureCountry>ישראל</ManufactureCountry><ManufacturerItemDescription>סלט חומוס וצנובר 400 גרם</ManufacturerItemDescription><SoldByWeight/><Quantity>400.00</Quantity><UnitOfMeasure>גרם     </UnitOfMeasure><QtyInPackage>לא ידוע</QtyInPackage><UnitOfMeasurePrice>0.0298</UnitOfMeasurePrice><AllowDiscount>0</AllowDiscount><ItemStatus>1</ItemStatus><ItemPrice>11.90</ItemPrice></item><item><PriceUpdateDate>2016-08-02 07:34:17</PriceUpdateDate><ItemCode>7290000469294</ItemCode><ItemType>1</ItemType><ItemName>סלט חומוס אחלה עם חר</ItemName><ManufacturerName>אחלה</ManufacturerName><ManufactureCountry>ישראל</ManufactureCountry><ManufacturerItemDescription>סלט חומוס וחריף 400 גרם</ManufacturerItemDescription><SoldByWeight/><Quantity>400.00</Quantity><UnitOfMeasure>גרם     </UnitOfMeasure><QtyInPackage>לא ידוע</QtyInPackage><UnitOfMeasurePrice>0.0298</UnitOfMeasurePrice><AllowDiscount>0</AllowDiscount><ItemStatus>1</ItemStatus><ItemPrice>11.90</ItemPrice></item><item><PriceUpdateDate>2016-05-23 14:02:41</PriceUpdateDate><ItemCode>7290000469379</ItemCode><ItemType>1</ItemType><ItemName>מארז שמינייה גמדים ת</ItemName><ManufacturerName>גמדים</ManufacturerName><ManufactureCountry>ישראל</ManufactureCountry><ManufacturerItemDescription>מארז שמינייה גמדים ת</ManufacturerItemDescription><SoldByWeight/><Quantity>800.00</Quantity><UnitOfMeasure>גרם     </UnitOfMeasure><QtyInPackage>לא ידוע</QtyInPackage><UnitOfMeasurePrice>0.0236</UnitOfMeasurePrice><AllowDiscount>1</AllowDiscount><ItemStatus>1</ItemStatus><ItemPrice>18.90</ItemPrice></item><item><PriceUpdateDate>2015-11-18 13:57:33</PriceUpdateDate><ItemCode>7290000469669</ItemCode><ItemType>1</ItemType><ItemName>קפה נמס מוקה 200 גרם</ItemName><ManufacturerName>עלית נמס</ManufacturerName><ManufactureCountry>ישראל</ManufactureCountry><ManufacturerItemDescription>קפה נמס מוקה 200 גרם</ManufacturerItemDescription><SoldByWeight/><Quantity>200.00</Quantity><UnitOfMeasure>גרם     </UnitOfMeasure><QtyInPackage>לא ידוע</QtyInPackage><UnitOfMeasurePrice>0.1525</UnitOfMeasurePrice><AllowDiscount>1</AllowDiscount><ItemStatus>1</ItemStatus><ItemPrice>30.50</ItemPrice></item><item><PriceUpdateDate>2015-10-11 20:33:45</PriceUpdateDate><ItemCode>7290000469744</ItemCode><ItemType>1</ItemType><ItemName>מילקי טופ עדשים 134</ItemName><ManufacturerName>מילקי</ManufacturerName><ManufactureCountry>ישראל</ManufactureCountry><ManufacturerItemDescription>מילקי טופ עדשים 170 מל</ManufacturerItemDescription><SoldByWeight/><Quantity>134.00</Quantity><UnitOfMeasure>גרם     </UnitOfMeasure><QtyInPackage>לא ידוע</QtyInPackage><UnitOfMeasurePrice>0.0351</UnitOfMeasurePrice><AllowDiscount>1</AllowDiscount><ItemStatus>1</ItemStatus><ItemPrice>4.70</ItemPrice></item><item><PriceUpdateDate>2016-08-10 08:22:54</PriceUpdateDate><ItemCode>7290000469867</ItemCode><ItemType>1</ItemType><ItemName>טחינה אחלה 500 גרם</ItemName><ManufacturerName>אחלה</ManufacturerName><ManufactureCountry>ישראל</ManufactureCountry><ManufacturerItemDescription>טחינה משומשום מלא 500 גרם</ManufacturerItemDescription><SoldByWeight/><Quantity>500.00</Quantity><UnitOfMeasure>גרם     </UnitOfMeasure><QtyInPackage>לא ידוע</QtyInPackage><UnitOfMeasurePrice>0.0344</UnitOfMeasurePrice><AllowDiscount>1</AllowDiscount><ItemStatus>1</ItemStatus><ItemPrice>17.20</ItemPrice></item><item><PriceUpdateDate>2016-08-10 08:22:54</PriceUpdateDate><ItemCode>7290000469911</ItemCode><ItemType>1</ItemType><ItemName>שוקולד ספלנדיד מריר</ItemName><ManufacturerName>לא ידוע</ManufacturerName><ManufactureCountry>ישראל</ManufactureCountry><ManufacturerItemDescription>שוקולד ספלנדיד מריר</ManufacturerItemDescription><SoldByWeight/><Quantity>100.00</Quantity><UnitOfMeasure>גרם     </UnitOfMeasure><QtyInPackage>לא ידוע</QtyInPackage><UnitOfMeasurePrice>0.1190</UnitOfMeasurePrice><AllowDiscount>1</AllowDiscount><ItemStatus>1</ItemStatus><ItemPrice>11.90</ItemPrice></item><item><PriceUpdateDate>2016-01-14 10:29:50</PriceUpdateDate><ItemCode>7290000470085</ItemCode><ItemType>1</ItemType><ItemName>מסטיק מאסט מלון ואבט</ItemName><ManufacturerName>מאסט</ManufacturerName><ManufactureCountry>ישראל</ManufactureCountry><ManufacturerItemDescription>מסטיק מאסט מלון ואבטיח</ManufacturerItemDescription><SoldByWeight/><Quantity>28.00</Quantity><UnitOfMeasure>גרם     </UnitOfMeasure><QtyInPackage>לא ידוע</QtyInPackage><UnitOfMeasurePrice>0.1607</UnitOfMeasurePrice><AllowDiscount>1</AllowDiscount><ItemStatus>1</ItemStatus><ItemPrice>4.50</ItemPrice></item><item><PriceUpdateDate>2016-08-10 08:22:54</PriceUpdateDate><ItemCode>7290000470115</ItemCode><ItemType>1</ItemType><ItemName>חטיף תפוציפס קידס 45</ItemName><ManufacturerName>תפוצ'יפס</ManufacturerName><ManufactureCountry>ישראל</ManufactureCountry><ManufacturerItemDescription>חטיף תפוציפס קידס 45</ManufacturerItemDescription><SoldByWeight/><Quantity>45.00</Quantity><UnitOfMeasure>גרם     </UnitOfMeasure><QtyInPackage>לא ידוע</QtyInPackage><UnitOfMeasurePrice>0.0756</UnitOfMeasurePrice><AllowDiscount>1</AllowDiscount><ItemStatus>1</ItemStatus><ItemPrice>3.40</ItemPrice></item><item><PriceUpdateDate>2016-02-18 11:10:32</PriceUpdateDate><ItemCode>7290000470283</ItemCode><ItemType>1</ItemType><ItemName>מארז שמינייה דני וני</ItemName><ManufacturerName>דני</ManufacturerName><ManufactureCountry>ישראל</ManufactureCountry><ManufacturerItemDescription>מארז שמינייה דני וני</ManufacturerItemDescription><SoldByWeight/><Quantity>1000.00</Quantity><UnitOfMeasure>גרם     </UnitOfMeasure><QtyInPackage>לא ידוע</QtyInPackage><UnitOfMeasurePrice>0.0169</UnitOfMeasurePrice><AllowDiscount>1</AllowDiscount><ItemStatus>1</ItemStatus><ItemPrice>16.90</ItemPrice></item><item><PriceUpdateDate>2016-06-28 09:28:17</PriceUpdateDate><ItemCode>7290000470511</ItemCode><ItemType>1</ItemType><ItemName>תפוצ'יפס שמנת בצל 20</ItemName><ManufacturerName>תפוצ'יפס</ManufacturerName><ManufactureCountry>ישראל</ManufactureCountry><ManufacturerItemDescription>תפוציפס שמנת בצל 200 גרם</ManufacturerItemDescription><SoldByWeight/><Quantity>200.00</Quantity><UnitOfMeasure>גרם     </UnitOfMeasure><QtyInPackage>לא ידוע</QtyInPackage><UnitOfMeasurePrice>0.0610</UnitOfMeasurePrice><AllowDiscount>1</AllowDiscount><ItemStatus>1</ItemStatus><ItemPrice>12.20</ItemPrice></item><item><PriceUpdateDate>2016-02-11 08:21:14</PriceUpdateDate><ItemCode>7290000472010</ItemCode><ItemType>1</ItemType><ItemName>ביצים 12 יחידות גודל</ItemName><ManufacturerName>רמות השבים</ManufacturerName><ManufactureCountry>ישראל</ManufactureCountry><ManufacturerItemDescription>ביצים 12 יחידות גודל</ManufacturerItemDescription><SoldByWeight/><Quantity>14.00</Quantity><UnitOfMeasure>בודד</UnitOfMeasure><QtyInPackage>לא ידוע</QtyInPackage><UnitOfMeasurePrice>0.8179</UnitOfMeasurePrice><AllowDiscount>1</AllowDiscount><ItemStatus>1</ItemStatus><ItemPrice>11.45</ItemPrice></item><item><PriceUpdateDate>2016-03-29 07:02:38</PriceUpdateDate><ItemCode>7290000472331</ItemCode><ItemType>1</ItemType><ItemName>שוקולד קוטדור 70% קק</ItemName><ManufacturerName>קוטדור</ManufacturerName><ManufactureCountry>בלגיה</ManufactureCountry><ManufacturerItemDescription>שוקולד קוטדור   קאו100גר</ManufacturerItemDescription><SoldByWeight/><Quantity>100.00</Quantity><UnitOfMeasure>גרם     </UnitOfMeasure><QtyInPackage>לא ידוע</QtyInPackage><UnitOfMeasurePrice>0.1490</UnitOfMeasurePrice><AllowDiscount>1</AllowDiscount><ItemStatus>1</ItemStatus><ItemPrice>14.90</ItemPrice></item><item><PriceUpdateDate>2016-03-29 07:02:38</PriceUpdateDate><ItemCode>7290000472355</ItemCode><ItemType>1</ItemType><ItemName>שוקולד קוטדור 86% קק</ItemName><ManufacturerName>קוטדור</ManufacturerName><ManufactureCountry>בלגיה</ManufactureCountry><ManufacturerItemDescription>שוקולד קוטדור   קאו100גר</ManufacturerItemDescription><SoldByWeight/><Quantity>100.00</Quantity><UnitOfMeasure>גרם     </UnitOfMeasure><QtyInPackage>לא ידוע</QtyInPackage><UnitOfMeasurePrice>0.1490</UnitOfMeasurePrice><AllowDiscount>1</AllowDiscount><ItemStatus>1</ItemStatus><ItemPrice>14.90</ItemPrice></item><item><PriceUpdateDate>2016-06-28 09:28:18</PriceUpdateDate><ItemCode>7290000472492</ItemCode><ItemType>1</ItemType><ItemName>דאו' AI קליר ג'ל 70</ItemName><ManufacturerName>APDO</ManufacturerName><ManufactureCountry>ישראל</ManufactureCountry><ManufacturerItemDescription>דאו.קליר ג'ל     70 מ"ל</ManufacturerItemDescription><SoldByWeight/><Quantity>70.00</Quantity><UnitOfMeasure>מ"ל</UnitOfMeasure><QtyInPackage>לא ידוע</QtyInPackage><UnitOfMeasurePrice>0.4843</UnitOfMeasurePrice><AllowDiscount>1</AllowDiscount><ItemStatus>1</ItemStatus><ItemPrice>33.90</ItemPrice></item><item><PriceUpdateDate>2016-07-18 12:07:16</PriceUpdateDate><ItemCode>7290000472737</ItemCode><ItemType>1</ItemType><ItemName>וופלים פטיסרי אגוזים</ItemName><ManufacturerName>לא ממותג</ManufacturerName><ManufactureCountry>איטליה</ManufactureCountry><ManufacturerItemDescription>ופל גרנד פטיסרי אגוזים100</ManufacturerItemDescription><SoldByWeight/><Quantity>100.00</Quantity><UnitOfMeasure>גרם     </UnitOfMeasure><QtyInPackage>לא ידוע</QtyInPackage><UnitOfMeasurePrice>0.1490</UnitOfMeasurePrice><AllowDiscount>1</AllowDiscount><ItemStatus>1</ItemStatus><ItemPrice>14.90</ItemPrice></item><item><PriceUpdateDate>2016-07-18 12:07:16</PriceUpdateDate><ItemCode>7290000472744</ItemCode><ItemType>1</ItemType><ItemName>וופלים פטיסרי קוקוס</ItemName><ManufacturerName>לואקר</ManufacturerName><ManufactureCountry>איטליה</ManufactureCountry><ManufacturerItemDescription>ופל גרנד פטיסרי קוקוס100</ManufacturerItemDescription><SoldByWeight/><Quantity>100.00</Quantity><UnitOfMeasure>גרם     </UnitOfMeasure><QtyInPackage>לא ידוע</QtyInPackage><UnitOfMeasurePrice>0.1490</UnitOfMeasurePrice><AllowDiscount>1</AllowDiscount><ItemStatus>1</ItemStatus><ItemPrice>14.90</ItemPrice></item><item><PriceUpdateDate>2016-06-28 09:28:18</PriceUpdateDate><ItemCode>7290000472751</ItemCode><ItemType>1</ItemType><ItemName>וופל לואקר קקאו 200</ItemName><ManufacturerName>לואקר</ManufacturerName><ManufactureCountry>אוסטריה</ManufactureCountry><ManufacturerItemDescription>וופל לואקר קקאו 200 גרם</ManufacturerItemDescription><SoldByWeight/><Quantity>200.00</Quantity><UnitOfMeasure>גרם     </UnitOfMeasure><QtyInPackage>לא ידוע</QtyInPackage><UnitOfMeasurePrice>0.0745</UnitOfMeasurePrice><AllowDiscount>1</AllowDiscount><ItemStatus>1</ItemStatus><ItemPrice>14.90</ItemPrice></item><item><PriceUpdateDate>2016-06-28 09:28:18</PriceUpdateDate><ItemCode>7290000472768</ItemCode><ItemType>1</ItemType><ItemName>וופל לואקר וניל 200</ItemName><ManufacturerName>לואקר</ManufacturerName><ManufactureCountry>אוסטריה</ManufactureCountry><ManufacturerItemDescription>וופל+קרם וניל לואקר 200 ג</ManufacturerItemDescription><SoldByWeight/><Quantity>200.00</Quantity><UnitOfMeasure>גרם     </UnitOfMeasure><QtyInPackage>לא ידוע</QtyInPackage><UnitOfMeasurePrice>0.0745</UnitOfMeasurePrice><AllowDiscount>1</AllowDiscount><ItemStatus>1</ItemStatus><ItemPrice>14.90</ItemPrice></item><item><PriceUpdateDate>2016-05-01 08:19:01</PriceUpdateDate><ItemCode>7290000472799</ItemCode><ItemType>1</ItemType><ItemName>וופל קואדרטיני אגוז</ItemName><ManufacturerName>לואקר</ManufacturerName><ManufactureCountry>אוסטריה</ManufactureCountry><ManufacturerItemDescription>ופל קואדרטיני   אגוז250ג</ManufacturerItemDescription><SoldByWeight/><Quantity>250.00</Quantity><UnitOfMeasure>גרם     </UnitOfMeasure><QtyInPackage>לא ידוע</QtyInPackage><UnitOfMeasurePrice>0.0556</UnitOfMeasurePrice><AllowDiscount>1</AllowDiscount><ItemStatus>1</ItemStatus><ItemPrice>13.90</ItemPrice></item><item><PriceUpdateDate>2016-02-16 20:38:15</PriceUpdateDate><ItemCode>7290000472829</ItemCode><ItemType>1</ItemType><ItemName>וופל גרדנה 200 גרם</ItemName><ManufacturerName>לואקר</ManufacturerName><ManufactureCountry>איטליה</ManufactureCountry><ManufacturerItemDescription>חטיפי ביס גו פיטננה132גר</ManufacturerItemDescription><SoldByWeight/><Quantity>200.00</Quantity><UnitOfMeasure>גרם     </UnitOfMeasure><QtyInPackage>לא ידוע</QtyInPackage><UnitOfMeasurePrice>0.0795</UnitOfMeasurePrice><AllowDiscount>1</AllowDiscount><ItemStatus>1</ItemStatus><ItemPrice>15.90</ItemPrice></item><item><PriceUpdateDate>2016-06-28 09:30:26</PriceUpdateDate><ItemCode>7290000472881</ItemCode><ItemType>1</ItemType><ItemName>קינדר הפי היפו חמישי</ItemName><ManufacturerName>לא ידוע</ManufacturerName><ManufactureCountry>איטליה</ManufactureCountry><ManufacturerItemDescription>חטיפי ביס גו פיט132 גרם</ManufacturerItemDescription><SoldByWeight/><Quantity>0.00</Quantity><UnitOfMeasure>יח'</UnitOfMeasure><QtyInPackage>לא ידוע</QtyInPackage><UnitOfMeasurePrice>0.0000</UnitOfMeasurePrice><AllowDiscount>1</AllowDiscount><ItemStatus>1</ItemStatus><ItemPrice>15.90</ItemPrice></item><item><PriceUpdateDate>2016-05-31 07:01:15</PriceUpdateDate><ItemCode>7290000472928</ItemCode><ItemType>1</ItemType><ItemName>מאגדת קינדר בואנו חל</ItemName><ManufacturerName>קינדר בואנו</ManufacturerName><ManufactureCountry>פולין</ManufactureCountry><ManufacturerItemDescription>דגנים גו פיט    וזי לוז</ManufacturerItemDescription><SoldByWeight/><Quantity>129.00</Quantity><UnitOfMeasure>גרם     </UnitOfMeasure><QtyInPackage>לא ידוע</QtyInPackage><UnitOfMeasurePrice>0.0969</UnitOfMeasurePrice><AllowDiscount>1</AllowDiscount><ItemStatus>1</ItemStatus><ItemPrice>12.50</ItemPrice></item><item><PriceUpdateDate>2016-06-28 09:30:26</PriceUpdateDate><ItemCode>7290000472973</ItemCode><ItemType>1</ItemType><ItemName>אצבעות שוקולד קינדר</ItemName><ManufacturerName>קינדר</ManufacturerName><ManufactureCountry>איטליה</ManufactureCountry><ManufacturerItemDescription>דגנים גו פיט    וקוס340ג</ManufacturerItemDescription><SoldByWeight/><Quantity>200.00</Quantity><UnitOfMeasure>גרם     </UnitOfMeasure><QtyInPackage>לא ידוע</QtyInPackage><UnitOfMeasurePrice>0.0795</UnitOfMeasurePrice><AllowDiscount>1</AllowDiscount><ItemStatus>1</ItemStatus><ItemPrice>15.90</ItemPrice></item><item><PriceUpdateDate>2016-05-31 07:01:15</PriceUpdateDate><ItemCode>7290000473000</ItemCode><ItemType>1</ItemType><ItemName>סבון מוצק דאב רביעיי</ItemName><ManufacturerName>דאב</ManufacturerName><ManufactureCountry>ישראל</ManufactureCountry><ManufacturerItemDescription>סבון מוצק דאב רביעיי</ManufacturerItemDescription><SoldByWeight/><Quantity>400.00</Quantity><UnitOfMeasure>גרם     </UnitOfMeasure><QtyInPackage>לא ידוע</QtyInPackage><UnitOfMeasurePrice>0.0398</UnitOfMeasurePrice><AllowDiscount>1</AllowDiscount><ItemStatus>1</ItemStatus><ItemPrice>15.90</ItemPrice></item><item><PriceUpdateDate>2016-05-31 06:53:52</PriceUpdateDate><ItemCode>7290000473390</ItemCode><ItemType>1</ItemType><ItemName>קפה ג'יקובס גולד 200</ItemName><ManufacturerName>ג'יקובס</ManufacturerName><ManufactureCountry>גרמניה</ManufactureCountry><ManufacturerItemDescription>משחת קולגייט    ף+הלבנ75</ManufacturerItemDescription><SoldByWeight/><Quantity>200.00</Quantity><UnitOfMeasure>גרם     </UnitOfMeasure><QtyInPackage>לא ידוע</QtyInPackage><UnitOfMeasurePrice>0.1495</UnitOfMeasurePrice><AllowDiscount>1</AllowDiscount><ItemStatus>1</ItemStatus><ItemPrice>29.90</ItemPrice></item><item><PriceUpdateDate>2016-05-31 06:53:52</PriceUpdateDate><ItemCode>7290000473420</ItemCode><ItemType>1</ItemType><ItemName>שמפו דאב לשיער צבוע</ItemName><ManufacturerName>דאב</ManufacturerName><ManufactureCountry>ישראל</ManufactureCountry><ManufacturerItemDescription>שמפו דאב לשיער צבוע</ManufacturerItemDescription><SoldByWeight/><Quantity>400.00</Quantity><UnitOfMeasure>מ"ל</UnitOfMeasure><QtyInPackage>לא ידוע</QtyInPackage><UnitOfMeasurePrice>0.0485</UnitOfMeasurePrice><AllowDiscount>1</AllowDiscount><ItemStatus>1</ItemStatus><ItemPrice>19.40</ItemPrice></item><item><PriceUpdateDate>2016-05-31 06:53:52</PriceUpdateDate><ItemCode>7290000473468</ItemCode><ItemType>1</ItemType><ItemName>מרכך דאב 400 מ''ל לש</ItemName><ManufacturerName>דאב</ManufacturerName><ManufactureCountry>ישראל</ManufactureCountry><ManufacturerItemDescription>מרכך דאב 400 מ''ל לש</ManufacturerItemDescription><SoldByWeight/><Quantity>400.00</Quantity><UnitOfMeasure>מ"ל</UnitOfMeasure><QtyInPackage>לא ידוע</QtyInPackage><UnitOfMeasurePrice>0.0485</UnitOfMeasurePrice><AllowDiscount>1</AllowDiscount><ItemStatus>1</ItemStatus><ItemPrice>19.40</ItemPrice></item><item><PriceUpdateDate>2015-11-17 14:06:32</PriceUpdateDate><ItemCode>7290000473611</ItemCode><ItemType>1</ItemType><ItemName>תה ליפטון ארל גריי 1</ItemName><ManufacturerName>ליפטון</ManufacturerName><ManufactureCountry>ישראל</ManufactureCountry><ManufacturerItemDescription>תה ליפטון ארל גריי 1</ManufacturerItemDescription><SoldByWeight/><Quantity>200.00</Quantity><UnitOfMeasure>גרם     </UnitOfMeasure><QtyInPackage>לא ידוע</QtyInPackage><UnitOfMeasurePrice>0.1525</UnitOfMeasurePrice><AllowDiscount>1</AllowDiscount><ItemStatus>1</ItemStatus><ItemPrice>30.50</ItemPrice></item><item><PriceUpdateDate>2016-05-31 07:01:15</PriceUpdateDate><ItemCode>7290000473802</ItemCode><ItemType>1</ItemType><ItemName>דאו' ספריי אקס שוק 1</ItemName><ManufacturerName>אקס</ManufacturerName><ManufactureCountry>גרמניה</ManufactureCountry><ManufacturerItemDescription>דאודורנט אקס    15 מ"ל</ManufacturerItemDescription><SoldByWeight/><Quantity>150.00</Quantity><UnitOfMeasure>מ"ל</UnitOfMeasure><QtyInPackage>לא ידוע</QtyInPackage><UnitOfMeasurePrice>0.1060</UnitOfMeasurePrice><AllowDiscount>1</AllowDiscount><ItemStatus>1</ItemStatus><ItemPrice>15.90</ItemPrice></item><item><PriceUpdateDate>2015-10-07 18:21:54</PriceUpdateDate><ItemCode>7290000473888</ItemCode><ItemType>1</ItemType><ItemName>רכז רימון טהור 345 ג</ItemName><ManufacturerName>לא ידוע</ManufacturerName><ManufactureCountry>ישראל</ManufactureCountry><ManufacturerItemDescription>רוטב רימונים 345 גרם</ManufacturerItemDescription><SoldByWeight/><Quantity>346.00</Quantity><UnitOfMeasure>מ"ל</UnitOfMeasure><QtyInPackage>לא ידוע</QtyInPackage><UnitOfMeasurePrice>0.0543</UnitOfMeasurePrice><AllowDiscount>1</AllowDiscount><ItemStatus>1</ItemStatus><ItemPrice>18.80</ItemPrice></item><item><PriceUpdateDate>2016-02-11 08:21:16</PriceUpdateDate><ItemCode>7290000474021</ItemCode><ItemType>1</ItemType><ItemName>חלב טרה 3% בשקית 1 ל</ItemName><ManufacturerName>טרה</ManufacturerName><ManufactureCountry>ישראל</ManufactureCountry><ManufacturerItemDescription>חלב1 3% ל.שקית מהדרין פיק</ManufacturerItemDescription><SoldByWeight/><Quantity>1000.00</Quantity><UnitOfMeasure>מ"ל</UnitOfMeasure><QtyInPackage>לא ידוע</QtyInPackage><UnitOfMeasurePrice>0.0050</UnitOfMeasurePrice><AllowDiscount>1</AllowDiscount><ItemStatus>1</ItemStatus><ItemPrice>5.00</ItemPrice></item><item><PriceUpdateDate>2016-02-11 08:21:16</PriceUpdateDate><ItemCode>7290000474090</ItemCode><ItemType>1</ItemType><ItemName>חלב טרה 1% בקרטון 1</ItemName><ManufacturerName>טרה</ManufacturerName><ManufactureCountry>ישראל</ManufactureCountry><ManufacturerItemDescription>חלב1 1% ל.קרטון פיקוח</ManufacturerItemDescription><SoldByWeight/><Quantity>1000.00</Quantity><UnitOfMeasure>מ"ל</UnitOfMeasure><QtyInPackage>לא ידוע</QtyInPackage><UnitOfMeasurePrice>0.0054</UnitOfMeasurePrice><AllowDiscount>1</AllowDiscount><ItemStatus>1</ItemStatus><ItemPrice>5.40</ItemPrice></item><item><PriceUpdateDate>2016-02-11 08:21:16</PriceUpdateDate><ItemCode>7290000474373</ItemCode><ItemType>1</ItemType><ItemName>שמנת חמוצה 15% 200 מ</ItemName><ManufacturerName>טרה</ManufacturerName><ManufactureCountry>ישראל</ManufactureCountry><ManufacturerItemDescription>שמנת חמוצה 15% 200 מ</ManufacturerItemDescription><SoldByWeight/><Quantity>200.00</Quantity><UnitOfMeasure>מ"ל</UnitOfMeasure><QtyInPackage>לא ידוע</QtyInPackage><UnitOfMeasurePrice>0.0110</UnitOfMeasurePrice><AllowDiscount>1</AllowDiscount><ItemStatus>1</ItemStatus><ItemPrice>2.20</ItemPrice></item><item><PriceUpdateDate>2016-08-02 07:39:02</PriceUpdateDate><ItemCode>7290000474502</ItemCode><ItemType>1</ItemType><ItemName>מב גבינה לבנה 5% טרה</ItemName><ManufacturerName>טרה</ManufacturerName><ManufactureCountry>ישראל</ManufactureCountry><ManufacturerItemDescription>גבינה לבנה250 5% גר  פיקו</ManufacturerItemDescription><SoldByWeight/><Quantity>250.00</Quantity><UnitOfMeasure>גרם     </UnitOfMeasure><QtyInPackage>לא ידוע</QtyInPackage><UnitOfMeasurePrice>0.0176</UnitOfMeasurePrice><AllowDiscount>1</AllowDiscount><ItemStatus>1</ItemStatus><ItemPrice>4.40</ItemPrice></item><item><PriceUpdateDate>2015-10-11 20:34:12</PriceUpdateDate><ItemCode>7290000474540</ItemCode><ItemType>1</ItemType><ItemName>גבינה טוב טעם 3% 250</ItemName><ManufacturerName>טוב טעם -גבינה</ManufacturerName><ManufactureCountry>ישראל</ManufactureCountry><ManufacturerItemDescription>גבינה טוב טעם250 3% גר</ManufacturerItemDescription><SoldByWeight/><Quantity>250.00</Quantity><UnitOfMeasure>גרם     </UnitOfMeasure><QtyInPackage>לא ידוע</QtyInPackage><UnitOfMeasurePrice>0.0468</UnitOfMeasurePrice><AllowDiscount>1</AllowDiscount><ItemStatus>1</ItemStatus><ItemPrice>11.70</ItemPrice></item><item><PriceUpdateDate>2016-02-11 08:21:14</PriceUpdateDate><ItemCode>7290000474755</ItemCode><ItemType>1</ItemType><ItemName>חלב 3% בדץ בשקית 1 ל</ItemName><ManufacturerName>חלב תנובה</ManufacturerName><ManufactureCountry>ישראל</ManufactureCountry><ManufacturerItemDescription>חלב1 3% ל.שקית בדץ פיקוח</ManufacturerItemDescription><SoldByWeight/><Quantity>1000.00</Quantity><UnitOfMeasure>מ"ל</UnitOfMeasure><QtyInPackage>לא ידוע</QtyInPackage><UnitOfMeasurePrice>0.0050</UnitOfMeasurePrice><AllowDiscount>1</AllowDiscount><ItemStatus>1</ItemStatus><ItemPrice>5.00</ItemPrice></item><item><PriceUpdateDate>2016-05-31 07:01:15</PriceUpdateDate><ItemCode>7290000474779</ItemCode><ItemType>1</ItemType><ItemName>פתיתים אפויים 500 גר</ItemName><ManufacturerName>פסטה אסם</ManufacturerName><ManufactureCountry>ישראל</ManufactureCountry><ManufacturerItemDescription>פתיתים אפויים אורז500 גר</ManufacturerItemDescription><SoldByWeight/><Quantity>500.00</Quantity><UnitOfMeasure>גרם     </UnitOfMeasure><QtyInPackage>לא ידוע</QtyInPackage><UnitOfMeasurePrice>0.0118</UnitOfMeasurePrice><AllowDiscount>1</AllowDiscount><ItemStatus>1</ItemStatus><ItemPrice>5.90</ItemPrice></item><item><PriceUpdateDate>2016-05-31 07:01:15</PriceUpdateDate><ItemCode>7290000474793</ItemCode><ItemType>1</ItemType><ItemName>אטריות מובחר בינוני</ItemName><ManufacturerName>אסם</ManufacturerName><ManufactureCountry>ישראל</ManufactureCountry><ManufacturerItemDescription>אטריות מובחר בינוניות 400</ManufacturerItemDescription><SoldByWeight/><Quantity>400.00</Quantity><UnitOfMeasure>גרם     </UnitOfMeasure><QtyInPackage>לא ידוע</QtyInPackage><UnitOfMeasurePrice>0.0148</UnitOfMeasurePrice><AllowDiscount>1</AllowDiscount><ItemStatus>1</ItemStatus><ItemPrice>5.90</ItemPrice></item><item><PriceUpdateDate>2016-03-16 18:08:38</PriceUpdateDate><ItemCode>7290000474823</ItemCode><ItemType>1</ItemType><ItemName>חטיף ביסלי בצל 190 ג</ItemName><ManufacturerName>ביסלי</ManufacturerName><ManufactureCountry>ישראל</ManufactureCountry><ManufacturerItemDescription>ביסלי בצל 190 גר</ManufacturerItemDescription><SoldByWeight/><Quantity>190.00</Quantity><UnitOfMeasure>גרם     </UnitOfMeasure><QtyInPackage>לא ידוע</QtyInPackage><UnitOfMeasurePrice>0.0416</UnitOfMeasurePrice><AllowDiscount>1</AllowDiscount><ItemStatus>1</ItemStatus><ItemPrice>7.90</ItemPrice></item><item><PriceUpdateDate>2016-06-28 09:28:18</PriceUpdateDate><ItemCode>7290000475035</ItemCode><ItemType>1</ItemType><ItemName>רוטב קנור ברביקיו 30</ItemName><ManufacturerName>קנור</ManufacturerName><ManufactureCountry>ישראל</ManufactureCountry><ManufacturerItemDescription>רוטב קנור ברביקיו 30</ManufacturerItemDescription><SoldByWeight/><Quantity>300.00</Quantity><UnitOfMeasure>גרם     </UnitOfMeasure><QtyInPackage>לא ידוע</QtyInPackage><UnitOfMeasurePrice>0.0463</UnitOfMeasurePrice><AllowDiscount>1</AllowDiscount><ItemStatus>1</ItemStatus><ItemPrice>13.90</ItemPrice></item><item><PriceUpdateDate>2016-02-08 10:37:27</PriceUpdateDate><ItemCode>7290000475127</ItemCode><ItemType>1</ItemType><ItemName>מיונז הלמנס 394 גרם</ItemName><ManufacturerName>הלמנס</ManufacturerName><ManufactureCountry>ארצות הברית</ManufactureCountry><ManufacturerItemDescription>שוקולד מריר 60% קטה3*100</ManufacturerItemDescription><SoldByWeight/><Quantity>394.00</Quantity><UnitOfMeasure>גרם     </UnitOfMeasure><QtyInPackage>לא ידוע</QtyInPackage><UnitOfMeasurePrice>0.0378</UnitOfMeasurePrice><AllowDiscount>1</AllowDiscount><ItemStatus>1</ItemStatus><ItemPrice>14.90</ItemPrice></item><item><PriceUpdateDate>2016-06-28 09:28:18</PriceUpdateDate><ItemCode>7290000475141</ItemCode><ItemType>1</ItemType><ItemName>מון בלאן טעם שויצרי</ItemName><ManufacturerName>מון בלאן</ManufacturerName><ManufactureCountry>ישראל</ManufactureCountry><ManufacturerItemDescription>גבינה מותכת7%שומן-שוויצרי</ManufacturerItemDescription><SoldByWeight/><Quantity>120.00</Quantity><UnitOfMeasure>גרם     </UnitOfMeasure><QtyInPackage>לא ידוע</QtyInPackage><UnitOfMeasurePrice>0.1033</UnitOfMeasurePrice><AllowDiscount>1</AllowDiscount><ItemStatus>1</ItemStatus><ItemPrice>12.40</ItemPrice></item><item><PriceUpdateDate>2016-06-28 09:28:19</PriceUpdateDate><ItemCode>7290000475158</ItemCode><ItemType>1</ItemType><ItemName>גבינה מון בלאן עם זי</ItemName><ManufacturerName>מון בלאן</ManufacturerName><ManufactureCountry>ישראל</ManufactureCountry><ManufacturerItemDescription>גבינה מותכת7%שומן עם זית</ManufacturerItemDescription><SoldByWeight/><Quantity>120.00</Quantity><UnitOfMeasure>גרם     </UnitOfMeasure><QtyInPackage>לא ידוע</QtyInPackage><UnitOfMeasurePrice>0.1075</UnitOfMeasurePrice><AllowDiscount>1</AllowDiscount><ItemStatus>1</ItemStatus><ItemPrice>12.90</ItemPrice></item><item><PriceUpdateDate>2016-06-28 09:28:19</PriceUpdateDate><ItemCode>7290000475165</ItemCode><ItemType>1</ItemType><ItemName>מון בלאן פיקנטי 120</ItemName><ManufacturerName>מון בלאן</ManufacturerName><ManufactureCountry>ישראל</ManufactureCountry><ManufacturerItemDescription>מון בלאן פיקנטי 120</ManufacturerItemDescription><SoldByWeight/><Quantity>120.00</Quantity><UnitOfMeasure>גרם     </UnitOfMeasure><QtyInPackage>לא ידוע</QtyInPackage><UnitOfMeasurePrice>0.1075</UnitOfMeasurePrice><AllowDiscount>1</AllowDiscount><ItemStatus>1</ItemStatus><ItemPrice>12.90</ItemPrice></item><item><PriceUpdateDate>2016-08-02 07:34:17</PriceUpdateDate><ItemCode>7290000475196</ItemCode><ItemType>1</ItemType><ItemName>קונפיטורה 778 תות שד</ItemName><ManufacturerName>778</ManufacturerName><ManufactureCountry>ישראל</ManufactureCountry><ManufacturerItemDescription>קונפיטורה 778 תות שד</ManufacturerItemDescription><SoldByWeight/><Quantity>285.00</Quantity><UnitOfMeasure>גרם     </UnitOfMeasure><QtyInPackage>לא ידוע</QtyInPackage><UnitOfMeasurePrice>0.0568</UnitOfMeasurePrice><AllowDiscount>1</AllowDiscount><ItemStatus>1</ItemStatus><ItemPrice>16.20</ItemPrice></item><item><PriceUpdateDate>2016-05-31 07:01:16</PriceUpdateDate><ItemCode>7290000475226</ItemCode><ItemType>1</ItemType><ItemName>פתית בצל 250 גרם</ItemName><ManufacturerName>פתית</ManufacturerName><ManufactureCountry>ישראל</ManufactureCountry><ManufacturerItemDescription>פתית בצל 250 גרם</ManufacturerItemDescription><SoldByWeight/><Quantity>250.00</Quantity><UnitOfMeasure>גרם     </UnitOfMeasure><QtyInPackage>לא ידוע</QtyInPackage><UnitOfMeasurePrice>0.0708</UnitOfMeasurePrice><AllowDiscount>1</AllowDiscount><ItemStatus>1</ItemStatus><ItemPrice>17.70</ItemPrice></item><item><PriceUpdateDate>2015-10-22 10:36:37</PriceUpdateDate><ItemCode>7290000475233</ItemCode><ItemType>1</ItemType><ItemName>סירופ אפיכל שוקולד 6</ItemName><ManufacturerName>אפיכל</ManufacturerName><ManufactureCountry>ישראל</ManufactureCountry><ManufacturerItemDescription>סירופ אפיכל שוקולד 6</ManufacturerItemDescription><SoldByWeight/><Quantity>600.00</Quantity><UnitOfMeasure>מ"ל</UnitOfMeasure><QtyInPackage>לא ידוע</QtyInPackage><UnitOfMeasurePrice>0.0320</UnitOfMeasurePrice><AllowDiscount>1</AllowDiscount><ItemStatus>1</ItemStatus><ItemPrice>19.20</ItemPrice></item><item><PriceUpdateDate>2015-10-22 10:36:37</PriceUpdateDate><ItemCode>7290000475240</ItemCode><ItemType>1</ItemType><ItemName>סירופ אפיכל מייפל 60</ItemName><ManufacturerName>אפיכל</ManufacturerName><ManufactureCountry>ישראל</ManufactureCountry><ManufacturerItemDescription>סירופ אפיכל מייפל 60</ManufacturerItemDescription><SoldByWeight/><Quantity>600.00</Quantity><UnitOfMeasure>מ"ל</UnitOfMeasure><QtyInPackage>לא ידוע</QtyInPackage><UnitOfMeasurePrice>0.0320</UnitOfMeasurePrice><AllowDiscount>1</AllowDiscount><ItemStatus>1</ItemStatus><ItemPrice>19.20</ItemPrice></item><item><PriceUpdateDate>2016-06-28 09:28:19</PriceUpdateDate><ItemCode>7290000475271</ItemCode><ItemType>1</ItemType><ItemName>רוטב קנור מקסיקני 30</ItemName><ManufacturerName>קנור</ManufacturerName><ManufactureCountry>ישראל</ManufactureCountry><ManufacturerItemDescription>רוטב קנור מקסיקני 30</ManufacturerItemDescription><SoldByWeight/><Quantity>300.00</Quantity><UnitOfMeasure>גרם     </UnitOfMeasure><QtyInPackage>לא ידוע</QtyInPackage><UnitOfMeasurePrice>0.0463</UnitOfMeasurePrice><AllowDiscount>1</AllowDiscount><ItemStatus>1</ItemStatus><ItemPrice>13.90</ItemPrice></item><item><PriceUpdateDate>2016-01-04 21:05:19</PriceUpdateDate><ItemCode>7290000475349</ItemCode><ItemType>1</ItemType><ItemName>מאגדת שלישיה חלב ורד</ItemName><ManufacturerName>ורד הגליל</ManufacturerName><ManufactureCountry>ישראל</ManufactureCountry><ManufacturerItemDescription>מאגדת שלישיה חלב ורד</ManufacturerItemDescription><SoldByWeight/><Quantity>300.00</Quantity><UnitOfMeasure>גרם     </UnitOfMeasure><QtyInPackage>לא ידוע</QtyInPackage><UnitOfMeasurePrice>0.0577</UnitOfMeasurePrice><AllowDiscount>1</AllowDiscount><ItemStatus>1</ItemStatus><ItemPrice>17.30</ItemPrice></item><item><PriceUpdateDate>2016-08-02 07:34:18</PriceUpdateDate><ItemCode>7290000475363</ItemCode><ItemType>1</ItemType><ItemName>קונפיטור 778 דובדבן</ItemName><ManufacturerName>778</ManufacturerName><ManufactureCountry>ישראל</ManufactureCountry><ManufacturerItemDescription>קונפיטור 778 דובדבן</ManufacturerItemDescription><SoldByWeight/><Quantity>330.00</Quantity><UnitOfMeasure>גרם     </UnitOfMeasure><QtyInPackage>לא ידוע</QtyInPackage><UnitOfMeasurePrice>0.0491</UnitOfMeasurePrice><AllowDiscount>1</AllowDiscount><ItemStatus>1</ItemStatus><ItemPrice>16.20</ItemPrice></item><item><PriceUpdateDate>2015-10-22 10:36:37</PriceUpdateDate><ItemCode>7290000475448</ItemCode><ItemType>1</ItemType><ItemName>סבון מוצק הוואי דאוד</ItemName><ManufacturerName>הוואי</ManufacturerName><ManufactureCountry>ישראל</ManufactureCountry><ManufacturerItemDescription>סבון הוואי מוצק לבן</ManufacturerItemDescription><SoldByWeight/><Quantity>400.00</Quantity><UnitOfMeasure>גרם     </UnitOfMeasure><QtyInPackage>לא ידוע</QtyInPackage><UnitOfMeasurePrice>0.0380</UnitOfMeasurePrice><AllowDiscount>1</AllowDiscount><ItemStatus>1</ItemStatus><ItemPrice>15.20</ItemPrice></item><item><PriceUpdateDate>2016-08-10 08:22:54</PriceUpdateDate><ItemCode>7290000475479</ItemCode><ItemType>1</ItemType><ItemName>נייר טואלט לילי טריו</ItemName><ManufacturerName>לילי</ManufacturerName><ManufactureCountry>ישראל</ManufactureCountry><ManufacturerItemDescription>לילי טריו 32 יחידות</ManufacturerItemDescription><SoldByWeight/><Quantity>535.00</Quantity><UnitOfMeasure>מטר</UnitOfMeasure><QtyInPackage>לא ידוע</QtyInPackage><UnitOfMeasurePrice>0.0933</UnitOfMeasurePrice><AllowDiscount>1</AllowDiscount><ItemStatus>1</ItemStatus><ItemPrice>49.90</ItemPrice></item><item><PriceUpdateDate>2016-01-05 09:20:02</PriceUpdateDate><ItemCode>7290000475493</ItemCode><ItemType>1</ItemType><ItemName>מב מגבת נייר ניקול ש</ItemName><ManufacturerName>ניקול</ManufacturerName><ManufactureCountry>ישראל</ManufactureCountry><ManufacturerItemDescription>מגבת נייר ניקול</ManufacturerItemDescription><SoldByWeight/><Quantity>6.00</Quantity><UnitOfMeasure>מטר</UnitOfMeasure><QtyInPackage>לא ידוע</QtyInPackage><UnitOfMeasurePrice>1.6500</UnitOfMeasurePrice><AllowDiscount>1</AllowDiscount><ItemStatus>1</ItemStatus><ItemPrice>9.90</ItemPrice></item><item><PriceUpdateDate>2016-05-01 08:19:02</PriceUpdateDate><ItemCode>7290000475516</ItemCode><ItemType>1</ItemType><ItemName>מב מארז שלישייה מגבו</ItemName><ManufacturerName>לילי</ManufacturerName><ManufactureCountry>ישראל</ManufactureCountry><ManufacturerItemDescription>מגבוני לילי צבעוני בניילו</ManufacturerItemDescription><SoldByWeight/><Quantity>0.00</Quantity><UnitOfMeasure>יח'</UnitOfMeasure><QtyInPackage>לא ידוע</QtyInPackage><UnitOfMeasurePrice>0.0000</UnitOfMeasurePrice><AllowDiscount>1</AllowDiscount><ItemStatus>1</ItemStatus><ItemPrice>8.90</ItemPrice></item><item><PriceUpdateDate>2015-10-22 10:36:37</PriceUpdateDate><ItemCode>7290000475530</ItemCode><ItemType>1</ItemType><ItemName>תחבושות נובה לי 28 י</ItemName><ManufacturerName>לא ידוע</ManufacturerName><ManufactureCountry>ישראל</ManufactureCountry><ManufacturerItemDescription>תחבושות נובה לי בודד 28 י</ManufacturerItemDescription><SoldByWeight/><Quantity>28.00</Quantity><UnitOfMeasure>בודד</UnitOfMeasure><QtyInPackage>לא ידוע</QtyInPackage><UnitOfMeasurePrice>0.4714</UnitOfMeasurePrice><AllowDiscount>1</AllowDiscount><ItemStatus>1</ItemStatus><ItemPrice>13.20</ItemPrice></item><item><PriceUpdateDate>2014-11-10 06:29:27</PriceUpdateDate><ItemCode>7290000475554</ItemCode><ItemType>1</ItemType><ItemName>תחבושת ליליסופר פלוס</ItemName><ManufacturerName>לילי</ManufacturerName><ManufactureCountry>ישראל</ManufactureCountry><ManufacturerItemDescription>תחבושת ליליסופר פלוס</ManufacturerItemDescription><SoldByWeight/><Quantity>16.00</Quantity><UnitOfMeasure>בודד</UnitOfMeasure><QtyInPackage>לא ידוע</QtyInPackage><UnitOfMeasurePrice>0.6312</UnitOfMeasurePrice><AllowDiscount>1</AllowDiscount><ItemStatus>1</ItemStatus><ItemPrice>10.10</ItemPrice></item><item><PriceUpdateDate>2016-05-01 08:12:53</PriceUpdateDate><ItemCode>7290000475653</ItemCode><ItemType>1</ItemType><ItemName>זוג רדיד אלומיניום ק</ItemName><ManufacturerName>ניקול</ManufacturerName><ManufactureCountry>ישראל</ManufactureCountry><ManufacturerItemDescription>רדיד אלומיניום 7.5*30 זוג</ManufacturerItemDescription><SoldByWeight/><Quantity>2.00</Quantity><UnitOfMeasure>יח'</UnitOfMeasure><QtyInPackage>לא ידוע</QtyInPackage><UnitOfMeasurePrice>5.4500</UnitOfMeasurePrice><AllowDiscount>1</AllowDiscount><ItemStatus>1</ItemStatus><ItemPrice>10.90</ItemPrice></item><item><PriceUpdateDate>2016-03-16 18:08:38</PriceUpdateDate><ItemCode>7290000475677</ItemCode><ItemType>1</ItemType><ItemName>סנדויצון ניקול זוגות</ItemName><ManufacturerName>ניקול</ManufacturerName><ManufactureCountry>ישראל</ManufactureCountry><ManufacturerItemDescription>שקיות סנדביצון 150 יח זוג</ManufacturerItemDescription><SoldByWeight/><Quantity>300.00</Quantity><UnitOfMeasure>בודד</UnitOfMeasure><QtyInPackage>לא ידוע</QtyInPackage><UnitOfMeasurePrice>0.0463</UnitOfMeasurePrice><AllowDiscount>1</AllowDiscount><ItemStatus>1</ItemStatus><ItemPrice>13.90</ItemPrice></item><item><PriceUpdateDate>2015-11-18 13:57:35</PriceUpdateDate><ItemCode>7290000475738</ItemCode><ItemType>1</ItemType><ItemName>כריות יפניות 2 ב-1 נ</ItemName><ManufacturerName>ניקול</ManufacturerName><ManufactureCountry>ישראל</ManufactureCountry><ManufacturerItemDescription>כרית יפנית עבה ניקול</ManufacturerItemDescription><SoldByWeight/><Quantity>0.00</Quantity><UnitOfMeasure>יח'</UnitOfMeasure><QtyInPackage>לא ידוע</QtyInPackage><UnitOfMeasurePrice>0.0000</UnitOfMeasurePrice><AllowDiscount>1</AllowDiscount><ItemStatus>1</ItemStatus><ItemPrice>16.30</ItemPrice></item><item><PriceUpdateDate>2016-05-01 08:19:02</PriceUpdateDate><ItemCode>7290000475745</ItemCode><ItemType>1</ItemType><ItemName>כרית יפנית שישייה ני</ItemName><ManufacturerName>ניקול</ManufacturerName><ManufactureCountry>ישראל</ManufactureCountry><ManufacturerItemDescription>כרית יפנית 2+4 ניקול</ManufacturerItemDescription><SoldByWeight/><Quantity>0.00</Quantity><UnitOfMeasure>יח'</UnitOfMeasure><QtyInPackage>לא ידוע</QtyInPackage><UnitOfMeasurePrice>0.0000</UnitOfMeasurePrice><AllowDiscount>1</AllowDiscount><ItemStatus>1</ItemStatus><ItemPrice>10.90</ItemPrice></item><item><PriceUpdateDate>2016-05-31 07:01:16</PriceUpdateDate><ItemCode>7290000475769</ItemCode><ItemType>1</ItemType><ItemName>בצק עלים מרודד 1 ק'ג</ItemName><ManufacturerName>מעדנות</ManufacturerName><ManufactureCountry>ישראל</ManufactureCountry><ManufacturerItemDescription>בצק עלים 1 קג</ManufacturerItemDescription><SoldByWeight/><Quantity>1000.00</Quantity><UnitOfMeasure>גרם     </UnitOfMeasure><QtyInPackage>לא ידוע</QtyInPackage><UnitOfMeasurePrice>0.0199</UnitOfMeasurePrice><AllowDiscount>1</AllowDiscount><ItemStatus>1</ItemStatus><ItemPrice>19.90</ItemPrice></item><item><PriceUpdateDate>2016-05-31 07:01:16</PriceUpdateDate><ItemCode>7290000475776</ItemCode><ItemType>1</ItemType><ItemName>בורקס גבינה 800 גרם</ItemName><ManufacturerName>מעדנות</ManufacturerName><ManufactureCountry>ישראל</ManufactureCountry><ManufacturerItemDescription>בורקס גבינה 800 גרם</ManufacturerItemDescription><SoldByWeight/><Quantity>800.00</Quantity><UnitOfMeasure>גרם     </UnitOfMeasure><QtyInPackage>לא ידוע</QtyInPackage><UnitOfMeasurePrice>0.0249</UnitOfMeasurePrice><AllowDiscount>1</AllowDiscount><ItemStatus>1</ItemStatus><ItemPrice>19.90</ItemPrice></item><item><PriceUpdateDate>2016-03-16 18:08:38</PriceUpdateDate><ItemCode>7290000475783</ItemCode><ItemType>1</ItemType><ItemName>שמפו הוואי לשיער צבו</ItemName><ManufacturerName>הוואי</ManufacturerName><ManufactureCountry>ישראל</ManufactureCountry><ManufacturerItemDescription>שמפו הוואי לשיער צבו</ManufacturerItemDescription><SoldByWeight/><Quantity>700.00</Quantity><UnitOfMeasure>מ"ל</UnitOfMeasure><QtyInPackage>לא ידוע</QtyInPackage><UnitOfMeasurePrice>0.0141</UnitOfMeasurePrice><AllowDiscount>0</AllowDiscount><ItemStatus>1</ItemStatus><ItemPrice>9.90</ItemPrice></item><item><PriceUpdateDate>2016-02-11 08:21:14</PriceUpdateDate><ItemCode>7290000476018</ItemCode><ItemType>1</ItemType><ItemName>חלב טרה 1% בקרטון 1</ItemName><ManufacturerName>טרה</ManufacturerName><ManufactureCountry>ישראל</ManufactureCountry><ManufacturerItemDescription>חלב1 1% ל.קרטון פיקוח</ManufacturerItemDescription><SoldByWeight/><Quantity>1000.00</Quantity><UnitOfMeasure>מ"ל</UnitOfMeasure><QtyInPackage>לא ידוע</QtyInPackage><UnitOfMeasurePrice>0.0054</UnitOfMeasurePrice><AllowDiscount>1</AllowDiscount><ItemStatus>1</ItemStatus><ItemPrice>5.40</ItemPrice></item><item><PriceUpdateDate>2016-08-02 07:38:17</PriceUpdateDate><ItemCode>7290000476087</ItemCode><ItemType>1</ItemType><ItemName>מב לה קט עוף 2.85 ק"</ItemName><ManufacturerName>לה קט</ManufacturerName><ManufactureCountry>ישראל</ManufactureCountry><ManufacturerItemDescription>לה קט טעם עוף 2.85 קג</ManufacturerItemDescription><SoldByWeight/><Quantity>2850.00</Quantity><UnitOfMeasure>גרם     </UnitOfMeasure><QtyInPackage>לא ידוע</QtyInPackage><UnitOfMeasurePrice>0.0175</UnitOfMeasurePrice><AllowDiscount>1</AllowDiscount><ItemStatus>1</ItemStatus><ItemPrice>49.90</ItemPrice></item><item><PriceUpdateDate>2015-10-11 20:33:46</PriceUpdateDate><ItemCode>7290000476148</ItemCode><ItemType>1</ItemType><ItemName>שום כתוש ביטון 250 ג</ItemName><ManufacturerName>תבליני ביטון יוחאי</ManufacturerName><ManufactureCountry>ישראל</ManufactureCountry><ManufacturerItemDescription>שום כתוש ביטון 250 ג</ManufacturerItemDescription><SoldByWeight/><Quantity>250.00</Quantity><UnitOfMeasure>גרם     </UnitOfMeasure><QtyInPackage>לא ידוע</QtyInPackage><UnitOfMeasurePrice>0.0648</UnitOfMeasurePrice><AllowDiscount>1</AllowDiscount><ItemStatus>1</ItemStatus><ItemPrice>16.20</ItemPrice></item><item><PriceUpdateDate>2015-12-01 12:34:10</PriceUpdateDate><ItemCode>7290000476605</ItemCode><ItemType>1</ItemType><ItemName>פיצה בודד עם זתים</ItemName><ManufacturerName>שלושת האופים</ManufacturerName><ManufactureCountry>ישראל</ManufactureCountry><ManufacturerItemDescription>פיצה בודד עם זתים</ManufacturerItemDescription><SoldByWeight/><Quantity>0.00</Quantity><UnitOfMeasure>יח'</UnitOfMeasure><QtyInPackage>לא ידוע</QtyInPackage><UnitOfMeasurePrice>0.0000</UnitOfMeasurePrice><AllowDiscount>1</AllowDiscount><ItemStatus>1</ItemStatus><ItemPrice>2.50</ItemPrice></item><item><PriceUpdateDate>2016-05-01 08:12:53</PriceUpdateDate><ItemCode>7290000476841</ItemCode><ItemType>1</ItemType><ItemName>סיף פנטסטיק לרצפות 4</ItemName><ManufacturerName>סיף-פנטסטיק</ManufacturerName><ManufactureCountry>ישראל</ManufactureCountry><ManufacturerItemDescription>סיף פנטסטיק לרצפות 4</ManufacturerItemDescription><SoldByWeight/><Quantity>4000.00</Quantity><UnitOfMeasure>מ"ל</UnitOfMeasure><QtyInPackage>לא ידוע</QtyInPackage><UnitOfMeasurePrice>0.0060</UnitOfMeasurePrice><AllowDiscount>1</AllowDiscount><ItemStatus>1</ItemStatus><ItemPrice>24.00</ItemPrice></item><item><PriceUpdateDate>2016-06-28 09:28:19</PriceUpdateDate><ItemCode>7290000476872</ItemCode><ItemType>1</ItemType><ItemName>קבב מזרחי טירת צבי 4</ItemName><ManufacturerName>טירת צבי</ManufacturerName><ManufactureCountry>ישראל</ManufactureCountry><ManufacturerItemDescription>קבב מזרחי טירת צבי 4</ManufacturerItemDescription><SoldByWeight/><Quantity>450.00</Quantity><UnitOfMeasure>גרם     </UnitOfMeasure><QtyInPackage>לא ידוע</QtyInPackage><UnitOfMeasurePrice>0.0527</UnitOfMeasurePrice><AllowDiscount>1</AllowDiscount><ItemStatus>1</ItemStatus><ItemPrice>23.70</ItemPrice></item><item><PriceUpdateDate>2015-11-17 14:08:21</PriceUpdateDate><ItemCode>7290000476926</ItemCode><ItemType>1</ItemType><ItemName>בוטן אמריקאי גת שקית</ItemName><ManufacturerName>ליימן חטיבת המותגים</ManufacturerName><ManufactureCountry>ישראל</ManufactureCountry><ManufacturerItemDescription>בוטן אמריקאי מצופה 200 גר</ManufacturerItemDescription><SoldByWeight/><Quantity>200.00</Quantity><UnitOfMeasure>גרם     </UnitOfMeasure><QtyInPackage>לא ידוע</QtyInPackage><UnitOfMeasurePrice>0.0380</UnitOfMeasurePrice><AllowDiscount>0</AllowDiscount><ItemStatus>1</ItemStatus><ItemPrice>7.60</ItemPrice></item><item><PriceUpdateDate>2015-11-18 13:57:35</PriceUpdateDate><ItemCode>7290000476964</ItemCode><ItemType>1</ItemType><ItemName>מוקה שקית 225 מ''ל</ItemName><ManufacturerName>יטבתה</ManufacturerName><ManufactureCountry>ישראל</ManufactureCountry><ManufacturerItemDescription>מוקה שקית 225 מ''ל</ManufacturerItemDescription><SoldByWeight/><Quantity>225.00</Quantity><UnitOfMeasure>מ"ל</UnitOfMeasure><QtyInPackage>לא ידוע</QtyInPackage><UnitOfMeasurePrice>0.0124</UnitOfMeasurePrice><AllowDiscount>1</AllowDiscount><ItemStatus>1</ItemStatus><ItemPrice>2.80</ItemPrice></item><item><PriceUpdateDate>2016-08-02 07:34:18</PriceUpdateDate><ItemCode>7290000476995</ItemCode><ItemType>1</ItemType><ItemName>משקה בננה יטבתה 1 לי</ItemName><ManufacturerName>יטבתה</ManufacturerName><ManufactureCountry>ישראל</ManufactureCountry><ManufacturerItemDescription>משקה חלב בננה 1  ליטר בקב</ManufacturerItemDescription><SoldByWeight/><Quantity>1000.00</Quantity><UnitOfMeasure>מ"ל</UnitOfMeasure><QtyInPackage>לא ידוע</QtyInPackage><UnitOfMeasurePrice>0.0119</UnitOfMeasurePrice><AllowDiscount>1</AllowDiscount><ItemStatus>1</ItemStatus><ItemPrice>11.90</ItemPrice></item><item><PriceUpdateDate>2016-08-02 07:34:18</PriceUpdateDate><ItemCode>7290000477008</ItemCode><ItemType>1</ItemType><ItemName>אייס קפה יטבתה 1 ליט</ItemName><ManufacturerName>יטבתה</ManufacturerName><ManufactureCountry>ישראל</ManufactureCountry><ManufacturerItemDescription>קפה יטבתה 1 ליטר</ManufacturerItemDescription><SoldByWeight/><Quantity>1000.00</Quantity><UnitOfMeasure>מ"ל</UnitOfMeasure><QtyInPackage>לא ידוע</QtyInPackage><UnitOfMeasurePrice>0.0119</UnitOfMeasurePrice><AllowDiscount>1</AllowDiscount><ItemStatus>1</ItemStatus><ItemPrice>11.90</ItemPrice></item><item><PriceUpdateDate>2016-08-10 08:22:54</PriceUpdateDate><ItemCode>7290000477145</ItemCode><ItemType>1</ItemType><ItemName>גבינה צפתית מעודנת 5</ItemName><ManufacturerName>פיראוס</ManufacturerName><ManufactureCountry>ישראל</ManufactureCountry><ManufacturerItemDescription>פיראוס צפתית מעודנת 200 5</ManufacturerItemDescription><SoldByWeight/><Quantity>200.00</Quantity><UnitOfMeasure>גרם     </UnitOfMeasure><QtyInPackage>לא ידוע</QtyInPackage><UnitOfMeasurePrice>0.0815</UnitOfMeasurePrice><AllowDiscount>1</AllowDiscount><ItemStatus>1</ItemStatus><ItemPrice>16.30</ItemPrice></item><item><PriceUpdateDate>2015-10-11 20:33:47</PriceUpdateDate><ItemCode>7290000477176</ItemCode><ItemType>1</ItemType><ItemName>יופלה עם דגנים מצופי</ItemName><ManufacturerName>יופלה</ManufacturerName><ManufactureCountry>ישראל</ManufactureCountry><ManufacturerItemDescription>יופלה דגנים מצופים מכסה מ</ManufacturerItemDescription><SoldByWeight/><Quantity>167.00</Quantity><UnitOfMeasure>גרם     </UnitOfMeasure><QtyInPackage>לא ידוע</QtyInPackage><UnitOfMeasurePrice>0.0341</UnitOfMeasurePrice><AllowDiscount>1</AllowDiscount><ItemStatus>1</ItemStatus><ItemPrice>5.70</ItemPrice></item><item><PriceUpdateDate>2016-08-10 08:23:44</PriceUpdateDate><ItemCode>7290000477206</ItemCode><ItemType>1</ItemType><ItemName>מב גבינה לבנה 3% בד'</ItemName><ManufacturerName>גבינות תנובה</ManufacturerName><ManufactureCountry>ישראל</ManufactureCountry><ManufacturerItemDescription>מב גבינה לבנה 3% בד'</ManufacturerItemDescription><SoldByWeight/><Quantity>250.00</Quantity><UnitOfMeasure>גרם     </UnitOfMeasure><QtyInPackage>לא ידוע</QtyInPackage><UnitOfMeasurePrice>0.0160</UnitOfMeasurePrice><AllowDiscount>1</AllowDiscount><ItemStatus>1</ItemStatus><ItemPrice>4.00</ItemPrice></item><item><PriceUpdateDate>2015-10-22 10:38:15</PriceUpdateDate><ItemCode>7290000477251</ItemCode><ItemType>1</ItemType><ItemName>קצפת צמחית השף הלבן</ItemName><ManufacturerName>שף לבן</ManufacturerName><ManufactureCountry>ישראל</ManufactureCountry><ManufacturerItemDescription>קצפת צמחית השף הלבן 250 מ</ManufacturerItemDescription><SoldByWeight/><Quantity>250.00</Quantity><UnitOfMeasure>מ"ל</UnitOfMeasure><QtyInPackage>לא ידוע</QtyInPackage><UnitOfMeasurePrice>0.0396</UnitOfMeasurePrice><AllowDiscount>1</AllowDiscount><ItemStatus>1</ItemStatus><ItemPrice>9.90</ItemPrice></item><item><PriceUpdateDate>2016-05-31 06:53:53</PriceUpdateDate><ItemCode>7290000477275</ItemCode><ItemType>1</ItemType><ItemName>שוקו בננה תנובה 250</ItemName><ManufacturerName>שוק</ManufacturerName><ManufactureCountry>ישראל</ManufactureCountry><ManufacturerItemDescription>שוקו בננה תנובה 250</ManufacturerItemDescription><SoldByWeight/><Quantity>250.00</Quantity><UnitOfMeasure>מ"ל</UnitOfMeasure><QtyInPackage>לא ידוע</QtyInPackage><UnitOfMeasurePrice>0.0228</UnitOfMeasurePrice><AllowDiscount>1</AllowDiscount><ItemStatus>1</ItemStatus><ItemPrice>5.70</ItemPrice></item><item><PriceUpdateDate>2016-06-13 09:58:43</PriceUpdateDate><ItemCode>7290000477299</ItemCode><ItemType>1</ItemType><ItemName>יופלה מוקה 3% 150 גר</ItemName><ManufacturerName>יופלה</ManufacturerName><ManufactureCountry>ישראל</ManufactureCountry><ManufacturerItemDescription>יופלה מוקה 3% 150 גר</ManufacturerItemDescription><SoldByWeight/><Quantity>150.00</Quantity><UnitOfMeasure>גרם     </UnitOfMeasure><QtyInPackage>לא ידוע</QtyInPackage><UnitOfMeasurePrice>0.0327</UnitOfMeasurePrice><AllowDiscount>1</AllowDiscount><ItemStatus>1</ItemStatus><ItemPrice>4.90</ItemPrice></item><item><PriceUpdateDate>2015-10-11 20:33:47</PriceUpdateDate><ItemCode>7290000477305</ItemCode><ItemType>1</ItemType><ItemName>פרוסות עמק 5% פתיחה</ItemName><ManufacturerName>עמק</ManufacturerName><ManufactureCountry>ישראל</ManufactureCountry><ManufacturerItemDescription>גבינה עמק 5% פרוס פ.חוזרת</ManufacturerItemDescription><SoldByWeight/><Quantity>200.00</Quantity><UnitOfMeasure>גרם     </UnitOfMeasure><QtyInPackage>לא ידוע</QtyInPackage><UnitOfMeasurePrice>0.0890</UnitOfMeasurePrice><AllowDiscount>1</AllowDiscount><ItemStatus>1</ItemStatus><ItemPrice>17.80</ItemPrice></item><item><PriceUpdateDate>2015-10-11 20:33:47</PriceUpdateDate><ItemCode>7290000477312</ItemCode><ItemType>1</ItemType><ItemName>מעדן תנובה דיאט וניל</ItemName><ManufacturerName>מעדן תנובה</ManufacturerName><ManufactureCountry>ישראל</ManufactureCountry><ManufacturerItemDescription>מעדן דיאט וניל 150 גרם</ManufacturerItemDescription><SoldByWeight/><Quantity>150.00</Quantity><UnitOfMeasure>גרם     </UnitOfMeasure><QtyInPackage>לא ידוע</QtyInPackage><UnitOfMeasurePrice>0.0267</UnitOfMeasurePrice><AllowDiscount>1</AllowDiscount><ItemStatus>1</ItemStatus><ItemPrice>4.00</ItemPrice></item><item><PriceUpdateDate>2016-08-10 08:22:54</PriceUpdateDate><ItemCode>7290000477558</ItemCode><ItemType>1</ItemType><ItemName>סלט חציל קלוי במיונז</ItemName><ManufacturerName>אחלה</ManufacturerName><ManufactureCountry>ישראל</ManufactureCountry><ManufacturerItemDescription>סלט 500חציל קלוי במיונז א</ManufacturerItemDescription><SoldByWeight/><Quantity>500.00</Quantity><UnitOfMeasure>גרם     </UnitOfMeasure><QtyInPackage>לא ידוע</QtyInPackage><UnitOfMeasurePrice>0.0358</UnitOfMeasurePrice><AllowDiscount>1</AllowDiscount><ItemStatus>1</ItemStatus><ItemPrice>17.90</ItemPrice></item><item><PriceUpdateDate>2016-01-14 10:29:50</PriceUpdateDate><ItemCode>7290000477565</ItemCode><ItemType>1</ItemType><ItemName>מסטיק מאסט פטל לימון</ItemName><ManufacturerName>מאסט</ManufacturerName><ManufactureCountry>ישראל</ManufactureCountry><ManufacturerItemDescription>מסטיק מאסט פטל לימון</ManufacturerItemDescription><SoldByWeight/><Quantity>0.00</Quantity><UnitOfMeasure>יח'</UnitOfMeasure><QtyInPackage>לא ידוע</QtyInPackage><UnitOfMeasurePrice>0.0000</UnitOfMeasurePrice><AllowDiscount>1</AllowDiscount><ItemStatus>1</ItemStatus><ItemPrice>4.50</ItemPrice></item><item><PriceUpdateDate>2015-11-18 13:57:36</PriceUpdateDate><ItemCode>7290000477664</ItemCode><ItemType>1</ItemType><ItemName>מים סן בנדטו בודד 1.</ItemName><ManufacturerName>סאן בנדטו</ManufacturerName><ManufactureCountry>ישראל</ManufactureCountry><ManufacturerItemDescription>סן בנדטו מים מינרלים 1.5</ManufacturerItemDescription><SoldByWeight/><Quantity>1500.00</Quantity><UnitOfMeasure>מ"ל</UnitOfMeasure><QtyInPackage>לא ידוע</QtyInPackage><UnitOfMeasurePrice>0.0028</UnitOfMeasurePrice><AllowDiscount>1</AllowDiscount><ItemStatus>1</ItemStatus><ItemPrice>4.20</ItemPrice></item><item><PriceUpdateDate>2016-08-02 07:38:18</PriceUpdateDate><ItemCode>7290000477671</ItemCode><ItemType>1</ItemType><ItemName>מב מים סאן בנדטו שיש</ItemName><ManufacturerName>סאן בנדטו</ManufacturerName><ManufactureCountry>ישראל</ManufactureCountry><ManufacturerItemDescription>סן בנדטו1.5 ל 1/6מים מינר</ManufacturerItemDescription><SoldByWeight/><Quantity>9000.00</Quantity><UnitOfMeasure>מ"ל</UnitOfMeasure><QtyInPackage>לא ידוע</QtyInPackage><UnitOfMeasurePrice>0.0019</UnitOfMeasurePrice><AllowDiscount>1</AllowDiscount><ItemStatus>1</ItemStatus><ItemPrice>16.90</ItemPrice></item><item><PriceUpdateDate>2016-08-02 07:38:18</PriceUpdateDate><ItemCode>7290000477688</ItemCode><ItemType>1</ItemType><ItemName>מב מים סאן בנדטו מוג</ItemName><ManufacturerName>סאן בנדטו</ManufacturerName><ManufactureCountry>איטליה</ManufactureCountry><ManufacturerItemDescription>מי פה ליסטרין טוטל קר750</ManufacturerItemDescription><SoldByWeight/><Quantity>9000.00</Quantity><UnitOfMeasure>מ"ל</UnitOfMeasure><QtyInPackage>לא ידוע</QtyInPackage><UnitOfMeasurePrice>0.0019</UnitOfMeasurePrice><AllowDiscount>1</AllowDiscount><ItemStatus>1</ItemStatus><ItemPrice>16.90</ItemPrice></item><item><PriceUpdateDate>2016-06-28 09:28:19</PriceUpdateDate><ItemCode>7290000478050</ItemCode><ItemType>1</ItemType><ItemName>שקד טבעי שקית 200 גר</ItemName><ManufacturerName>ליימן חטיבת המותגים</ManufacturerName><ManufactureCountry>ישראל</ManufactureCountry><ManufacturerItemDescription>שקד טבעי 200 גרם</ManufacturerItemDescription><SoldByWeight/><Quantity>200.00</Quantity><UnitOfMeasure>גרם     </UnitOfMeasure><QtyInPackage>לא ידוע</QtyInPackage><UnitOfMeasurePrice>0.1135</UnitOfMeasurePrice><AllowDiscount>1</AllowDiscount><ItemStatus>1</ItemStatus><ItemPrice>22.70</ItemPrice></item><item><PriceUpdateDate>2016-05-31 07:01:17</PriceUpdateDate><ItemCode>7290000478180</ItemCode><ItemType>1</ItemType><ItemName>עוגת הבית שוקוצ'יפס</ItemName><ManufacturerName>עוגות הבית</ManufacturerName><ManufactureCountry>ישראל</ManufactureCountry><ManufacturerItemDescription>עוגת הבית שוקוציפס 400 גר</ManufacturerItemDescription><SoldByWeight/><Quantity>400.00</Quantity><UnitOfMeasure>גרם     </UnitOfMeasure><QtyInPackage>לא ידוע</QtyInPackage><UnitOfMeasurePrice>0.0273</UnitOfMeasurePrice><AllowDiscount>0</AllowDiscount><ItemStatus>1</ItemStatus><ItemPrice>10.90</ItemPrice></item><item><PriceUpdateDate>2016-05-31 06:53:53</PriceUpdateDate><ItemCode>7290000478654</ItemCode><ItemType>1</ItemType><ItemName>מטרנה חלבי שלב 2 700</ItemName><ManufacturerName>מטרנה</ManufacturerName><ManufactureCountry>ישראל</ManufactureCountry><ManufacturerItemDescription>מטרנה חלבי שלב 2 700</ManufacturerItemDescription><SoldByWeight/><Quantity>700.00</Quantity><UnitOfMeasure>גרם     </UnitOfMeasure><QtyInPackage>לא ידוע</QtyInPackage><UnitOfMeasurePrice>0.0784</UnitOfMeasurePrice><AllowDiscount>1</AllowDiscount><ItemStatus>1</ItemStatus><ItemPrice>54.90</ItemPrice></item><item><PriceUpdateDate>2016-03-16 18:08:38</PriceUpdateDate><ItemCode>7290000478661</ItemCode><ItemType>1</ItemType><ItemName>מטרנה מהדרין שלב 1 7</ItemName><ManufacturerName>מטרנה</ManufacturerName><ManufactureCountry>ישראל</ManufactureCountry><ManufacturerItemDescription>מטרנה מהדרין שלב 1 7</ManufacturerItemDescription><SoldByWeight/><Quantity>700.00</Quantity><UnitOfMeasure>גרם     </UnitOfMeasure><QtyInPackage>לא ידוע</QtyInPackage><UnitOfMeasurePrice>0.0741</UnitOfMeasurePrice><AllowDiscount>1</AllowDiscount><ItemStatus>1</ItemStatus><ItemPrice>51.90</ItemPrice></item><item><PriceUpdateDate>2016-06-28 09:28:19</PriceUpdateDate><ItemCode>7290000478739</ItemCode><ItemType>1</ItemType><ItemName>טחינה הנסיך 500 גרם</ItemName><ManufacturerName>הנסיך</ManufacturerName><ManufactureCountry>ישראל</ManufactureCountry><ManufacturerItemDescription>טחינה הנסיך 100% טהור 500</ManufacturerItemDescription><SoldByWeight/><Quantity>500.00</Quantity><UnitOfMeasure>גרם     </UnitOfMeasure><QtyInPackage>לא ידוע</QtyInPackage><UnitOfMeasurePrice>0.0338</UnitOfMeasurePrice><AllowDiscount>1</AllowDiscount><ItemStatus>1</ItemStatus><ItemPrice>16.90</ItemPrice></item><item><PriceUpdateDate>2016-05-31 06:53:53</PriceUpdateDate><ItemCode>7290000478807</ItemCode><ItemType>1</ItemType><ItemName>מיונז הלמנס אמיתי 78</ItemName><ManufacturerName>הלמנס</ManufacturerName><ManufactureCountry>ארצות הברית</ManufactureCountry><ManufacturerItemDescription>דאו.ספיד סטיק   סטיק 50</ManufacturerItemDescription><SoldByWeight/><Quantity>789.00</Quantity><UnitOfMeasure>גרם     </UnitOfMeasure><QtyInPackage>לא ידוע</QtyInPackage><UnitOfMeasurePrice>0.0341</UnitOfMeasurePrice><AllowDiscount>1</AllowDiscount><ItemStatus>1</ItemStatus><ItemPrice>26.90</ItemPrice></item><item><PriceUpdateDate>2016-08-10 08:22:54</PriceUpdateDate><ItemCode>7290000479682</ItemCode><ItemType>1</ItemType><ItemName>יוגורט פרופ פירות יע</ItemName><ManufacturerName>מולר</ManufacturerName><ManufactureCountry>ישראל</ManufactureCountry><ManufacturerItemDescription>פרופ פירות יער מולר 150</ManufacturerItemDescription><SoldByWeight/><Quantity>150.00</Quantity><UnitOfMeasure>מ"ל</UnitOfMeasure><QtyInPackage>לא ידוע</QtyInPackage><UnitOfMeasurePrice>0.0367</UnitOfMeasurePrice><AllowDiscount>1</AllowDiscount><ItemStatus>1</ItemStatus><ItemPrice>5.50</ItemPrice></item><item><PriceUpdateDate>2016-08-10 08:22:54</PriceUpdateDate><ItemCode>7290000479729</ItemCode><ItemType>1</ItemType><ItemName>תבור גבינה לאפיה 5%</ItemName><ManufacturerName>משק צוריאל</ManufacturerName><ManufactureCountry>ישראל</ManufactureCountry><ManufacturerItemDescription>תבור גבינה לאפיה 5%</ManufacturerItemDescription><SoldByWeight/><Quantity>500.00</Quantity><UnitOfMeasure>גרם     </UnitOfMeasure><QtyInPackage>לא ידוע</QtyInPackage><UnitOfMeasurePrice>0.0518</UnitOfMeasurePrice><AllowDiscount>1</AllowDiscount><ItemStatus>1</ItemStatus><ItemPrice>25.90</ItemPrice></item><item><PriceUpdateDate>2016-05-31 07:02:19</PriceUpdateDate><ItemCode>7290000480107</ItemCode><ItemType>1</ItemType><ItemName>קוואקר בפחית 500 גרם</ItemName><ManufacturerName>קוואקר אואטס</ManufacturerName><ManufactureCountry>ישראל</ManufactureCountry><ManufacturerItemDescription>קואקר שיבולת    500גרם</ManufacturerItemDescription><SoldByWeight/><Quantity>500.00</Quantity><UnitOfMeasure>גרם     </UnitOfMeasure><QtyInPackage>לא ידוע</QtyInPackage><UnitOfMeasurePrice>0.0278</UnitOfMeasurePrice><AllowDiscount>1</AllowDiscount><ItemStatus>1</ItemStatus><ItemPrice>13.90</ItemPrice></item><item><PriceUpdateDate>2016-08-10 08:22:54</PriceUpdateDate><ItemCode>7290000480206</ItemCode><ItemType>1</ItemType><ItemName>מארז חטיף צ'יטוס דול</ItemName><ManufacturerName>צ'יטוס</ManufacturerName><ManufactureCountry>ישראל</ManufactureCountry><ManufacturerItemDescription>מארז חטיף צ'יטוס דול</ManufacturerItemDescription><SoldByWeight/><Quantity>150.00</Quantity><UnitOfMeasure>גרם     </UnitOfMeasure><QtyInPackage>לא ידוע</QtyInPackage><UnitOfMeasurePrice>0.0867</UnitOfMeasurePrice><AllowDiscount>1</AllowDiscount><ItemStatus>1</ItemStatus><ItemPrice>13.00</ItemPrice></item><item><PriceUpdateDate>2016-08-10 08:22:55</PriceUpdateDate><ItemCode>7290000480244</ItemCode><ItemType>1</ItemType><ItemName>מולר מיקס פצפוצי שוק</ItemName><ManufacturerName>מולר</ManufacturerName><ManufactureCountry>ישראל</ManufactureCountry><ManufacturerItemDescription>יוגורט מולר מיקס פצפוצי ש</ManufacturerItemDescription><SoldByWeight/><Quantity>150.00</Quantity><UnitOfMeasure>גרם     </UnitOfMeasure><QtyInPackage>לא ידוע</QtyInPackage><UnitOfMeasurePrice>0.0420</UnitOfMeasurePrice><AllowDiscount>0</AllowDiscount><ItemStatus>1</ItemStatus><ItemPrice>6.30</ItemPrice></item><item><PriceUpdateDate>2015-10-22 10:36:38</PriceUpdateDate><ItemCode>7290000480619</ItemCode><ItemType>1</ItemType><ItemName>סבון מוצק הוואי שחור</ItemName><ManufacturerName>הוואי</ManufacturerName><ManufactureCountry>ישראל</ManufactureCountry><ManufacturerItemDescription>סבון הוואי מוצק שחור100</ManufacturerItemDescription><SoldByWeight/><Quantity>400.00</Quantity><UnitOfMeasure>גרם     </UnitOfMeasure><QtyInPackage>לא ידוע</QtyInPackage><UnitOfMeasurePrice>0.0380</UnitOfMeasurePrice><AllowDiscount>1</AllowDiscount><ItemStatus>1</ItemStatus><ItemPrice>15.20</ItemPrice></item><item><PriceUpdateDate>2016-01-20 08:02:04</PriceUpdateDate><ItemCode>7290000481883</ItemCode><ItemType>1</ItemType><ItemName>לחמניות אצבע 10 בשקי</ItemName><ManufacturerName>דגנית עין בר</ManufacturerName><ManufactureCountry>לא ידוע</ManufactureCountry><ManufacturerItemDescription>לחמניות אצבע 10 בשקי</ManufacturerItemDescription><SoldByWeight/><Quantity>750.00</Quantity><UnitOfMeasure>גרם     </UnitOfMeasure><QtyInPackage>לא ידוע</QtyInPackage><UnitOfMeasurePrice>0.0225</UnitOfMeasurePrice><AllowDiscount>1</AllowDiscount><ItemStatus>1</ItemStatus><ItemPrice>16.90</ItemPrice></item><item><PriceUpdateDate>2014-11-10 06:29:52</PriceUpdateDate><ItemCode>7290000481944</ItemCode><ItemType>1</ItemType><ItemName>לחם דגנים קל 500 גרם</ItemName><ManufacturerName>דגנית עין בר</ManufacturerName><ManufactureCountry>ישראל</ManufactureCountry><ManufacturerItemDescription>לחם דגנים קל 500 גרם</ManufacturerItemDescription><SoldByWeight/><Quantity>500.00</Quantity><UnitOfMeasure>גרם     </UnitOfMeasure><QtyInPackage>לא ידוע</QtyInPackage><UnitOfMeasurePrice>0.0354</UnitOfMeasurePrice><AllowDiscount>1</AllowDiscount><ItemStatus>1</ItemStatus><ItemPrice>17.70</ItemPrice></item><item><PriceUpdateDate>2016-08-02 07:38:19</PriceUpdateDate><ItemCode>7290000481999</ItemCode><ItemType>1</ItemType><ItemName>מב בייגלה טבעות מלח</ItemName><ManufacturerName>בייגלה אסם</ManufacturerName><ManufactureCountry>ישראל</ManufactureCountry><ManufacturerItemDescription>מב בייגלה טבעות מלח</ManufacturerItemDescription><SoldByWeight/><Quantity>300.00</Quantity><UnitOfMeasure>גרם     </UnitOfMeasure><QtyInPackage>לא ידוע</QtyInPackage><UnitOfMeasurePrice>0.0297</UnitOfMeasurePrice><AllowDiscount>1</AllowDiscount><ItemStatus>1</ItemStatus><ItemPrice>8.90</ItemPrice></item><item><PriceUpdateDate>2015-11-18 13:58:37</PriceUpdateDate><ItemCode>7290000482019</ItemCode><ItemType>1</ItemType><ItemName>שקיות קוקי 10 יח</ItemName><ManufacturerName>קוקי</ManufacturerName><ManufactureCountry>ישראל</ManufactureCountry><ManufacturerItemDescription>קוקי לצליה 10 שקיות</ManufacturerItemDescription><SoldByWeight/><Quantity>0.00</Quantity><UnitOfMeasure>יח'</UnitOfMeasure><QtyInPackage>לא ידוע</QtyInPackage><UnitOfMeasurePrice>0.0000</UnitOfMeasurePrice><AllowDiscount>1</AllowDiscount><ItemStatus>1</ItemStatus><ItemPrice>14.20</ItemPrice></item><item><PriceUpdateDate>2015-11-18 13:58:37</PriceUpdateDate><ItemCode>7290000482033</ItemCode><ItemType>1</ItemType><ItemName>שקיות קוקי 5  יח ענק</ItemName><ManufacturerName>קוקי</ManufacturerName><ManufactureCountry>ישראל</ManufactureCountry><ManufacturerItemDescription>שקיות קוקי 5  יח ענק</ManufacturerItemDescription><SoldByWeight/><Quantity>0.00</Quantity><UnitOfMeasure>יח'</UnitOfMeasure><QtyInPackage>לא ידוע</QtyInPackage><UnitOfMeasurePrice>0.0000</UnitOfMeasurePrice><AllowDiscount>1</AllowDiscount><ItemStatus>1</ItemStatus><ItemPrice>14.20</ItemPrice></item><item><PriceUpdateDate>2016-05-31 07:01:18</PriceUpdateDate><ItemCode>7290000482088</ItemCode><ItemType>1</ItemType><ItemName>עוגת הבית שיש אגוזים</ItemName><ManufacturerName>עוגות הבית</ManufacturerName><ManufactureCountry>ישראל</ManufactureCountry><ManufacturerItemDescription>עוגת הבית שיש אגוזים</ManufacturerItemDescription><SoldByWeight/><Quantity>380.00</Quantity><UnitOfMeasure>גרם     </UnitOfMeasure><QtyInPackage>לא ידוע</QtyInPackage><UnitOfMeasurePrice>0.0287</UnitOfMeasurePrice><AllowDiscount>0</AllowDiscount><ItemStatus>1</ItemStatus><ItemPrice>10.90</ItemPrice></item><item><PriceUpdateDate>2016-08-02 07:38:19</PriceUpdateDate><ItemCode>7290000482095</ItemCode><ItemType>1</ItemType><ItemName>מב בייגלה רשתות עם מ</ItemName><ManufacturerName>בייגלה אסם</ManufacturerName><ManufactureCountry>ישראל</ManufactureCountry><ManufacturerItemDescription>מב בייגלה רשתות עם מ</ManufacturerItemDescription><SoldByWeight/><Quantity>400.00</Quantity><UnitOfMeasure>גרם     </UnitOfMeasure><QtyInPackage>לא ידוע</QtyInPackage><UnitOfMeasurePrice>0.0223</UnitOfMeasurePrice><AllowDiscount>1</AllowDiscount><ItemStatus>1</ItemStatus><ItemPrice>8.90</ItemPrice></item><item><PriceUpdateDate>2016-05-31 07:01:18</PriceUpdateDate><ItemCode>7290000482156</ItemCode><ItemType>1</ItemType><ItemName>מאגדת קינדר בואנו לב</ItemName><ManufacturerName>קינדר</ManufacturerName><ManufactureCountry>פולין</ManufactureCountry><ManufacturerItemDescription>דגנים גו פיט     מריר340</ManufacturerItemDescription><SoldByWeight/><Quantity>129.00</Quantity><UnitOfMeasure>גרם     </UnitOfMeasure><QtyInPackage>לא ידוע</QtyInPackage><UnitOfMeasurePrice>0.0969</UnitOfMeasurePrice><AllowDiscount>0</AllowDiscount><ItemStatus>1</ItemStatus><ItemPrice>12.50</ItemPrice></item><item><PriceUpdateDate>2016-05-31 07:01:18</PriceUpdateDate><ItemCode>7290000482163</ItemCode><ItemType>1</ItemType><ItemName>חטיף אפרופו איטליאנו</ItemName><ManufacturerName>אפרופו</ManufacturerName><ManufactureCountry>ישראל</ManufactureCountry><ManufacturerItemDescription>אפרופו איטליאנו 50 גרם</ManufacturerItemDescription><SoldByWeight/><Quantity>50.00</Quantity><UnitOfMeasure>גרם     </UnitOfMeasure><QtyInPackage>לא ידוע</QtyInPackage><UnitOfMeasurePrice>0.0860</UnitOfMeasurePrice><AllowDiscount>1</AllowDiscount><ItemStatus>1</ItemStatus><ItemPrice>4.30</ItemPrice></item><item><PriceUpdateDate>2016-05-31 07:01:18</PriceUpdateDate><ItemCode>7290000482194</ItemCode><ItemType>1</ItemType><ItemName>דליפקאן בד"צ 400 גרם</ItemName><ManufacturerName>תלמה</ManufacturerName><ManufactureCountry>ישראל</ManufactureCountry><ManufacturerItemDescription>דליפקאן 400 גר בדץ</ManufacturerItemDescription><SoldByWeight/><Quantity>400.00</Quantity><UnitOfMeasure>גרם     </UnitOfMeasure><QtyInPackage>לא ידוע</QtyInPackage><UnitOfMeasurePrice>0.0497</UnitOfMeasurePrice><AllowDiscount>1</AllowDiscount><ItemStatus>1</ItemStatus><ItemPrice>19.90</ItemPrice></item><item><PriceUpdateDate>2014-11-10 06:29:39</PriceUpdateDate><ItemCode>7290000482323</ItemCode><ItemType>1</ItemType><ItemName>בייגלה דקים דקים מלח</ItemName><ManufacturerName>בייגל בייגל</ManufacturerName><ManufactureCountry>ישראל</ManufactureCountry><ManufacturerItemDescription>בייגלה דקים דקים מלח ים 6</ManufacturerItemDescription><SoldByWeight/><Quantity>60.00</Quantity><UnitOfMeasure>גרם     </UnitOfMeasure><QtyInPackage>לא ידוע</QtyInPackage><UnitOfMeasurePrice>0.0633</UnitOfMeasurePrice><AllowDiscount>1</AllowDiscount><ItemStatus>1</ItemStatus><ItemPrice>3.80</ItemPrice></item><item><PriceUpdateDate>2016-06-28 09:28:19</PriceUpdateDate><ItemCode>7290000482644</ItemCode><ItemType>1</ItemType><ItemName>שוקולד קינדר מקסי 21</ItemName><ManufacturerName>קינדר</ManufacturerName><ManufactureCountry>ישראל</ManufactureCountry><ManufacturerItemDescription>שוקולד קינדר מקסי 21</ManufacturerItemDescription><SoldByWeight/><Quantity>210.00</Quantity><UnitOfMeasure>גרם     </UnitOfMeasure><QtyInPackage>לא ידוע</QtyInPackage><UnitOfMeasurePrice>0.0881</UnitOfMeasurePrice><AllowDiscount>1</AllowDiscount><ItemStatus>1</ItemStatus><ItemPrice>18.50</ItemPrice></item><item><PriceUpdateDate>2016-08-02 07:34:18</PriceUpdateDate><ItemCode>7290000482675</ItemCode><ItemType>1</ItemType><ItemName>מב מארז חטיף דובונים</ItemName><ManufacturerName>אסם</ManufacturerName><ManufactureCountry>ישראל</ManufactureCountry><ManufacturerItemDescription>מב מארז חטיף דובונים</ManufacturerItemDescription><SoldByWeight/><Quantity>100.00</Quantity><UnitOfMeasure>גרם     </UnitOfMeasure><QtyInPackage>לא ידוע</QtyInPackage><UnitOfMeasurePrice>0.1190</UnitOfMeasurePrice><AllowDiscount>1</AllowDiscount><ItemStatus>1</ItemStatus><ItemPrice>11.90</ItemPrice></item><item><PriceUpdateDate>2016-05-01 08:12:54</PriceUpdateDate><ItemCode>7290000482712</ItemCode><ItemType>1</ItemType><ItemName>בייגלה דקים דקים שמנ</ItemName><ManufacturerName>בייגל בייגל</ManufacturerName><ManufactureCountry>ישראל</ManufactureCountry><ManufacturerItemDescription>בייגלה דקים דקים שמנת בצל</ManufacturerItemDescription><SoldByWeight/><Quantity>300.00</Quantity><UnitOfMeasure>גרם     </UnitOfMeasure><QtyInPackage>לא ידוע</QtyInPackage><UnitOfMeasurePrice>0.0440</UnitOfMeasurePrice><AllowDiscount>1</AllowDiscount><ItemStatus>1</ItemStatus><ItemPrice>13.20</ItemPrice></item><item><PriceUpdateDate>2015-11-18 13:57:37</PriceUpdateDate><ItemCode>7290000482897</ItemCode><ItemType>1</ItemType><ItemName>במבה קלאסי 200 גרם</ItemName><ManufacturerName>במבה</ManufacturerName><ManufactureCountry>ישראל</ManufactureCountry><ManufacturerItemDescription>במבה קלאסי 200 גרם</ManufacturerItemDescription><SoldByWeight/><Quantity>200.00</Quantity><UnitOfMeasure>גרם     </UnitOfMeasure><QtyInPackage>לא ידוע</QtyInPackage><UnitOfMeasurePrice>0.0560</UnitOfMeasurePrice><AllowDiscount>1</AllowDiscount><ItemStatus>1</ItemStatus><ItemPrice>11.20</ItemPrice></item><item><PriceUpdateDate>2016-08-10 08:22:55</PriceUpdateDate><ItemCode>7290000482910</ItemCode><ItemType>1</ItemType><ItemName>סוכריות וורטר'ס אורי</ItemName><ManufacturerName>וורטרס אורגינל-שטורק</ManufacturerName><ManufactureCountry>גרמניה</ManufactureCountry><ManufacturerItemDescription>גליליות וופל    ז/קקא150</ManufacturerItemDescription><SoldByWeight/><Quantity>80.00</Quantity><UnitOfMeasure>גרם     </UnitOfMeasure><QtyInPackage>לא ידוע</QtyInPackage><UnitOfMeasurePrice>0.1488</UnitOfMeasurePrice><AllowDiscount>1</AllowDiscount><ItemStatus>1</ItemStatus><ItemPrice>11.90</ItemPrice></item><item><PriceUpdateDate>2016-08-02 07:38:19</PriceUpdateDate><ItemCode>7290000483115</ItemCode><ItemType>1</ItemType><ItemName>מב אלפרו מעדן סויה ש</ItemName><ManufacturerName>אלפרו</ManufacturerName><ManufactureCountry>בלגיה</ManufactureCountry><ManufacturerItemDescription>מעדן סויה 4יח'  ולד125X4</ManufacturerItemDescription><SoldByWeight/><Quantity>500.00</Quantity><UnitOfMeasure>מ"ל</UnitOfMeasure><QtyInPackage>לא ידוע</QtyInPackage><UnitOfMeasurePrice>0.0318</UnitOfMeasurePrice><AllowDiscount>1</AllowDiscount><ItemStatus>1</ItemStatus><ItemPrice>15.90</ItemPrice></item><item><PriceUpdateDate>2016-08-10 08:22:55</PriceUpdateDate><ItemCode>7290000483238</ItemCode><ItemType>1</ItemType><ItemName>חמצוצים יוגטה בצורת</ItemName><ManufacturerName>יוגטה</ManufacturerName><ManufactureCountry>ישראל</ManufactureCountry><ManufacturerItemDescription>יוגטה ממתק חמוץ  קולה50ג</ManufacturerItemDescription><SoldByWeight/><Quantity>50.00</Quantity><UnitOfMeasure>גרם     </UnitOfMeasure><QtyInPackage>לא ידוע</QtyInPackage><UnitOfMeasurePrice>0.1160</UnitOfMeasurePrice><AllowDiscount>1</AllowDiscount><ItemStatus>1</ItemStatus><ItemPrice>5.80</ItemPrice></item><item><PriceUpdateDate>2016-05-31 06:53:54</PriceUpdateDate><ItemCode>7290000483344</ItemCode><ItemType>1</ItemType><ItemName>שוופס פרוט תפוחים 1.</ItemName><ManufacturerName>שוופס</ManufacturerName><ManufactureCountry>ישראל</ManufactureCountry><ManufacturerItemDescription>שוופס פירות תפוחים 1.5 לי</ManufacturerItemDescription><SoldByWeight/><Quantity>1500.00</Quantity><UnitOfMeasure>מ"ל</UnitOfMeasure><QtyInPackage>לא ידוע</QtyInPackage><UnitOfMeasurePrice>0.0053</UnitOfMeasurePrice><AllowDiscount>1</AllowDiscount><ItemStatus>1</ItemStatus><ItemPrice>7.90</ItemPrice></item><item><PriceUpdateDate>2016-08-10 08:22:55</PriceUpdateDate><ItemCode>7290000483443</ItemCode><ItemType>1</ItemType><ItemName>לחמית אגוזים 160 גרם</ItemName><ManufacturerName>לחמית</ManufacturerName><ManufactureCountry>ישראל</ManufactureCountry><ManufacturerItemDescription>לחמית אגוזים 160 גרם</ManufacturerItemDescription><SoldByWeight/><Quantity>160.00</Quantity><UnitOfMeasure>גרם     </UnitOfMeasure><QtyInPackage>לא ידוע</QtyInPackage><UnitOfMeasurePrice>0.0762</UnitOfMeasurePrice><AllowDiscount>1</AllowDiscount><ItemStatus>1</ItemStatus><ItemPrice>12.20</ItemPrice></item><item><PriceUpdateDate>2016-08-02 07:34:19</PriceUpdateDate><ItemCode>7290000483573</ItemCode><ItemType>1</ItemType><ItemName>בייגלה טבעות שומשום</ItemName><ManufacturerName>מאיר את בייגל</ManufacturerName><ManufactureCountry>ישראל</ManufactureCountry><ManufacturerItemDescription>בייגלה טבעות שומשום</ManufacturerItemDescription><SoldByWeight/><Quantity>330.00</Quantity><UnitOfMeasure>גרם     </UnitOfMeasure><QtyInPackage>לא ידוע</QtyInPackage><UnitOfMeasurePrice>0.0330</UnitOfMeasurePrice><AllowDiscount>0</AllowDiscount><ItemStatus>1</ItemStatus><ItemPrice>10.90</ItemPrice></item><item><PriceUpdateDate>2016-05-31 07:01:18</PriceUpdateDate><ItemCode>7290000483610</ItemCode><ItemType>1</ItemType><ItemName>מב פיצפוצית אורז ליי</ItemName><ManufacturerName>לא ממותג</ManufacturerName><ManufactureCountry>ישראל</ManufactureCountry><ManufacturerItemDescription>מב פיצפוצית אורז ליי</ManufacturerItemDescription><SoldByWeight/><Quantity>450.00</Quantity><UnitOfMeasure>גרם     </UnitOfMeasure><QtyInPackage>לא ידוע</QtyInPackage><UnitOfMeasurePrice>0.0287</UnitOfMeasurePrice><AllowDiscount>1</AllowDiscount><ItemStatus>1</ItemStatus><ItemPrice>12.90</ItemPrice></item><item><PriceUpdateDate>2016-08-10 08:22:55</PriceUpdateDate><ItemCode>7290000483757</ItemCode><ItemType>1</ItemType><ItemName>עוגת קרם וניל אגוזים</ItemName><ManufacturerName>עלית</ManufacturerName><ManufactureCountry>ישראל</ManufactureCountry><ManufacturerItemDescription>עוגת וניל קרם אגוזים 330</ManufacturerItemDescription><SoldByWeight/><Quantity>330.00</Quantity><UnitOfMeasure>גרם     </UnitOfMeasure><QtyInPackage>לא ידוע</QtyInPackage><UnitOfMeasurePrice>0.0539</UnitOfMeasurePrice><AllowDiscount>1</AllowDiscount><ItemStatus>1</ItemStatus><ItemPrice>17.80</ItemPrice></item><item><PriceUpdateDate>2015-11-17 14:08:21</PriceUpdateDate><ItemCode>7290000483917</ItemCode><ItemType>1</ItemType><ItemName>סוכריות וורטר לל"ס ב</ItemName><ManufacturerName>וורטרס אורגינל-שטורק</ManufacturerName><ManufactureCountry>ישראל</ManufactureCountry><ManufacturerItemDescription>סוכריות וורטר לל"ס ב</ManufacturerItemDescription><SoldByWeight/><Quantity>42.00</Quantity><UnitOfMeasure>גרם     </UnitOfMeasure><QtyInPackage>לא ידוע</QtyInPackage><UnitOfMeasurePrice>0.1810</UnitOfMeasurePrice><AllowDiscount>1</AllowDiscount><ItemStatus>1</ItemStatus><ItemPrice>7.60</ItemPrice></item><item><PriceUpdateDate>2015-11-18 13:57:37</PriceUpdateDate><ItemCode>7290000483924</ItemCode><ItemType>1</ItemType><ItemName>רוטב סויה טבעי 290 מ</ItemName><ManufacturerName>לא ממותג</ManufacturerName><ManufactureCountry>ישראל</ManufactureCountry><ManufacturerItemDescription>רוטב סויה טבעי 290 מ</ManufacturerItemDescription><SoldByWeight/><Quantity>290.00</Quantity><UnitOfMeasure>מ"ל</UnitOfMeasure><QtyInPackage>לא ידוע</QtyInPackage><UnitOfMeasurePrice>0.0676</UnitOfMeasurePrice><AllowDiscount>1</AllowDiscount><ItemStatus>1</ItemStatus><ItemPrice>19.60</ItemPrice></item><item><PriceUpdateDate>2016-08-10 08:22:55</PriceUpdateDate><ItemCode>7290000484044</ItemCode><ItemType>1</ItemType><ItemName>עוגיות אוראו ממולאות</ItemName><ManufacturerName>אוראו</ManufacturerName><ManufactureCountry>ספרד</ManufactureCountry><ManufacturerItemDescription>בדין דפי מרכך    כחול</ManufacturerItemDescription><SoldByWeight/><Quantity>246.00</Quantity><UnitOfMeasure>גרם     </UnitOfMeasure><QtyInPackage>לא ידוע</QtyInPackage><UnitOfMeasurePrice>0.0882</UnitOfMeasurePrice><AllowDiscount>1</AllowDiscount><ItemStatus>1</ItemStatus><ItemPrice>21.70</ItemPrice></item><item><PriceUpdateDate>2015-12-15 12:37:01</PriceUpdateDate><ItemCode>7290000484143</ItemCode><ItemType>1</ItemType><ItemName>בונבוניירה ספלנדיד מ</ItemName><ManufacturerName>עלית</ManufacturerName><ManufactureCountry>ישראל</ManufactureCountry><ManufacturerItemDescription>בונ ספלנדיד מיקס משפחתי 2</ManufacturerItemDescription><SoldByWeight/><Quantity>216.00</Quantity><UnitOfMeasure>גרם     </UnitOfMeasure><QtyInPackage>לא ידוע</QtyInPackage><UnitOfMeasurePrice>0.1338</UnitOfMeasurePrice><AllowDiscount>1</AllowDiscount><ItemStatus>1</ItemStatus><ItemPrice>28.90</ItemPrice></item><item><PriceUpdateDate>2015-12-27 08:48:33</PriceUpdateDate><ItemCode>7290000484433</ItemCode><ItemType>1</ItemType><ItemName>רבע לשבע קרם אגוזים</ItemName><ManufacturerName>עלית</ManufacturerName><ManufactureCountry>ישראל</ManufactureCountry><ManufacturerItemDescription>רבע לשבע בדצ 160 גרם</ManufacturerItemDescription><SoldByWeight/><Quantity>160.00</Quantity><UnitOfMeasure>גרם     </UnitOfMeasure><QtyInPackage>לא ידוע</QtyInPackage><UnitOfMeasurePrice>0.0869</UnitOfMeasurePrice><AllowDiscount>1</AllowDiscount><ItemStatus>1</ItemStatus><ItemPrice>13.90</ItemPrice></item><item><PriceUpdateDate>2016-03-21 10:07:16</PriceUpdateDate><ItemCode>7290000484488</ItemCode><ItemType>1</ItemType><ItemName>בונבוניירת לב חלב קט</ItemName><ManufacturerName>לא ממותג</ManufacturerName><ManufactureCountry>ישראל</ManufactureCountry><ManufacturerItemDescription>בונבוניירת לב קטן 50 גרם</ManufacturerItemDescription><SoldByWeight/><Quantity>50.00</Quantity><UnitOfMeasure>גרם     </UnitOfMeasure><QtyInPackage>לא ידוע</QtyInPackage><UnitOfMeasurePrice>0.2180</UnitOfMeasurePrice><AllowDiscount>1</AllowDiscount><ItemStatus>1</ItemStatus><ItemPrice>10.90</ItemPrice></item><item><PriceUpdateDate>2016-08-10 08:22:55</PriceUpdateDate><ItemCode>7290000484723</ItemCode><ItemType>1</ItemType><ItemName>מארז חטיף אפרופו קלא</ItemName><ManufacturerName>אפרופו</ManufacturerName><ManufactureCountry>ישראל</ManufactureCountry><ManufacturerItemDescription>מארז חטיף אפרופו קלא</ManufacturerItemDescription><SoldByWeight/><Quantity>25.00</Quantity><UnitOfMeasure>גרם     </UnitOfMeasure><QtyInPackage>לא ידוע</QtyInPackage><UnitOfMeasurePrice>0.6360</UnitOfMeasurePrice><AllowDiscount>1</AllowDiscount><ItemStatus>1</ItemStatus><ItemPrice>15.90</ItemPrice></item><item><PriceUpdateDate>2015-10-11 20:33:48</PriceUpdateDate><ItemCode>7290000484808</ItemCode><ItemType>1</ItemType><ItemName>מנה פריכיות אורז עם</ItemName><ManufacturerName>מנה</ManufacturerName><ManufactureCountry>ישראל</ManufactureCountry><ManufacturerItemDescription>פריכונים אורז עם מלח100 ג</ManufacturerItemDescription><SoldByWeight/><Quantity>100.00</Quantity><UnitOfMeasure>גרם     </UnitOfMeasure><QtyInPackage>לא ידוע</QtyInPackage><UnitOfMeasurePrice>0.0720</UnitOfMeasurePrice><AllowDiscount>1</AllowDiscount><ItemStatus>1</ItemStatus><ItemPrice>7.20</ItemPrice></item><item><PriceUpdateDate>2015-11-18 13:57:38</PriceUpdateDate><ItemCode>7290000484846</ItemCode><ItemType>1</ItemType><ItemName>פריכיות דקות אורז מל</ItemName><ManufacturerName>פרח תעשיות מזון</ManufacturerName><ManufactureCountry>ישראל</ManufactureCountry><ManufacturerItemDescription>פריכיות אורז דקות ללא מלח</ManufacturerItemDescription><SoldByWeight/><Quantity>100.00</Quantity><UnitOfMeasure>גרם     </UnitOfMeasure><QtyInPackage>לא ידוע</QtyInPackage><UnitOfMeasurePrice>0.0930</UnitOfMeasurePrice><AllowDiscount>1</AllowDiscount><ItemStatus>1</ItemStatus><ItemPrice>9.30</ItemPrice></item><item><PriceUpdateDate>2016-03-14 09:48:45</PriceUpdateDate><ItemCode>7290000484938</ItemCode><ItemType>1</ItemType><ItemName>כיף כף מקלות קלאסי 4</ItemName><ManufacturerName>עלית</ManufacturerName><ManufactureCountry>ישראל</ManufactureCountry><ManufacturerItemDescription>מקלות כיף כף קלאסי 40 גרם</ManufacturerItemDescription><SoldByWeight/><Quantity>40.00</Quantity><UnitOfMeasure>גרם     </UnitOfMeasure><QtyInPackage>לא ידוע</QtyInPackage><UnitOfMeasurePrice>0.1375</UnitOfMeasurePrice><AllowDiscount>1</AllowDiscount><ItemStatus>1</ItemStatus><ItemPrice>5.50</ItemPrice></item><item><PriceUpdateDate>2015-11-18 13:57:38</PriceUpdateDate><ItemCode>7290000484945</ItemCode><ItemType>1</ItemType><ItemName>רסק עגבניות פלוס שום</ItemName><ManufacturerName>לא ממותג</ManufacturerName><ManufactureCountry>ישראל</ManufactureCountry><ManufacturerItemDescription>רסק עגבניות פלוס שום</ManufacturerItemDescription><SoldByWeight/><Quantity>100.00</Quantity><UnitOfMeasure>גרם     </UnitOfMeasure><QtyInPackage>לא ידוע</QtyInPackage><UnitOfMeasurePrice>0.0310</UnitOfMeasurePrice><AllowDiscount>1</AllowDiscount><ItemStatus>1</ItemStatus><ItemPrice>3.10</ItemPrice></item><item><PriceUpdateDate>2016-02-16 20:38:15</PriceUpdateDate><ItemCode>7290000485195</ItemCode><ItemType>1</ItemType><ItemName>מארז עוגה אישית מגול</ItemName><ManufacturerName>עלית</ManufacturerName><ManufactureCountry>ישראל</ManufactureCountry><ManufacturerItemDescription>עוגה אישית סוכריות צבעוני</ManufacturerItemDescription><SoldByWeight/><Quantity>245.00</Quantity><UnitOfMeasure>גרם     </UnitOfMeasure><QtyInPackage>לא ידוע</QtyInPackage><UnitOfMeasurePrice>0.0690</UnitOfMeasurePrice><AllowDiscount>1</AllowDiscount><ItemStatus>1</ItemStatus><ItemPrice>16.90</ItemPrice></item><item><PriceUpdateDate>2016-06-06 12:23:23</PriceUpdateDate><ItemCode>7290000485423</ItemCode><ItemType>1</ItemType><ItemName>חמוציות אושן ספריי 1</ItemName><ManufacturerName>לא ממותג</ManufacturerName><ManufactureCountry>ישראל</ManufactureCountry><ManufacturerItemDescription>חמוציות אושן ספריי 1</ManufacturerItemDescription><SoldByWeight/><Quantity>142.00</Quantity><UnitOfMeasure>גרם     </UnitOfMeasure><QtyInPackage>לא ידוע</QtyInPackage><UnitOfMeasurePrice>0.0979</UnitOfMeasurePrice><AllowDiscount>1</AllowDiscount><ItemStatus>1</ItemStatus><ItemPrice>13.90</ItemPrice></item><item><PriceUpdateDate>2016-08-10 08:23:44</PriceUpdateDate><ItemCode>7290000485478</ItemCode><ItemType>1</ItemType><ItemName>קלוגס קורנפלקס 750 ג</ItemName><ManufacturerName>קלוגס קורנפלקס</ManufacturerName><ManufactureCountry>גרמניה</ManufactureCountry><ManufacturerItemDescription>קורנפלקס קלוגס 750 גר</ManufacturerItemDescription><SoldByWeight/><Quantity>750.00</Quantity><UnitOfMeasure>גרם     </UnitOfMeasure><QtyInPackage>לא ידוע</QtyInPackage><UnitOfMeasurePrice>0.0252</UnitOfMeasurePrice><AllowDiscount>1</AllowDiscount><ItemStatus>1</ItemStatus><ItemPrice>18.90</ItemPrice></item><item><PriceUpdateDate>2016-08-02 07:34:19</PriceUpdateDate><ItemCode>7290000485617</ItemCode><ItemType>1</ItemType><ItemName>חומוס סוגת 500 גרם</ItemName><ManufacturerName>סוגת</ManufacturerName><ManufactureCountry>ישראל</ManufactureCountry><ManufacturerItemDescription>חומוס 500 גרם</ManufacturerItemDescription><SoldByWeight/><Quantity>500.00</Quantity><UnitOfMeasure>גרם     </UnitOfMeasure><QtyInPackage>לא ידוע</QtyInPackage><UnitOfMeasurePrice>0.0198</UnitOfMeasurePrice><AllowDiscount>1</AllowDiscount><ItemStatus>1</ItemStatus><ItemPrice>9.90</ItemPrice></item><item><PriceUpdateDate>2015-11-17 14:07:12</PriceUpdateDate><ItemCode>7290000485638</ItemCode><ItemType>1</ItemType><ItemName>חיטה סוגת 1 ק"ג</ItemName><ManufacturerName>סוגת</ManufacturerName><ManufactureCountry>ישראל</ManufactureCountry><ManufacturerItemDescription>חיטה סוגת 1 ק"ג</ManufacturerItemDescription><SoldByWeight/><Quantity>1000.00</Quantity><UnitOfMeasure>גרם     </UnitOfMeasure><QtyInPackage>לא ידוע</QtyInPackage><UnitOfMeasurePrice>0.0133</UnitOfMeasurePrice><AllowDiscount>1</AllowDiscount><ItemStatus>1</ItemStatus><ItemPrice>13.30</ItemPrice></item><item><PriceUpdateDate>2015-11-17 14:07:12</PriceUpdateDate><ItemCode>7290000485812</ItemCode><ItemType>1</ItemType><ItemName>פופקורן סוגת 500 גרם</ItemName><ManufacturerName>סוגת</ManufacturerName><ManufactureCountry>ישראל</ManufactureCountry><ManufacturerItemDescription>פופקורן 500 גרם</ManufacturerItemDescription><SoldByWeight/><Quantity>500.00</Quantity><UnitOfMeasure>גרם     </UnitOfMeasure><QtyInPackage>לא ידוע</QtyInPackage><UnitOfMeasurePrice>0.0156</UnitOfMeasurePrice><AllowDiscount>1</AllowDiscount><ItemStatus>1</ItemStatus><ItemPrice>7.80</ItemPrice></item><item><PriceUpdateDate>2015-12-10 09:11:18</PriceUpdateDate><ItemCode>7290000485867</ItemCode><ItemType>1</ItemType><ItemName>פריכיות אנרג'י אורז</ItemName><ManufacturerName>אנרג'י</ManufacturerName><ManufactureCountry>ישראל</ManufactureCountry><ManufacturerItemDescription>פריכיות מצופות שוקולד חלב</ManufacturerItemDescription><SoldByWeight/><Quantity>70.00</Quantity><UnitOfMeasure>גרם     </UnitOfMeasure><QtyInPackage>לא ידוע</QtyInPackage><UnitOfMeasurePrice>0.1271</UnitOfMeasurePrice><AllowDiscount>1</AllowDiscount><ItemStatus>1</ItemStatus><ItemPrice>8.90</ItemPrice></item><item><PriceUpdateDate>2014-12-30 12:06:51</PriceUpdateDate><ItemCode>7290000485874</ItemCode><ItemType>1</ItemType><ItemName>רוטב פטריות 34 גרם</ItemName><ManufacturerName>ויטה</ManufacturerName><ManufactureCountry>ישראל</ManufactureCountry><ManufacturerItemDescription>רוטב פטריות 34 גרם</ManufacturerItemDescription><SoldByWeight/><Quantity>14.00</Quantity><UnitOfMeasure>גרם     </UnitOfMeasure><QtyInPackage>לא ידוע</QtyInPackage><UnitOfMeasurePrice>0.3143</UnitOfMeasurePrice><AllowDiscount>1</AllowDiscount><ItemStatus>1</ItemStatus><ItemPrice>4.40</ItemPrice></item><item><PriceUpdateDate>2014-12-30 12:06:51</PriceUpdateDate><ItemCode>7290000485904</ItemCode><ItemType>1</ItemType><ItemName>רוטב שמפיניון מוקרם</ItemName><ManufacturerName>ויטה</ManufacturerName><ManufactureCountry>ישראל</ManufactureCountry><ManufacturerItemDescription>רוטב שמפיניון מוקרם</ManufacturerItemDescription><SoldByWeight/><Quantity>14.00</Quantity><UnitOfMeasure>גרם     </UnitOfMeasure><QtyInPackage>לא ידוע</QtyInPackage><UnitOfMeasurePrice>0.3143</UnitOfMeasurePrice><AllowDiscount>1</AllowDiscount><ItemStatus>1</ItemStatus><ItemPrice>4.40</ItemPrice></item><item><PriceUpdateDate>2016-05-09 10:58:55</PriceUpdateDate><ItemCode>7290000486024</ItemCode><ItemType>1</ItemType><ItemName>קוסקוס בינוני סוגת 3</ItemName><ManufacturerName>סוגת</ManufacturerName><ManufactureCountry>ישראל</ManufactureCountry><ManufacturerItemDescription>קוסקוס בינוני סוגת 3</ManufacturerItemDescription><SoldByWeight/><Quantity>350.00</Quantity><UnitOfMeasure>גרם     </UnitOfMeasure><QtyInPackage>לא ידוע</QtyInPackage><UnitOfMeasurePrice>0.0197</UnitOfMeasurePrice><AllowDiscount>1</AllowDiscount><ItemStatus>1</ItemStatus><ItemPrice>6.90</ItemPrice></item><item><PriceUpdateDate>2016-05-23 14:02:41</PriceUpdateDate><ItemCode>7290000486079</ItemCode><ItemType>1</ItemType><ItemName>מנה חמה תפו'א עם פטר</ItemName><ManufacturerName>אסם</ManufacturerName><ManufactureCountry>ישראל</ManufactureCountry><ManufacturerItemDescription>מנה חמה תפוא עם פטריות</ManufacturerItemDescription><SoldByWeight/><Quantity>47.00</Quantity><UnitOfMeasure>גרם     </UnitOfMeasure><QtyInPackage>לא ידוע</QtyInPackage><UnitOfMeasurePrice>0.1468</UnitOfMeasurePrice><AllowDiscount>1</AllowDiscount><ItemStatus>1</ItemStatus><ItemPrice>6.90</ItemPrice></item><item><PriceUpdateDate>2015-11-18 13:57:39</PriceUpdateDate><ItemCode>7290000486345</ItemCode><ItemType>1</ItemType><ItemName>חטיפי טורטיה שום ובצ</ItemName><ManufacturerName>אסם</ManufacturerName><ManufactureCountry>ישראל</ManufactureCountry><ManufacturerItemDescription>חטיפי טורטיה שום ובצ</ManufacturerItemDescription><SoldByWeight/><Quantity>60.00</Quantity><UnitOfMeasure>גרם     </UnitOfMeasure><QtyInPackage>לא ידוע</QtyInPackage><UnitOfMeasurePrice>0.1550</UnitOfMeasurePrice><AllowDiscount>1</AllowDiscount><ItemStatus>1</ItemStatus><ItemPrice>9.30</ItemPrice></item><item><PriceUpdateDate>2015-10-11 20:33:49</PriceUpdateDate><ItemCode>7290000486482</ItemCode><ItemType>1</ItemType><ItemName>חטיף צ'יפסי בטעם מקס</ItemName><ManufacturerName>ציפסי</ManufacturerName><ManufactureCountry>ישראל</ManufactureCountry><ManufacturerItemDescription>חטיף ציפסי בטעם מקסיקני 5</ManufacturerItemDescription><SoldByWeight/><Quantity>50.00</Quantity><UnitOfMeasure>גרם     </UnitOfMeasure><QtyInPackage>לא ידוע</QtyInPackage><UnitOfMeasurePrice>0.0760</UnitOfMeasurePrice><AllowDiscount>1</AllowDiscount><ItemStatus>1</ItemStatus><ItemPrice>3.80</ItemPrice></item><item><PriceUpdateDate>2016-06-28 09:28:21</PriceUpdateDate><ItemCode>7290000486697</ItemCode><ItemType>1</ItemType><ItemName>פתיבר קלאסי 500 גרם</ItemName><ManufacturerName>עלית</ManufacturerName><ManufactureCountry>ישראל</ManufactureCountry><ManufacturerItemDescription>פתיבר קלאסי 500 גרם</ManufacturerItemDescription><SoldByWeight/><Quantity>500.00</Quantity><UnitOfMeasure>גרם     </UnitOfMeasure><QtyInPackage>לא ידוע</QtyInPackage><UnitOfMeasurePrice>0.0238</UnitOfMeasurePrice><AllowDiscount>1</AllowDiscount><ItemStatus>1</ItemStatus><ItemPrice>11.90</ItemPrice></item><item><PriceUpdateDate>2016-08-10 08:22:55</PriceUpdateDate><ItemCode>7290000486796</ItemCode><ItemType>1</ItemType><ItemName>שוופס RUSSCHIAN 1.5</ItemName><ManufacturerName>שוופס</ManufacturerName><ManufactureCountry>ישראל</ManufactureCountry><ManufacturerItemDescription>שוופס 1.5 RUSSCHIAN ליטר</ManufacturerItemDescription><SoldByWeight/><Quantity>1500.00</Quantity><UnitOfMeasure>מ"ל</UnitOfMeasure><QtyInPackage>לא ידוע</QtyInPackage><UnitOfMeasurePrice>0.0073</UnitOfMeasurePrice><AllowDiscount>1</AllowDiscount><ItemStatus>1</ItemStatus><ItemPrice>10.90</ItemPrice></item><item><PriceUpdateDate>2015-11-18 13:57:40</PriceUpdateDate><ItemCode>7290000486833</ItemCode><ItemType>1</ItemType><ItemName>עגבניות מרוסקות 800</ItemName><ManufacturerName>לא ממותג</ManufacturerName><ManufactureCountry>ישראל</ManufactureCountry><ManufacturerItemDescription>עגבניות מרוסקות 800</ManufacturerItemDescription><SoldByWeight/><Quantity>800.00</Quantity><UnitOfMeasure>גרם     </UnitOfMeasure><QtyInPackage>לא ידוע</QtyInPackage><UnitOfMeasurePrice>0.0101</UnitOfMeasurePrice><AllowDiscount>1</AllowDiscount><ItemStatus>1</ItemStatus><ItemPrice>8.10</ItemPrice></item><item><PriceUpdateDate>2016-05-31 07:01:21</PriceUpdateDate><ItemCode>7290000486949</ItemCode><ItemType>1</ItemType><ItemName>רסק פריכוז 28% A2 58</ItemName><ManufacturerName>יכין</ManufacturerName><ManufactureCountry>ישראל</ManufactureCountry><ManufacturerItemDescription>רסק עגבניות פריכוז 580 יכ</ManufacturerItemDescription><SoldByWeight/><Quantity>580.00</Quantity><UnitOfMeasure>גרם     </UnitOfMeasure><QtyInPackage>לא ידוע</QtyInPackage><UnitOfMeasurePrice>0.0134</UnitOfMeasurePrice><AllowDiscount>1</AllowDiscount><ItemStatus>1</ItemStatus><ItemPrice>7.80</ItemPrice></item><item><PriceUpdateDate>2015-12-16 09:04:32</PriceUpdateDate><ItemCode>7290000486994</ItemCode><ItemType>1</ItemType><ItemName>חטיף טוויקס 50 גרם</ItemName><ManufacturerName>לא ממותג</ManufacturerName><ManufactureCountry>הולנד</ManufactureCountry><ManufacturerItemDescription>חטיף טוויקס     רם</ManufacturerItemDescription><SoldByWeight/><Quantity>50.00</Quantity><UnitOfMeasure>גרם     </UnitOfMeasure><QtyInPackage>לא ידוע</QtyInPackage><UnitOfMeasurePrice>0.1180</UnitOfMeasurePrice><AllowDiscount>0</AllowDiscount><ItemStatus>1</ItemStatus><ItemPrice>5.90</ItemPrice></item><item><PriceUpdateDate>2016-08-02 07:38:21</PriceUpdateDate><ItemCode>7290000487052</ItemCode><ItemType>1</ItemType><ItemName>מב צנימים 250 גרם</ItemName><ManufacturerName>לא ממותג</ManufacturerName><ManufactureCountry>ישראל</ManufactureCountry><ManufacturerItemDescription>מב צנימים 250 גרם</ManufacturerItemDescription><SoldByWeight/><Quantity>250.00</Quantity><UnitOfMeasure>גרם     </UnitOfMeasure><QtyInPackage>לא ידוע</QtyInPackage><UnitOfMeasurePrice>0.0236</UnitOfMeasurePrice><AllowDiscount>1</AllowDiscount><ItemStatus>1</ItemStatus><ItemPrice>5.90</ItemPrice></item><item><PriceUpdateDate>2016-03-01 06:16:24</PriceUpdateDate><ItemCode>7290000487106</ItemCode><ItemType>1</ItemType><ItemName>אשכולינה דיאט 1.5 לי</ItemName><ManufacturerName>תפוזינה</ManufacturerName><ManufactureCountry>ישראל</ManufactureCountry><ManufacturerItemDescription>אשכולינה דיאט 1.5 לי</ManufacturerItemDescription><SoldByWeight/><Quantity>1500.00</Quantity><UnitOfMeasure>מ"ל</UnitOfMeasure><QtyInPackage>לא ידוע</QtyInPackage><UnitOfMeasurePrice>0.0050</UnitOfMeasurePrice><AllowDiscount>1</AllowDiscount><ItemStatus>1</ItemStatus><ItemPrice>7.50</ItemPrice></item><item><PriceUpdateDate>2015-11-18 13:57:40</PriceUpdateDate><ItemCode>7290000487199</ItemCode><ItemType>1</ItemType><ItemName>מסטיק אורביט מיני וו</ItemName><ManufacturerName>אורביט</ManufacturerName><ManufactureCountry>פולין</ManufactureCountry><ManufacturerItemDescription>מיני טוויקס     ת 403גרם</ManufacturerItemDescription><SoldByWeight/><Quantity>42.00</Quantity><UnitOfMeasure>גרם     </UnitOfMeasure><QtyInPackage>לא ידוע</QtyInPackage><UnitOfMeasurePrice>0.1595</UnitOfMeasurePrice><AllowDiscount>1</AllowDiscount><ItemStatus>1</ItemStatus><ItemPrice>6.70</ItemPrice></item><item><PriceUpdateDate>2015-06-01 13:03:09</PriceUpdateDate><ItemCode>7290000487229</ItemCode><ItemType>1</ItemType><ItemName>שקדי מרק במיכל 400 ג</ItemName><ManufacturerName>"המותג"</ManufacturerName><ManufactureCountry>ישראל</ManufactureCountry><ManufacturerItemDescription>שקדי מרק במיכל 400 ג</ManufacturerItemDescription><SoldByWeight/><Quantity>400.00</Quantity><UnitOfMeasure>גרם     </UnitOfMeasure><QtyInPackage>לא ידוע</QtyInPackage><UnitOfMeasurePrice>0.0208</UnitOfMeasurePrice><AllowDiscount>1</AllowDiscount><ItemStatus>1</ItemStatus><ItemPrice>8.30</ItemPrice></item><item><PriceUpdateDate>2016-08-02 07:34:20</PriceUpdateDate><ItemCode>7290000487243</ItemCode><ItemType>1</ItemType><ItemName>מארז חטיף במבה 10*25</ItemName><ManufacturerName>במבה</ManufacturerName><ManufactureCountry>ישראל</ManufactureCountry><ManufacturerItemDescription>מארז חטיף במבה 10*25</ManufacturerItemDescription><SoldByWeight/><Quantity>250.00</Quantity><UnitOfMeasure>גרם     </UnitOfMeasure><QtyInPackage>לא ידוע</QtyInPackage><UnitOfMeasurePrice>0.0716</UnitOfMeasurePrice><AllowDiscount>1</AllowDiscount><ItemStatus>1</ItemStatus><ItemPrice>17.90</ItemPrice></item><item><PriceUpdateDate>2015-12-07 10:54:29</PriceUpdateDate><ItemCode>7290000487335</ItemCode><ItemType>1</ItemType><ItemName>פרורי לחם לבנים 200</ItemName><ManufacturerName>סוגת</ManufacturerName><ManufactureCountry>ישראל</ManufactureCountry><ManufacturerItemDescription>פרורי לחם לבנים 200</ManufacturerItemDescription><SoldByWeight/><Quantity>200.00</Quantity><UnitOfMeasure>גרם     </UnitOfMeasure><QtyInPackage>לא ידוע</QtyInPackage><UnitOfMeasurePrice>0.0175</UnitOfMeasurePrice><AllowDiscount>1</AllowDiscount><ItemStatus>1</ItemStatus><ItemPrice>3.50</ItemPrice></item><item><PriceUpdateDate>2016-03-17 09:36:41</PriceUpdateDate><ItemCode>7290000487434</ItemCode><ItemType>1</ItemType><ItemName>חטיף ביסלי פיצה 55 ג</ItemName><ManufacturerName>ביסלי</ManufacturerName><ManufactureCountry>ישראל</ManufactureCountry><ManufacturerItemDescription>ביסלי פיצה 55 גרם</ManufacturerItemDescription><SoldByWeight/><Quantity>55.00</Quantity><UnitOfMeasure>גרם     </UnitOfMeasure><QtyInPackage>לא ידוע</QtyInPackage><UnitOfMeasurePrice>0.0709</UnitOfMeasurePrice><AllowDiscount>1</AllowDiscount><ItemStatus>1</ItemStatus><ItemPrice>3.90</ItemPrice></item><item><PriceUpdateDate>2016-03-29 07:02:48</PriceUpdateDate><ItemCode>7290000487458</ItemCode><ItemType>1</ItemType><ItemName>מארז ביסלי גריל 4*55</ItemName><ManufacturerName>ביסלי</ManufacturerName><ManufactureCountry>לא ידוע</ManufactureCountry><ManufacturerItemDescription>מארז ביסלי גריל 4*55</ManufacturerItemDescription><SoldByWeight/><Quantity>220.00</Quantity><UnitOfMeasure>גרם     </UnitOfMeasure><QtyInPackage>לא ידוע</QtyInPackage><UnitOfMeasurePrice>0.0645</UnitOfMeasurePrice><AllowDiscount>1</AllowDiscount><ItemStatus>1</ItemStatus><ItemPrice>14.20</ItemPrice></item><item><PriceUpdateDate>2016-02-16 20:38:00</PriceUpdateDate><ItemCode>7290000487557</ItemCode><ItemType>1</ItemType><ItemName>תערובת עם פרורי לחם</ItemName><ManufacturerName>קנור</ManufacturerName><ManufactureCountry>ישראל</ManufactureCountry><ManufacturerItemDescription>תערובת עם פרורי לחם</ManufacturerItemDescription><SoldByWeight/><Quantity>180.00</Quantity><UnitOfMeasure>גרם     </UnitOfMeasure><QtyInPackage>לא ידוע</QtyInPackage><UnitOfMeasurePrice>0.0433</UnitOfMeasurePrice><AllowDiscount>1</AllowDiscount><ItemStatus>1</ItemStatus><ItemPrice>7.80</ItemPrice></item><item><PriceUpdateDate>2016-03-13 09:41:13</PriceUpdateDate><ItemCode>7290000487595</ItemCode><ItemType>1</ItemType><ItemName>מסטיק FIVE  בטעם אבט</ItemName><ManufacturerName>FIVE</ManufacturerName><ManufactureCountry>צרפת</ManufactureCountry><ManufacturerItemDescription>מסטיק פייב אסנשיאל אבטיח</ManufacturerItemDescription><SoldByWeight/><Quantity>19.00</Quantity><UnitOfMeasure>גרם     </UnitOfMeasure><QtyInPackage>לא ידוע</QtyInPackage><UnitOfMeasurePrice>0.2632</UnitOfMeasurePrice><AllowDiscount>1</AllowDiscount><ItemStatus>1</ItemStatus><ItemPrice>5.00</ItemPrice></item><item><PriceUpdateDate>2016-08-02 07:34:20</PriceUpdateDate><ItemCode>7290000487601</ItemCode><ItemType>1</ItemType><ItemName>צ'וקטה עוגות אישיות</ItemName><ManufacturerName>יוגטה</ManufacturerName><ManufactureCountry>לא ידוע</ManufactureCountry><ManufacturerItemDescription>צ'וקטה עוגות אישיות</ManufacturerItemDescription><SoldByWeight/><Quantity>240.00</Quantity><UnitOfMeasure>גרם     </UnitOfMeasure><QtyInPackage>לא ידוע</QtyInPackage><UnitOfMeasurePrice>0.0663</UnitOfMeasurePrice><AllowDiscount>1</AllowDiscount><ItemStatus>1</ItemStatus><ItemPrice>15.90</ItemPrice></item><item><PriceUpdateDate>2016-08-10 08:22:55</PriceUpdateDate><ItemCode>7290000487700</ItemCode><ItemType>1</ItemType><ItemName>מרק נמס סוף XL ירק ו</ItemName><ManufacturerName>לא ממותג</ManufacturerName><ManufactureCountry>ישראל</ManufactureCountry><ManufacturerItemDescription>מרק נמס סוף XL ירק ו</ManufacturerItemDescription><SoldByWeight/><Quantity>28.00</Quantity><UnitOfMeasure>גרם     </UnitOfMeasure><QtyInPackage>לא ידוע</QtyInPackage><UnitOfMeasurePrice>0.1857</UnitOfMeasurePrice><AllowDiscount>1</AllowDiscount><ItemStatus>1</ItemStatus><ItemPrice>5.20</ItemPrice></item><item><PriceUpdateDate>2016-07-27 09:34:49</PriceUpdateDate><ItemCode>7290000487717</ItemCode><ItemType>1</ItemType><ItemName>צימקאו לבישול ואפיה</ItemName><ManufacturerName>השחר</ManufacturerName><ManufactureCountry>ישראל</ManufactureCountry><ManufacturerItemDescription>צימקאו לבישול ואפיה</ManufacturerItemDescription><SoldByWeight/><Quantity>400.00</Quantity><UnitOfMeasure>גרם     </UnitOfMeasure><QtyInPackage>לא ידוע</QtyInPackage><UnitOfMeasurePrice>0.0398</UnitOfMeasurePrice><AllowDiscount>1</AllowDiscount><ItemStatus>1</ItemStatus><ItemPrice>15.90</ItemPrice></item><item><PriceUpdateDate>2016-07-29 11:03:55</PriceUpdateDate><ItemCode>7290000487731</ItemCode><ItemType>1</ItemType><ItemName>רוטב מנגו קארי 280 מ</ItemName><ManufacturerName>יד מרדכי</ManufacturerName><ManufactureCountry>ישראל</ManufactureCountry><ManufacturerItemDescription>רוטב מנגו קארי 280 מ</ManufacturerItemDescription><SoldByWeight/><Quantity>280.00</Quantity><UnitOfMeasure>מ"ל</UnitOfMeasure><QtyInPackage>לא ידוע</QtyInPackage><UnitOfMeasurePrice>0.0604</UnitOfMeasurePrice><AllowDiscount>1</AllowDiscount><ItemStatus>1</ItemStatus><ItemPrice>16.90</ItemPrice></item><item><PriceUpdateDate>2016-08-10 08:23:05</PriceUpdateDate><ItemCode>7290000493176</ItemCode><ItemType>1</ItemType><ItemName>רוטב צלי לבשר 290 גר</ItemName><ManufacturerName>אסם</ManufacturerName><ManufactureCountry>ישראל</ManufactureCountry><ManufacturerItemDescription>רוטב צלי בשר 22 גרם באבקה</ManufacturerItemDescription><SoldByWeight/><Quantity>290.00</Quantity><UnitOfMeasure>מ"ל</UnitOfMeasure><QtyInPackage>לא ידוע</QtyInPackage><UnitOfMeasurePrice>0.0172</UnitOfMeasurePrice><AllowDiscount>1</AllowDiscount><ItemStatus>1</ItemStatus><ItemPrice>5.00</ItemPrice></item><item><PriceUpdateDate>2016-08-10 08:23:46</PriceUpdateDate><ItemCode>7290000493183</ItemCode><ItemType>1</ItemType><ItemName>רוטב פטריות לבשר 29</ItemName><ManufacturerName>אסם</ManufacturerName><ManufactureCountry>ישראל</ManufactureCountry><ManufacturerItemDescription>רוטב פטריות לבשר 30 גרם ב</ManufacturerItemDescription><SoldByWeight/><Quantity>29.00</Quantity><UnitOfMeasure>שק'</UnitOfMeasure><QtyInPackage>לא ידוע</QtyInPackage><UnitOfMeasurePrice>0.2034</UnitOfMeasurePrice><AllowDiscount>1</AllowDiscount><ItemStatus>1</ItemStatus><ItemPrice>5.90</ItemPrice></item><item><PriceUpdateDate>2016-03-16 18:08:47</PriceUpdateDate><ItemCode>7290000493923</ItemCode><ItemType>1</ItemType><ItemName>פודינג אינסטנט שוקול</ItemName><ManufacturerName>אסם</ManufacturerName><ManufactureCountry>ישראל</ManufactureCountry><ManufacturerItemDescription>פודינג בטעם שוקולד לבן 80</ManufacturerItemDescription><SoldByWeight/><Quantity>80.00</Quantity><UnitOfMeasure>גרם     </UnitOfMeasure><QtyInPackage>לא ידוע</QtyInPackage><UnitOfMeasurePrice>0.0688</UnitOfMeasurePrice><AllowDiscount>1</AllowDiscount><ItemStatus>1</ItemStatus><ItemPrice>5.50</ItemPrice></item><item><PriceUpdateDate>2016-08-02 07:34:54</PriceUpdateDate><ItemCode>7290000497044</ItemCode><ItemType>1</ItemType><ItemName>לחם ברמן אקטיב 750 ג</ItemName><ManufacturerName>מאפיית ברמן</ManufacturerName><ManufactureCountry>ישראל</ManufactureCountry><ManufacturerItemDescription>לחם ברמן אקטיב</ManufacturerItemDescription><SoldByWeight/><Quantity>750.00</Quantity><UnitOfMeasure>גרם     </UnitOfMeasure><QtyInPackage>לא ידוע</QtyInPackage><UnitOfMeasurePrice>0.0225</UnitOfMeasurePrice><AllowDiscount>1</AllowDiscount><ItemStatus>1</ItemStatus><ItemPrice>16.90</ItemPrice></item><item><PriceUpdateDate>2016-05-20 07:13:58</PriceUpdateDate><ItemCode>7290000497112</ItemCode><ItemType>1</ItemType><ItemName>לחם אחיד כהה פרוס 75</ItemName><ManufacturerName>מאפית ברמן</ManufacturerName><ManufactureCountry>ישראל</ManufactureCountry><ManufacturerItemDescription>לחם אחיד כהה פרוס 75</ManufacturerItemDescription><SoldByWeight/><Quantity>750.00</Quantity><UnitOfMeasure>גרם     </UnitOfMeasure><QtyInPackage>לא ידוע</QtyInPackage><UnitOfMeasurePrice>0.0091</UnitOfMeasurePrice><AllowDiscount>1</AllowDiscount><ItemStatus>1</ItemStatus><ItemPrice>6.79</ItemPrice></item><item><PriceUpdateDate>2016-08-02 07:39:02</PriceUpdateDate><ItemCode>7290000497228</ItemCode><ItemType>1</ItemType><ItemName>מב לחמניות רגילות 6</ItemName><ManufacturerName>מאפית ברמן</ManufacturerName><ManufactureCountry>ישראל</ManufactureCountry><ManufacturerItemDescription>מב לחמניות רגילות 6</ManufacturerItemDescription><SoldByWeight/><Quantity>450.00</Quantity><UnitOfMeasure>גרם     </UnitOfMeasure><QtyInPackage>לא ידוע</QtyInPackage><UnitOfMeasurePrice>0.0198</UnitOfMeasurePrice><AllowDiscount>1</AllowDiscount><ItemStatus>1</ItemStatus><ItemPrice>8.90</ItemPrice></item><item><PriceUpdateDate>2016-08-02 07:39:02</PriceUpdateDate><ItemCode>7290000497303</ItemCode><ItemType>1</ItemType><ItemName>מב לחמניות מקמח מלא</ItemName><ManufacturerName>מאפית ברמן</ManufacturerName><ManufactureCountry>ישראל</ManufactureCountry><ManufacturerItemDescription>מב לחמניות מקמח מלא</ManufacturerItemDescription><SoldByWeight/><Quantity>450.00</Quantity><UnitOfMeasure>גרם     </UnitOfMeasure><QtyInPackage>לא ידוע</QtyInPackage><UnitOfMeasurePrice>0.0198</UnitOfMeasurePrice><AllowDiscount>1</AllowDiscount><ItemStatus>1</ItemStatus><ItemPrice>8.90</ItemPrice></item><item><PriceUpdateDate>2016-05-31 06:55:06</PriceUpdateDate><ItemCode>7290000497426</ItemCode><ItemType>1</ItemType><ItemName>לחם ברמן קל לענין פר</ItemName><ManufacturerName>מאפיית ברמן</ManufacturerName><ManufactureCountry>ישראל</ManufactureCountry><ManufacturerItemDescription>לחם ברמן קל לענין פר</ManufacturerItemDescription><SoldByWeight/><Quantity>500.00</Quantity><UnitOfMeasure>גרם     </UnitOfMeasure><QtyInPackage>לא ידוע</QtyInPackage><UnitOfMeasurePrice>0.0278</UnitOfMeasurePrice><AllowDiscount>1</AllowDiscount><ItemStatus>1</ItemStatus><ItemPrice>13.90</ItemPrice></item><item><PriceUpdateDate>2016-08-10 08:23:05</PriceUpdateDate><ItemCode>7290000497570</ItemCode><ItemType>1</ItemType><ItemName>לחם דגני קלות 500 גר</ItemName><ManufacturerName>מאפית ברמן</ManufacturerName><ManufactureCountry>ישראל</ManufactureCountry><ManufacturerItemDescription>לחם דגני קלות 500 גר</ManufacturerItemDescription><SoldByWeight/><Quantity>500.00</Quantity><UnitOfMeasure>גרם     </UnitOfMeasure><QtyInPackage>לא ידוע</QtyInPackage><UnitOfMeasurePrice>0.0318</UnitOfMeasurePrice><AllowDiscount>1</AllowDiscount><ItemStatus>1</ItemStatus><ItemPrice>15.90</ItemPrice></item><item><PriceUpdateDate>2015-11-18 13:58:37</PriceUpdateDate><ItemCode>7290000504049</ItemCode><ItemType>1</ItemType><ItemName>סוכרזית 1200 טבליות</ItemName><ManufacturerName>סוכרזית</ManufacturerName><ManufactureCountry>ישראל</ManufactureCountry><ManufacturerItemDescription>ממתיק סוכרזית קנקן1200טבל</ManufacturerItemDescription><SoldByWeight/><Quantity>14.00</Quantity><UnitOfMeasure>גרם     </UnitOfMeasure><QtyInPackage>לא ידוע</QtyInPackage><UnitOfMeasurePrice>1.7429</UnitOfMeasurePrice><AllowDiscount>1</AllowDiscount><ItemStatus>1</ItemStatus><ItemPrice>24.40</ItemPrice></item><item><PriceUpdateDate>2016-03-29 07:04:07</PriceUpdateDate><ItemCode>7290000518114</ItemCode><ItemType>1</ItemType><ItemName>מתוק וקל אבקה 200 גר</ItemName><ManufacturerName>סוכרה דיאט</ManufacturerName><ManufactureCountry>ישראל</ManufactureCountry><ManufacturerItemDescription>מתוק וקל אבקה 200 גר</ManufacturerItemDescription><SoldByWeight/><Quantity>200.00</Quantity><UnitOfMeasure>גרם     </UnitOfMeasure><QtyInPackage>לא ידוע</QtyInPackage><UnitOfMeasurePrice>0.0505</UnitOfMeasurePrice><AllowDiscount>1</AllowDiscount><ItemStatus>1</ItemStatus><ItemPrice>10.10</ItemPrice></item><item><PriceUpdateDate>2015-11-18 13:58:38</PriceUpdateDate><ItemCode>7290000518176</ItemCode><ItemType>1</ItemType><ItemName>מתוק וקל ענק 250 גרם</ItemName><ManufacturerName>סוכרה דיאט</ManufacturerName><ManufactureCountry>ישראל</ManufactureCountry><ManufacturerItemDescription>מתוק וקל ענק 250 גרם</ManufacturerItemDescription><SoldByWeight/><Quantity>250.00</Quantity><UnitOfMeasure>גרם     </UnitOfMeasure><QtyInPackage>לא ידוע</QtyInPackage><UnitOfMeasurePrice>0.0948</UnitOfMeasurePrice><AllowDiscount>1</AllowDiscount><ItemStatus>1</ItemStatus><ItemPrice>23.70</ItemPrice></item><item><PriceUpdateDate>2016-08-02 07:34:55</PriceUpdateDate><ItemCode>7290000521350</ItemCode><ItemType>1</ItemType><ItemName>יין זני סגל קברנה סו</ItemName><ManufacturerName>סגל</ManufacturerName><ManufactureCountry>ישראל</ManufactureCountry><ManufacturerItemDescription>יין קברנה סוביניון סגל 75</ManufacturerItemDescription><SoldByWeight/><Quantity>750.00</Quantity><UnitOfMeasure>מ"ל</UnitOfMeasure><QtyInPackage>לא ידוע</QtyInPackage><UnitOfMeasurePrice>0.0376</UnitOfMeasurePrice><AllowDiscount>1</AllowDiscount><ItemStatus>1</ItemStatus><ItemPrice>28.20</ItemPrice></item><item><PriceUpdateDate>2016-08-02 07:34:55</PriceUpdateDate><ItemCode>7290000521381</ItemCode><ItemType>1</ItemType><ItemName>יין זניסגל מרלו קברנ</ItemName><ManufacturerName>סגל</ManufacturerName><ManufactureCountry>ישראל</ManufactureCountry><ManufacturerItemDescription>יין של סגל מרלו 66% וקברנ</ManufacturerItemDescription><SoldByWeight/><Quantity>750.00</Quantity><UnitOfMeasure>מ"ל</UnitOfMeasure><QtyInPackage>לא ידוע</QtyInPackage><UnitOfMeasurePrice>0.0376</UnitOfMeasurePrice><AllowDiscount>1</AllowDiscount><ItemStatus>1</ItemStatus><ItemPrice>28.20</ItemPrice></item><item><PriceUpdateDate>2016-08-02 07:34:55</PriceUpdateDate><ItemCode>7290000521398</ItemCode><ItemType>1</ItemType><ItemName>יין זני סגל קברנה שי</ItemName><ManufacturerName>סגל</ManufacturerName><ManufactureCountry>ישראל</ManufactureCountry><ManufacturerItemDescription>יין של סגל מרלו 66% ושירא</ManufacturerItemDescription><SoldByWeight/><Quantity>750.00</Quantity><UnitOfMeasure>מ"ל</UnitOfMeasure><QtyInPackage>לא ידוע</QtyInPackage><UnitOfMeasurePrice>0.0376</UnitOfMeasurePrice><AllowDiscount>1</AllowDiscount><ItemStatus>1</ItemStatus><ItemPrice>28.20</ItemPrice></item><item><PriceUpdateDate>2016-06-13 09:58:43</PriceUpdateDate><ItemCode>7290000522463</ItemCode><ItemType>1</ItemType><ItemName>שוקו נטול לקטוז 750</ItemName><ManufacturerName>מחלבות רמת הגולן</ManufacturerName><ManufactureCountry>לא ידוע</ManufactureCountry><ManufacturerItemDescription>שוקו נטול לקטוז 750</ManufacturerItemDescription><SoldByWeight/><Quantity>750.00</Quantity><UnitOfMeasure>מ"ל</UnitOfMeasure><QtyInPackage>לא ידוע</QtyInPackage><UnitOfMeasurePrice>0.0119</UnitOfMeasurePrice><AllowDiscount>1</AllowDiscount><ItemStatus>1</ItemStatus><ItemPrice>8.90</ItemPrice></item><item><PriceUpdateDate>2016-03-09 10:53:45</PriceUpdateDate><ItemCode>7290000523118</ItemCode><ItemType>1</ItemType><ItemName>מלח הארץ ים יבש 1 ק"</ItemName><ManufacturerName>מלח הארץ</ManufacturerName><ManufactureCountry>ישראל</ManufactureCountry><ManufacturerItemDescription>מלח הארץ ים יבש 1 ק"</ManufacturerItemDescription><SoldByWeight/><Quantity>1000.00</Quantity><UnitOfMeasure>גרם     </UnitOfMeasure><QtyInPackage>לא ידוע</QtyInPackage><UnitOfMeasurePrice>0.0079</UnitOfMeasurePrice><AllowDiscount>1</AllowDiscount><ItemStatus>1</ItemStatus><ItemPrice>7.90</ItemPrice></item><item><PriceUpdateDate>2016-05-31 06:55:06</PriceUpdateDate><ItemCode>7290000523125</ItemCode><ItemType>1</ItemType><ItemName>מלח הארץ ים יבש 250</ItemName><ManufacturerName>מלח הארץ</ManufacturerName><ManufactureCountry>ישראל</ManufactureCountry><ManufacturerItemDescription>מלח ים יבש 250 גר</ManufacturerItemDescription><SoldByWeight/><Quantity>250.00</Quantity><UnitOfMeasure>גרם     </UnitOfMeasure><QtyInPackage>לא ידוע</QtyInPackage><UnitOfMeasurePrice>0.0244</UnitOfMeasurePrice><AllowDiscount>1</AllowDiscount><ItemStatus>1</ItemStatus><ItemPrice>6.10</ItemPrice></item><item><PriceUpdateDate>2016-05-01 08:13:18</PriceUpdateDate><ItemCode>7290000523224</ItemCode><ItemType>1</ItemType><ItemName>מלח הארץ ים יבש 500</ItemName><ManufacturerName>מלח הארץ</ManufacturerName><ManufactureCountry>ישראל</ManufactureCountry><ManufacturerItemDescription>מלח ים יבש 500 גר</ManufacturerItemDescription><SoldByWeight/><Quantity>500.00</Quantity><UnitOfMeasure>גרם     </UnitOfMeasure><QtyInPackage>לא ידוע</QtyInPackage><UnitOfMeasurePrice>0.0162</UnitOfMeasurePrice><AllowDiscount>1</AllowDiscount><ItemStatus>1</ItemStatus><ItemPrice>8.10</ItemPrice></item><item><PriceUpdateDate>2016-01-12 10:02:15</PriceUpdateDate><ItemCode>7290000523514</ItemCode><ItemType>1</ItemType><ItemName>מלח הארץ דל נתרן 250</ItemName><ManufacturerName>מלח הארץ</ManufacturerName><ManufactureCountry>ישראל</ManufactureCountry><ManufacturerItemDescription>מלח ים יבש מופחת נתרן250</ManufacturerItemDescription><SoldByWeight/><Quantity>250.00</Quantity><UnitOfMeasure>גרם     </UnitOfMeasure><QtyInPackage>לא ידוע</QtyInPackage><UnitOfMeasurePrice>0.0396</UnitOfMeasurePrice><AllowDiscount>1</AllowDiscount><ItemStatus>1</ItemStatus><ItemPrice>9.90</ItemPrice></item><item><PriceUpdateDate>2016-03-29 07:04:08</PriceUpdateDate><ItemCode>7290000525969</ItemCode><ItemType>1</ItemType><ItemName>מיץ סחוט תפוזים 1 לי</ItemName><ManufacturerName>פרימור</ManufacturerName><ManufactureCountry>ישראל</ManufactureCountry><ManufacturerItemDescription>מיץ סחוט תפוזים 1 ל</ManufacturerItemDescription><SoldByWeight/><Quantity>1000.00</Quantity><UnitOfMeasure>מ"ל</UnitOfMeasure><QtyInPackage>לא ידוע</QtyInPackage><UnitOfMeasurePrice>0.0152</UnitOfMeasurePrice><AllowDiscount>1</AllowDiscount><ItemStatus>1</ItemStatus><ItemPrice>15.20</ItemPrice></item><item><PriceUpdateDate>2015-12-17 09:13:47</PriceUpdateDate><ItemCode>7290000530024</ItemCode><ItemType>3</ItemType><ItemName>נקניק תה מעושן רחב</ItemName><ManufacturerName>זוגלובק</ManufacturerName><ManufactureCountry>ישראל</ManufactureCountry><ManufacturerItemDescription>נקניק תה מעושן רחב</ManufacturerItemDescription><SoldByWeight/><Quantity>1.00</Quantity><UnitOfMeasure>ק"ג</UnitOfMeasure><QtyInPackage>לא ידוע</QtyInPackage><UnitOfMeasurePrice>44.9000</UnitOfMeasurePrice><AllowDiscount>1</AllowDiscount><ItemStatus>1</ItemStatus><ItemPrice>44.90</ItemPrice></item><item><PriceUpdateDate>2015-11-18 13:58:38</PriceUpdateDate><ItemCode>7290000530048</ItemCode><ItemType>3</ItemType><ItemName>סלמי פפרוני</ItemName><ManufacturerName>זוגלובק</ManufacturerName><ManufactureCountry>ישראל</ManufactureCountry><ManufacturerItemDescription>סלמי פפרוני</ManufacturerItemDescription><SoldByWeight/><Quantity>1.00</Quantity><UnitOfMeasure>ק"ג</UnitOfMeasure><QtyInPackage>לא ידוע</QtyInPackage><UnitOfMeasurePrice>54.0000</UnitOfMeasurePrice><AllowDiscount>1</AllowDiscount><ItemStatus>1</ItemStatus><ItemPrice>54.00</ItemPrice></item><item><PriceUpdateDate>2015-10-22 10:37:12</PriceUpdateDate><ItemCode>7290000530062</ItemCode><ItemType>3</ItemType><ItemName>מעושן איטלקי</ItemName><ManufacturerName>זוגלובק</ManufacturerName><ManufactureCountry>ישראל</ManufactureCountry><ManufacturerItemDescription>מעושן איטלקי</ManufacturerItemDescription><SoldByWeight/><Quantity>1.00</Quantity><UnitOfMeasure>ק"ג</UnitOfMeasure><QtyInPackage>לא ידוע</QtyInPackage><UnitOfMeasurePrice>77.5000</UnitOfMeasurePrice><AllowDiscount>1</AllowDiscount><ItemStatus>1</ItemStatus><ItemPrice>77.50</ItemPrice></item><item><PriceUpdateDate>2015-10-11 20:34:12</PriceUpdateDate><ItemCode>7290000530086</ItemCode><ItemType>1</ItemType><ItemName>נקניק 7000 מעושן 600</ItemName><ManufacturerName>זוגלובק</ManufacturerName><ManufactureCountry>ישראל</ManufactureCountry><ManufacturerItemDescription>נקניק 7000 מעושן 600</ManufacturerItemDescription><SoldByWeight/><Quantity>600.00</Quantity><UnitOfMeasure>גרם     </UnitOfMeasure><QtyInPackage>לא ידוע</QtyInPackage><UnitOfMeasurePrice>0.0678</UnitOfMeasurePrice><AllowDiscount>1</AllowDiscount><ItemStatus>1</ItemStatus><ItemPrice>40.70</ItemPrice></item><item><PriceUpdateDate>2015-11-18 13:58:38</PriceUpdateDate><ItemCode>7290000530109</ItemCode><ItemType>1</ItemType><ItemName>קבנוס זוג בואקום 180</ItemName><ManufacturerName>זוגלובק</ManufacturerName><ManufactureCountry>ישראל</ManufactureCountry><ManufacturerItemDescription>קבנוס זוג בואקום 180</ManufacturerItemDescription><SoldByWeight/><Quantity>360.00</Quantity><UnitOfMeasure>גרם     </UnitOfMeasure><QtyInPackage>לא ידוע</QtyInPackage><UnitOfMeasurePrice>0.1056</UnitOfMeasurePrice><AllowDiscount>1</AllowDiscount><ItemStatus>1</ItemStatus><ItemPrice>38.00</ItemPrice></item><item><PriceUpdateDate>2015-11-18 13:58:38</PriceUpdateDate><ItemCode>7290000530116</ItemCode><ItemType>1</ItemType><ItemName>נקניק 8000 בשן 470 ג</ItemName><ManufacturerName>זוגלובק</ManufacturerName><ManufactureCountry>ישראל</ManufactureCountry><ManufacturerItemDescription>נקניק תה בשן 470 גר</ManufacturerItemDescription><SoldByWeight/><Quantity>470.00</Quantity><UnitOfMeasure>גרם     </UnitOfMeasure><QtyInPackage>לא ידוע</QtyInPackage><UnitOfMeasurePrice>0.0700</UnitOfMeasurePrice><AllowDiscount>1</AllowDiscount><ItemStatus>1</ItemStatus><ItemPrice>32.90</ItemPrice></item><item><PriceUpdateDate>2015-10-22 10:37:12</PriceUpdateDate><ItemCode>7290000530178</ItemCode><ItemType>3</ItemType><ItemName>סלמי קוניאק</ItemName><ManufacturerName>זוגלובק</ManufacturerName><ManufactureCountry>ישראל</ManufactureCountry><ManufacturerItemDescription>סלמי קוניאק</ManufacturerItemDescription><SoldByWeight/><Quantity>1.00</Quantity><UnitOfMeasure>ק"ג</UnitOfMeasure><QtyInPackage>לא ידוע</QtyInPackage><UnitOfMeasurePrice>90.7000</UnitOfMeasurePrice><AllowDiscount>1</AllowDiscount><ItemStatus>1</ItemStatus><ItemPrice>90.70</ItemPrice></item><item><PriceUpdateDate>2014-11-10 06:29:12</PriceUpdateDate><ItemCode>7290000530192</ItemCode><ItemType>3</ItemType><ItemName>סרבלד 2028</ItemName><ManufacturerName>זוגלובק</ManufacturerName><ManufactureCountry>ישראל</ManufactureCountry><ManufacturerItemDescription>סרבלד 2028</ManufacturerItemDescription><SoldByWeight/><Quantity>1.00</Quantity><UnitOfMeasure>ק"ג</UnitOfMeasure><QtyInPackage>לא ידוע</QtyInPackage><UnitOfMeasurePrice>131.0000</UnitOfMeasurePrice><AllowDiscount>1</AllowDiscount><ItemStatus>1</ItemStatus><ItemPrice>131.00</ItemPrice></item><item><PriceUpdateDate>2015-11-18 13:58:38</PriceUpdateDate><ItemCode>7290000530260</ItemCode><ItemType>3</ItemType><ItemName>מורטדלה רחב</ItemName><ManufacturerName>זוגלובק</ManufacturerName><ManufactureCountry>ישראל</ManufactureCountry><ManufacturerItemDescription>מורטדלה רחב</ManufacturerItemDescription><SoldByWeight/><Quantity>1.00</Quantity><UnitOfMeasure>ק"ג</UnitOfMeasure><QtyInPackage>לא ידוע</QtyInPackage><UnitOfMeasurePrice>37.7000</UnitOfMeasurePrice><AllowDiscount>1</AllowDiscount><ItemStatus>1</ItemStatus><ItemPrice>37.70</ItemPrice></item><item><PriceUpdateDate>2016-08-10 08:23:05</PriceUpdateDate><ItemCode>7290000530291</ItemCode><ItemType>1</ItemType><ItemName>נקניק הודו 700 גרם</ItemName><ManufacturerName>זוגלובק</ManufacturerName><ManufactureCountry>ישראל</ManufactureCountry><ManufacturerItemDescription>נקניק מבשר הודו קטן יח</ManufacturerItemDescription><SoldByWeight/><Quantity>700.00</Quantity><UnitOfMeasure>גרם     </UnitOfMeasure><QtyInPackage>לא ידוע</QtyInPackage><UnitOfMeasurePrice>0.0284</UnitOfMeasurePrice><AllowDiscount>1</AllowDiscount><ItemStatus>1</ItemStatus><ItemPrice>19.90</ItemPrice></item><item><PriceUpdateDate>2014-11-10 06:29:12</PriceUpdateDate><ItemCode>7290000530345</ItemCode><ItemType>3</ItemType><ItemName>הודו נהריה בלוק 4065</ItemName><ManufacturerName>זוגלובק</ManufacturerName><ManufactureCountry>ישראל</ManufactureCountry><ManufacturerItemDescription>הודו נהריה בלוק 4065</ManufacturerItemDescription><SoldByWeight/><Quantity>1.00</Quantity><UnitOfMeasure>ק"ג</UnitOfMeasure><QtyInPackage>לא ידוע</QtyInPackage><UnitOfMeasurePrice>51.0000</UnitOfMeasurePrice><AllowDiscount>1</AllowDiscount><ItemStatus>1</ItemStatus><ItemPrice>51.00</ItemPrice></item><item><PriceUpdateDate>2015-10-11 20:34:12</PriceUpdateDate><ItemCode>7290000530369</ItemCode><ItemType>3</ItemType><ItemName>פסטרמה גולן</ItemName><ManufacturerName>זוגלובק</ManufacturerName><ManufactureCountry>ישראל</ManufactureCountry><ManufacturerItemDescription>פסטרמה גולן</ManufacturerItemDescription><SoldByWeight/><Quantity>1.00</Quantity><UnitOfMeasure>ק"ג</UnitOfMeasure><QtyInPackage>לא ידוע</QtyInPackage><UnitOfMeasurePrice>88.7000</UnitOfMeasurePrice><AllowDiscount>1</AllowDiscount><ItemStatus>1</ItemStatus><ItemPrice>88.70</ItemPrice></item><item><PriceUpdateDate>2016-05-01 08:19:17</PriceUpdateDate><ItemCode>7290000530413</ItemCode><ItemType>1</ItemType><ItemName>המבורגר זהב 400 גרם</ItemName><ManufacturerName>זוגלובק</ManufacturerName><ManufactureCountry>ישראל</ManufactureCountry><ManufacturerItemDescription>המבורגר זהב 400 גר</ManufacturerItemDescription><SoldByWeight/><Quantity>400.00</Quantity><UnitOfMeasure>גרם     </UnitOfMeasure><QtyInPackage>לא ידוע</QtyInPackage><UnitOfMeasurePrice>0.0497</UnitOfMeasurePrice><AllowDiscount>1</AllowDiscount><ItemStatus>1</ItemStatus><ItemPrice>19.90</ItemPrice></item><item><PriceUpdateDate>2015-10-22 10:37:12</PriceUpdateDate><ItemCode>7290000530444</ItemCode><ItemType>3</ItemType><ItemName>כתף בקר מעושן 5083</ItemName><ManufacturerName>זוגלובק</ManufacturerName><ManufactureCountry>ישראל</ManufactureCountry><ManufacturerItemDescription>כתף בקר מעושן 5083</ManufacturerItemDescription><SoldByWeight/><Quantity>1.00</Quantity><UnitOfMeasure>ק"ג</UnitOfMeasure><QtyInPackage>לא ידוע</QtyInPackage><UnitOfMeasurePrice>121.3000</UnitOfMeasurePrice><AllowDiscount>1</AllowDiscount><ItemStatus>1</ItemStatus><ItemPrice>121.30</ItemPrice></item><item><PriceUpdateDate>2016-06-30 06:40:57</PriceUpdateDate><ItemCode>7290000530468</ItemCode><ItemType>1</ItemType><ItemName>נקניקיות וינר 1 ק''ג</ItemName><ManufacturerName>זוגלובק</ManufacturerName><ManufactureCountry>ישראל</ManufactureCountry><ManufacturerItemDescription>נקניקיות וינר 1 ק''ג</ManufacturerItemDescription><SoldByWeight/><Quantity>1000.00</Quantity><UnitOfMeasure>גרם     </UnitOfMeasure><QtyInPackage>לא ידוע</QtyInPackage><UnitOfMeasurePrice>0.0336</UnitOfMeasurePrice><AllowDiscount>1</AllowDiscount><ItemStatus>1</ItemStatus><ItemPrice>33.60</ItemPrice></item><item><PriceUpdateDate>2016-05-01 08:19:17</PriceUpdateDate><ItemCode>7290000530703</ItemCode><ItemType>1</ItemType><ItemName>נקניק חרמון+תה 800 ג</ItemName><ManufacturerName>זוגלובק</ManufacturerName><ManufactureCountry>ישראל</ManufactureCountry><ManufacturerItemDescription>נקניק חרמון+תה 800 ג</ManufacturerItemDescription><SoldByWeight/><Quantity>800.00</Quantity><UnitOfMeasure>גרם     </UnitOfMeasure><QtyInPackage>לא ידוע</QtyInPackage><UnitOfMeasurePrice>0.0374</UnitOfMeasurePrice><AllowDiscount>1</AllowDiscount><ItemStatus>1</ItemStatus><ItemPrice>29.90</ItemPrice></item><item><PriceUpdateDate>2015-10-11 20:34:12</PriceUpdateDate><ItemCode>7290000531410</ItemCode><ItemType>3</ItemType><ItemName>פסטרמה בדבש טהור</ItemName><ManufacturerName>זוגלובק</ManufacturerName><ManufactureCountry>ישראל</ManufactureCountry><ManufacturerItemDescription>פסטרמה בדבש טהור</ManufacturerItemDescription><SoldByWeight/><Quantity>1.00</Quantity><UnitOfMeasure>ק"ג</UnitOfMeasure><QtyInPackage>לא ידוע</QtyInPackage><UnitOfMeasurePrice>87.6000</UnitOfMeasurePrice><AllowDiscount>1</AllowDiscount><ItemStatus>1</ItemStatus><ItemPrice>87.60</ItemPrice></item><item><PriceUpdateDate>2016-08-02 07:34:55</PriceUpdateDate><ItemCode>7290000531977</ItemCode><ItemType>1</ItemType><ItemName>מב בורקס 800 גרם גבי</ItemName><ManufacturerName>זוגלובק</ManufacturerName><ManufactureCountry>ישראל</ManufactureCountry><ManufacturerItemDescription>בורקס גבינה 800 גרם</ManufacturerItemDescription><SoldByWeight/><Quantity>800.00</Quantity><UnitOfMeasure>גרם     </UnitOfMeasure><QtyInPackage>לא ידוע</QtyInPackage><UnitOfMeasurePrice>0.0211</UnitOfMeasurePrice><AllowDiscount>1</AllowDiscount><ItemStatus>1</ItemStatus><ItemPrice>16.90</ItemPrice></item><item><PriceUpdateDate>2015-10-11 20:34:12</PriceUpdateDate><ItemCode>7290000532400</ItemCode><ItemType>3</ItemType><ItemName>חזה הודו ברביקיו מעד</ItemName><ManufacturerName>זוגלובק</ManufacturerName><ManufactureCountry>ישראל</ManufactureCountry><ManufacturerItemDescription>חזה הודו ברביקיו מעד</ManufacturerItemDescription><SoldByWeight/><Quantity>1.00</Quantity><UnitOfMeasure>ק"ג</UnitOfMeasure><QtyInPackage>לא ידוע</QtyInPackage><UnitOfMeasurePrice>85.6000</UnitOfMeasurePrice><AllowDiscount>1</AllowDiscount><ItemStatus>1</ItemStatus><ItemPrice>85.60</ItemPrice></item><item><PriceUpdateDate>2015-11-18 13:58:39</PriceUpdateDate><ItemCode>7290000532721</ItemCode><ItemType>3</ItemType><ItemName>כתף בקר מעושן במשקל</ItemName><ManufacturerName>זוגלובק</ManufacturerName><ManufactureCountry>ישראל</ManufactureCountry><ManufacturerItemDescription>כתף בקר מעושן במשקל</ManufacturerItemDescription><SoldByWeight/><Quantity>1.00</Quantity><UnitOfMeasure>ק"ג</UnitOfMeasure><QtyInPackage>לא ידוע</QtyInPackage><UnitOfMeasurePrice>123.0000</UnitOfMeasurePrice><AllowDiscount>1</AllowDiscount><ItemStatus>1</ItemStatus><ItemPrice>123.00</ItemPrice></item><item><PriceUpdateDate>2016-08-02 07:34:56</PriceUpdateDate><ItemCode>7290000533353</ItemCode><ItemType>1</ItemType><ItemName>מב בצק עלים זוגלובק</ItemName><ManufacturerName>זוגלובק</ManufacturerName><ManufactureCountry>ישראל</ManufactureCountry><ManufacturerItemDescription>מב בצק עלים זוגלובק</ManufacturerItemDescription><SoldByWeight/><Quantity>1000.00</Quantity><UnitOfMeasure>גרם     </UnitOfMeasure><QtyInPackage>לא ידוע</QtyInPackage><UnitOfMeasurePrice>0.0169</UnitOfMeasurePrice><AllowDiscount>1</AllowDiscount><ItemStatus>1</ItemStatus><ItemPrice>16.90</ItemPrice></item><item><PriceUpdateDate>2015-10-11 20:34:12</PriceUpdateDate><ItemCode>7290000534718</ItemCode><ItemType>3</ItemType><ItemName>חזה הודו תבור דל שומ</ItemName><ManufacturerName>זוגלובק</ManufacturerName><ManufactureCountry>ישראל</ManufactureCountry><ManufacturerItemDescription>חזה הודו תבור דל שומ</ManufacturerItemDescription><SoldByWeight/><Quantity>1.00</Quantity><UnitOfMeasure>ק"ג</UnitOfMeasure><QtyInPackage>לא ידוע</QtyInPackage><UnitOfMeasurePrice>90.7000</UnitOfMeasurePrice><AllowDiscount>1</AllowDiscount><ItemStatus>1</ItemStatus><ItemPrice>90.70</ItemPrice></item><item><PriceUpdateDate>2015-10-22 10:37:13</PriceUpdateDate><ItemCode>7290000534800</ItemCode><ItemType>3</ItemType><ItemName>פסטרמה רומנית</ItemName><ManufacturerName>זוגלובק</ManufacturerName><ManufactureCountry>ישראל</ManufactureCountry><ManufacturerItemDescription>פסטרמה רומנית</ManufacturerItemDescription><SoldByWeight/><Quantity>1.00</Quantity><UnitOfMeasure>ק"ג</UnitOfMeasure><QtyInPackage>לא ידוע</QtyInPackage><UnitOfMeasurePrice>86.0000</UnitOfMeasurePrice><AllowDiscount>1</AllowDiscount><ItemStatus>1</ItemStatus><ItemPrice>86.00</ItemPrice></item><item><PriceUpdateDate>2015-11-18 13:58:39</PriceUpdateDate><ItemCode>7290000536316</ItemCode><ItemType>1</ItemType><ItemName>שניצל טבע 1ק'ג בד"צ</ItemName><ManufacturerName>זוגלובק</ManufacturerName><ManufactureCountry>ישראל</ManufactureCountry><ManufacturerItemDescription>שניצל טבע 1ק'ג בד"צ</ManufacturerItemDescription><SoldByWeight/><Quantity>1000.00</Quantity><UnitOfMeasure>גרם     </UnitOfMeasure><QtyInPackage>לא ידוע</QtyInPackage><UnitOfMeasurePrice>0.0391</UnitOfMeasurePrice><AllowDiscount>1</AllowDiscount><ItemStatus>1</ItemStatus><ItemPrice>39.10</ItemPrice></item><item><PriceUpdateDate>2016-03-01 06:13:09</PriceUpdateDate><ItemCode>7290000536934</ItemCode><ItemType>1</ItemType><ItemName>המבורגר בלחמניה 185</ItemName><ManufacturerName>זוגלובק</ManufacturerName><ManufactureCountry>ישראל</ManufactureCountry><ManufacturerItemDescription>המבורגר בלחמניה יח</ManufacturerItemDescription><SoldByWeight/><Quantity>185.00</Quantity><UnitOfMeasure>גרם     </UnitOfMeasure><QtyInPackage>לא ידוע</QtyInPackage><UnitOfMeasurePrice>0.0822</UnitOfMeasurePrice><AllowDiscount>1</AllowDiscount><ItemStatus>1</ItemStatus><ItemPrice>15.20</ItemPrice></item><item><PriceUpdateDate>2016-06-30 06:40:57</PriceUpdateDate><ItemCode>7290000537566</ItemCode><ItemType>1</ItemType><ItemName>נקניקיות עוף זוגלובק</ItemName><ManufacturerName>זוגלובק</ManufacturerName><ManufactureCountry>ישראל</ManufactureCountry><ManufacturerItemDescription>נקניקיות עוף 400 ג טרי</ManufacturerItemDescription><SoldByWeight/><Quantity>400.00</Quantity><UnitOfMeasure>גרם     </UnitOfMeasure><QtyInPackage>לא ידוע</QtyInPackage><UnitOfMeasurePrice>0.0298</UnitOfMeasurePrice><AllowDiscount>1</AllowDiscount><ItemStatus>1</ItemStatus><ItemPrice>11.90</ItemPrice></item><item><PriceUpdateDate>2016-06-30 06:40:58</PriceUpdateDate><ItemCode>7290000537603</ItemCode><ItemType>1</ItemType><ItemName>נקניקיות עוף 1 ק'ג</ItemName><ManufacturerName>זוגלובק</ManufacturerName><ManufactureCountry>ישראל</ManufactureCountry><ManufacturerItemDescription>נקניקיות עוף 1 קג</ManufacturerItemDescription><SoldByWeight/><Quantity>1000.00</Quantity><UnitOfMeasure>גרם     </UnitOfMeasure><QtyInPackage>לא ידוע</QtyInPackage><UnitOfMeasurePrice>0.0336</UnitOfMeasurePrice><AllowDiscount>1</AllowDiscount><ItemStatus>1</ItemStatus><ItemPrice>33.60</ItemPrice></item><item><PriceUpdateDate>2015-11-18 13:58:39</PriceUpdateDate><ItemCode>7290000537610</ItemCode><ItemType>3</ItemType><ItemName>נקניק סלמי עממי</ItemName><ManufacturerName>זוגלובק</ManufacturerName><ManufactureCountry>ישראל</ManufactureCountry><ManufacturerItemDescription>נקניק סלמי עממי</ManufacturerItemDescription><SoldByWeight/><Quantity>1.00</Quantity><UnitOfMeasure>ק"ג</UnitOfMeasure><QtyInPackage>לא ידוע</QtyInPackage><UnitOfMeasurePrice>60.1000</UnitOfMeasurePrice><AllowDiscount>1</AllowDiscount><ItemStatus>1</ItemStatus><ItemPrice>60.10</ItemPrice></item><item><PriceUpdateDate>2016-05-01 08:19:17</PriceUpdateDate><ItemCode>7290000540160</ItemCode><ItemType>1</ItemType><ItemName>מב עוגיות ללא סוכר 5</ItemName><ManufacturerName>לא ידוע</ManufacturerName><ManufactureCountry>ישראל</ManufactureCountry><ManufacturerItemDescription>מב עוגיות ללא סוכר 5</ManufacturerItemDescription><SoldByWeight/><Quantity>500.00</Quantity><UnitOfMeasure>גרם     </UnitOfMeasure><QtyInPackage>לא ידוע</QtyInPackage><UnitOfMeasurePrice>0.0318</UnitOfMeasurePrice><AllowDiscount>1</AllowDiscount><ItemStatus>1</ItemStatus><ItemPrice>15.90</ItemPrice></item><item><PriceUpdateDate>2016-02-21 13:04:18</PriceUpdateDate><ItemCode>7290000551074</ItemCode><ItemType>3</ItemType><ItemName>פילה מדומה בשר מס' 6</ItemName><ManufacturerName>.N.Y.C</ManufacturerName><ManufactureCountry>ישראל</ManufactureCountry><ManufacturerItemDescription>פילה מדומה בשר מס' 6</ManufacturerItemDescription><SoldByWeight/><Quantity>1.00</Quantity><UnitOfMeasure>ק"ג</UnitOfMeasure><QtyInPackage>לא ידוע</QtyInPackage><UnitOfMeasurePrice>49.9000</UnitOfMeasurePrice><AllowDiscount>1</AllowDiscount><ItemStatus>1</ItemStatus><ItemPrice>49.90</ItemPrice></item><item><PriceUpdateDate>2016-05-02 14:15:25</PriceUpdateDate><ItemCode>7290000551098</ItemCode><ItemType>3</ItemType><ItemName>בשר מ'ס 8 מוכשר צרכנ</ItemName><ManufacturerName>לא ידוע</ManufacturerName><ManufactureCountry>ישראל</ManufactureCountry><ManufacturerItemDescription>בשר מ'ס 8 מוכשר צרכנ</ManufacturerItemDescription><SoldByWeight/><Quantity>1.00</Quantity><UnitOfMeasure>ק"ג</UnitOfMeasure><QtyInPackage>לא ידוע</QtyInPackage><UnitOfMeasurePrice>37.9000</UnitOfMeasurePrice><AllowDiscount>1</AllowDiscount><ItemStatus>1</ItemStatus><ItemPrice>37.90</ItemPrice></item><item><PriceUpdateDate>2015-05-03 08:15:16</PriceUpdateDate><ItemCode>7290000551173</ItemCode><ItemType>3</ItemType><ItemName>מוח בקר לא מוכשר קפו</ItemName><ManufacturerName>לא ממותג</ManufacturerName><ManufactureCountry>ישראל</ManufactureCountry><ManufacturerItemDescription>מוח בקר לא מוכשר קפו</ManufacturerItemDescription><SoldByWeight/><Quantity>1.00</Quantity><UnitOfMeasure>ק"ג</UnitOfMeasure><QtyInPackage>לא ידוע</QtyInPackage><UnitOfMeasurePrice>99.0000</UnitOfMeasurePrice><AllowDiscount>1</AllowDiscount><ItemStatus>1</ItemStatus><ItemPrice>99.00</ItemPrice></item><item><PriceUpdateDate>2015-12-08 17:02:37</PriceUpdateDate><ItemCode>7290000552118</ItemCode><ItemType>1</ItemType><ItemName>נקניקיות מרגז גריל ט</ItemName><ManufacturerName>טיבון ויל</ManufacturerName><ManufactureCountry>ישראל</ManufactureCountry><ManufacturerItemDescription>נקניקיות מרגז גריל 400 גר</ManufacturerItemDescription><SoldByWeight/><Quantity>400.00</Quantity><UnitOfMeasure>גרם     </UnitOfMeasure><QtyInPackage>לא ידוע</QtyInPackage><UnitOfMeasurePrice>0.0560</UnitOfMeasurePrice><AllowDiscount>1</AllowDiscount><ItemStatus>1</ItemStatus><ItemPrice>22.40</ItemPrice></item><item><PriceUpdateDate>2016-08-02 07:39:03</PriceUpdateDate><ItemCode>7290000552569</ItemCode><ItemType>1</ItemType><ItemName>מב סטייק בורגר 400 ג</ItemName><ManufacturerName>טיבון ויל</ManufacturerName><ManufactureCountry>ישראל</ManufactureCountry><ManufacturerItemDescription>סטייק בורגר בקר 400 גר</ManufacturerItemDescription><SoldByWeight/><Quantity>400.00</Quantity><UnitOfMeasure>גרם     </UnitOfMeasure><QtyInPackage>לא ידוע</QtyInPackage><UnitOfMeasurePrice>0.0472</UnitOfMeasurePrice><AllowDiscount>1</AllowDiscount><ItemStatus>1</ItemStatus><ItemPrice>18.90</ItemPrice></item><item><PriceUpdateDate>2016-08-02 07:34:56</PriceUpdateDate><ItemCode>7290000552927</ItemCode><ItemType>1</ItemType><ItemName>טחון עוף 500 גרם</ItemName><ManufacturerName>טיבון ויל</ManufacturerName><ManufactureCountry>ישראל</ManufactureCountry><ManufacturerItemDescription>טחון עוף 500 גרם</ManufacturerItemDescription><SoldByWeight/><Quantity>500.00</Quantity><UnitOfMeasure>גרם     </UnitOfMeasure><QtyInPackage>לא ידוע</QtyInPackage><UnitOfMeasurePrice>0.0304</UnitOfMeasurePrice><AllowDiscount>1</AllowDiscount><ItemStatus>1</ItemStatus><ItemPrice>15.20</ItemPrice></item><item><PriceUpdateDate>2016-08-02 07:34:56</PriceUpdateDate><ItemCode>7290000552934</ItemCode><ItemType>1</ItemType><ItemName>טחון הודו 500 גרם</ItemName><ManufacturerName>טיבון ויל</ManufacturerName><ManufactureCountry>ישראל</ManufactureCountry><ManufacturerItemDescription>טחון הודו 500 ג</ManufacturerItemDescription><SoldByWeight/><Quantity>500.00</Quantity><UnitOfMeasure>גרם     </UnitOfMeasure><QtyInPackage>לא ידוע</QtyInPackage><UnitOfMeasurePrice>0.0304</UnitOfMeasurePrice><AllowDiscount>1</AllowDiscount><ItemStatus>1</ItemStatus><ItemPrice>15.20</ItemPrice></item><item><PriceUpdateDate>2016-06-16 13:18:03</PriceUpdateDate><ItemCode>7290000554006</ItemCode><ItemType>3</ItemType><ItemName>גבינת קאשקבל  משולשי</ItemName><ManufacturerName>גד</ManufacturerName><ManufactureCountry>ישראל</ManufactureCountry><ManufacturerItemDescription>גבינת קאשקבל  משולשי</ManufacturerItemDescription><SoldByWeight/><Quantity>1.00</Quantity><UnitOfMeasure>ק"ג</UnitOfMeasure><QtyInPackage>לא ידוע</QtyInPackage><UnitOfMeasurePrice>122.3000</UnitOfMeasurePrice><AllowDiscount>1</AllowDiscount><ItemStatus>1</ItemStatus><ItemPrice>122.30</ItemPrice></item><item><PriceUpdateDate>2015-07-14 13:13:38</PriceUpdateDate><ItemCode>7290000554013</ItemCode><ItemType>3</ItemType><ItemName>גבינה לבנה 5% זיתים</ItemName><ManufacturerName>גד</ManufacturerName><ManufactureCountry>ישראל</ManufactureCountry><ManufacturerItemDescription>גבינה לבנה 5% זיתים</ManufacturerItemDescription><SoldByWeight/><Quantity>1.00</Quantity><UnitOfMeasure>ק"ג</UnitOfMeasure><QtyInPackage>לא ידוע</QtyInPackage><UnitOfMeasurePrice>29.0000</UnitOfMeasurePrice><AllowDiscount>1</AllowDiscount><ItemStatus>1</ItemStatus><ItemPrice>29.00</ItemPrice></item><item><PriceUpdateDate>2016-03-29 07:04:09</PriceUpdateDate><ItemCode>7290000554457</ItemCode><ItemType>1</ItemType><ItemName>גבינה צפתית 5% 350 ג</ItemName><ManufacturerName>גד</ManufacturerName><ManufactureCountry>ישראל</ManufactureCountry><ManufacturerItemDescription>גבינה צפתית מיני 350 גר</ManufacturerItemDescription><SoldByWeight/><Quantity>350.00</Quantity><UnitOfMeasure>גרם     </UnitOfMeasure><QtyInPackage>לא ידוע</QtyInPackage><UnitOfMeasurePrice>0.0597</UnitOfMeasurePrice><AllowDiscount>0</AllowDiscount><ItemStatus>1</ItemStatus><ItemPrice>20.90</ItemPrice></item><item><PriceUpdateDate>2016-03-29 07:04:10</PriceUpdateDate><ItemCode>7290000554471</ItemCode><ItemType>1</ItemType><ItemName>גבינת נקניק מוצרלה ט</ItemName><ManufacturerName>גד</ManufacturerName><ManufactureCountry>ישראל</ManufactureCountry><ManufacturerItemDescription>גב.מוצרלה נקניק  צמה180 ג</ManufacturerItemDescription><SoldByWeight/><Quantity>180.00</Quantity><UnitOfMeasure>גרם     </UnitOfMeasure><QtyInPackage>לא ידוע</QtyInPackage><UnitOfMeasurePrice>0.1050</UnitOfMeasurePrice><AllowDiscount>1</AllowDiscount><ItemStatus>1</ItemStatus><ItemPrice>18.90</ItemPrice></item><item><PriceUpdateDate>2016-08-02 07:39:03</PriceUpdateDate><ItemCode>7290000554532</ItemCode><ItemType>1</ItemType><ItemName>מב צפתית 5% מלח ים 2</ItemName><ManufacturerName>גד</ManufacturerName><ManufactureCountry>ישראל</ManufactureCountry><ManufacturerItemDescription>גבינה צפתית מעודנת 200 5%</ManufacturerItemDescription><SoldByWeight/><Quantity>200.00</Quantity><UnitOfMeasure>גרם     </UnitOfMeasure><QtyInPackage>לא ידוע</QtyInPackage><UnitOfMeasurePrice>0.0545</UnitOfMeasurePrice><AllowDiscount>1</AllowDiscount><ItemStatus>1</ItemStatus><ItemPrice>10.90</ItemPrice></item><item><PriceUpdateDate>2015-12-01 12:32:44</PriceUpdateDate><ItemCode>7290000554655</ItemCode><ItemType>3</ItemType><ItemName>מוצרלה מעושן 22%</ItemName><ManufacturerName>גד</ManufacturerName><ManufactureCountry>ישראל</ManufactureCountry><ManufacturerItemDescription>מוצרלה מעושן 22%</ManufacturerItemDescription><SoldByWeight/><Quantity>1.00</Quantity><UnitOfMeasure>ק"ג</UnitOfMeasure><QtyInPackage>לא ידוע</QtyInPackage><UnitOfMeasurePrice>92.7000</UnitOfMeasurePrice><AllowDiscount>1</AllowDiscount><ItemStatus>1</ItemStatus><ItemPrice>92.70</ItemPrice></item><item><PriceUpdateDate>2016-08-10 08:23:05</PriceUpdateDate><ItemCode>7290000554686</ItemCode><ItemType>1</ItemType><ItemName>לאבנה בשמן זית וזעתר</ItemName><ManufacturerName>גד</ManufacturerName><ManufactureCountry>ישראל</ManufactureCountry><ManufacturerItemDescription>לבנה בשמןזית+זעתר 250-5%ג</ManufacturerItemDescription><SoldByWeight/><Quantity>250.00</Quantity><UnitOfMeasure>גרם     </UnitOfMeasure><QtyInPackage>לא ידוע</QtyInPackage><UnitOfMeasurePrice>0.0620</UnitOfMeasurePrice><AllowDiscount>1</AllowDiscount><ItemStatus>1</ItemStatus><ItemPrice>15.50</ItemPrice></item><item><PriceUpdateDate>2015-12-01 12:32:44</PriceUpdateDate><ItemCode>7290000554754</ItemCode><ItemType>3</ItemType><ItemName>כדורי מוצרלה קטן 18%</ItemName><ManufacturerName>גד</ManufacturerName><ManufactureCountry>ישראל</ManufactureCountry><ManufacturerItemDescription>כדורי מוצרלה קטן 18%</ManufacturerItemDescription><SoldByWeight/><Quantity>1.00</Quantity><UnitOfMeasure>ק"ג</UnitOfMeasure><QtyInPackage>לא ידוע</QtyInPackage><UnitOfMeasurePrice>99.0000</UnitOfMeasurePrice><AllowDiscount>1</AllowDiscount><ItemStatus>1</ItemStatus><ItemPrice>99.00</ItemPrice></item><item><PriceUpdateDate>2016-08-02 07:39:03</PriceUpdateDate><ItemCode>7290000554792</ItemCode><ItemType>3</ItemType><ItemName>מב בולגרית 5% מעודנת</ItemName><ManufacturerName>גד</ManufacturerName><ManufactureCountry>ישראל</ManufactureCountry><ManufacturerItemDescription>מב בולגרית 5% מעודנת</ManufacturerItemDescription><SoldByWeight/><Quantity>1.00</Quantity><UnitOfMeasure>ק"ג</UnitOfMeasure><QtyInPackage>לא ידוע</QtyInPackage><UnitOfMeasurePrice>48.0000</UnitOfMeasurePrice><AllowDiscount>1</AllowDiscount><ItemStatus>1</ItemStatus><ItemPrice>48.00</ItemPrice></item><item><PriceUpdateDate>2016-06-16 13:18:03</PriceUpdateDate><ItemCode>7290000554815</ItemCode><ItemType>3</ItemType><ItemName>מוצרלה נקניק טבעי 22</ItemName><ManufacturerName>גד</ManufacturerName><ManufactureCountry>ישראל</ManufactureCountry><ManufacturerItemDescription>מוצרלה נקניק טבעי 22</ManufacturerItemDescription><SoldByWeight/><Quantity>1.00</Quantity><UnitOfMeasure>ק"ג</UnitOfMeasure><QtyInPackage>לא ידוע</QtyInPackage><UnitOfMeasurePrice>85.0000</UnitOfMeasurePrice><AllowDiscount>1</AllowDiscount><ItemStatus>1</ItemStatus><ItemPrice>85.00</ItemPrice></item><item><PriceUpdateDate>2016-06-06 12:23:09</PriceUpdateDate><ItemCode>7290000554822</ItemCode><ItemType>1</ItemType><ItemName>גבינת ריקוטה באריזה</ItemName><ManufacturerName>גד</ManufacturerName><ManufactureCountry>ישראל</ManufactureCountry><ManufacturerItemDescription>גבינה ריקוטה 250 גר</ManufacturerItemDescription><SoldByWeight/><Quantity>250.00</Quantity><UnitOfMeasure>גרם     </UnitOfMeasure><QtyInPackage>לא ידוע</QtyInPackage><UnitOfMeasurePrice>0.0592</UnitOfMeasurePrice><AllowDiscount>1</AllowDiscount><ItemStatus>1</ItemStatus><ItemPrice>14.80</ItemPrice></item><item><PriceUpdateDate>2016-06-02 11:51:10</PriceUpdateDate><ItemCode>7290000554921</ItemCode><ItemType>3</ItemType><ItemName>ריקוטה 5% גד</ItemName><ManufacturerName>גד</ManufacturerName><ManufactureCountry>ישראל</ManufactureCountry><ManufacturerItemDescription>ריקוטה 5% גד</ManufacturerItemDescription><SoldByWeight/><Quantity>1.00</Quantity><UnitOfMeasure>ק"ג</UnitOfMeasure><QtyInPackage>לא ידוע</QtyInPackage><UnitOfMeasurePrice>59.0000</UnitOfMeasurePrice><AllowDiscount>1</AllowDiscount><ItemStatus>1</ItemStatus><ItemPrice>59.00</ItemPrice></item><item><PriceUpdateDate>2015-11-17 14:13:14</PriceUpdateDate><ItemCode>7290000554983</ItemCode><ItemType>3</ItemType><ItemName>לאבנה טבעית 5% במשקל</ItemName><ManufacturerName>גד</ManufacturerName><ManufactureCountry>ישראל</ManufactureCountry><ManufacturerItemDescription>לאבנה טבעית 5% במשקל</ManufacturerItemDescription><SoldByWeight/><Quantity>1.00</Quantity><UnitOfMeasure>ק"ג</UnitOfMeasure><QtyInPackage>לא ידוע</QtyInPackage><UnitOfMeasurePrice>42.0000</UnitOfMeasurePrice><AllowDiscount>1</AllowDiscount><ItemStatus>1</ItemStatus><ItemPrice>42.00</ItemPrice></item><item><PriceUpdateDate>2016-05-31 07:02:20</PriceUpdateDate><ItemCode>7290000560540</ItemCode><ItemType>1</ItemType><ItemName>ג'ל גילוח אדג' לעור</ItemName><ManufacturerName>אדג'</ManufacturerName><ManufactureCountry>ארצות הברית</ManufactureCountry><ManufacturerItemDescription>בסיס להכנת קצפת 425 מ"ל</ManufacturerItemDescription><SoldByWeight/><Quantity>200.00</Quantity><UnitOfMeasure>מ"ל</UnitOfMeasure><QtyInPackage>לא ידוע</QtyInPackage><UnitOfMeasurePrice>0.0895</UnitOfMeasurePrice><AllowDiscount>1</AllowDiscount><ItemStatus>1</ItemStatus><ItemPrice>17.90</ItemPrice></item><item><PriceUpdateDate>2016-06-28 07:39:00</PriceUpdateDate><ItemCode>7290000571119</ItemCode><ItemType>3</ItemType><ItemName>גאודה טבעית חריץ בית</ItemName><ManufacturerName>בית יצחק</ManufacturerName><ManufactureCountry>ישראל</ManufactureCountry><ManufacturerItemDescription>גאודה טבעית חריץ בית</ManufacturerItemDescription><SoldByWeight/><Quantity>1.00</Quantity><UnitOfMeasure>ק"ג</UnitOfMeasure><QtyInPackage>לא ידוע</QtyInPackage><UnitOfMeasurePrice>113.1000</UnitOfMeasurePrice><AllowDiscount>1</AllowDiscount><ItemStatus>1</ItemStatus><ItemPrice>113.10</ItemPrice></item><item><PriceUpdateDate>2016-02-23 12:07:49</PriceUpdateDate><ItemCode>7290000572208</ItemCode><ItemType>1</ItemType><ItemName>חלבה וניל 100 גרם</ItemName><ManufacturerName>אחווה</ManufacturerName><ManufactureCountry>ישראל</ManufactureCountry><ManufacturerItemDescription>חלבה אחוה 100 גר</ManufacturerItemDescription><SoldByWeight/><Quantity>100.00</Quantity><UnitOfMeasure>גרם     </UnitOfMeasure><QtyInPackage>לא ידוע</QtyInPackage><UnitOfMeasurePrice>0.0390</UnitOfMeasurePrice><AllowDiscount>1</AllowDiscount><ItemStatus>1</ItemStatus><ItemPrice>3.90</ItemPrice></item><item><PriceUpdateDate>2016-02-23 12:07:49</PriceUpdateDate><ItemCode>7290000572215</ItemCode><ItemType>1</ItemType><ItemName>חלבה מצופה  80 גרם</ItemName><ManufacturerName>אחוה</ManufacturerName><ManufactureCountry>ישראל</ManufactureCountry><ManufacturerItemDescription>חלבה מצופה 80 גר</ManufacturerItemDescription><SoldByWeight/><Quantity>14.00</Quantity><UnitOfMeasure>גרם     </UnitOfMeasure><QtyInPackage>לא ידוע</QtyInPackage><UnitOfMeasurePrice>0.2786</UnitOfMeasurePrice><AllowDiscount>1</AllowDiscount><ItemStatus>1</ItemStatus><ItemPrice>3.90</ItemPrice></item><item><PriceUpdateDate>2016-05-31 07:02:21</PriceUpdateDate><ItemCode>7290000572222</ItemCode><ItemType>1</ItemType><ItemName>חלבה וניל אחוה 500 ג</ItemName><ManufacturerName>אחוה</ManufacturerName><ManufactureCountry>ישראל</ManufactureCountry><ManufacturerItemDescription>חלבה וניל אחוה 500 ג</ManufacturerItemDescription><SoldByWeight/><Quantity>500.00</Quantity><UnitOfMeasure>גרם     </UnitOfMeasure><QtyInPackage>לא ידוע</QtyInPackage><UnitOfMeasurePrice>0.0230</UnitOfMeasurePrice><AllowDiscount>1</AllowDiscount><ItemStatus>1</ItemStatus><ItemPrice>11.50</ItemPrice></item><item><PriceUpdateDate>2015-11-18 13:58:40</PriceUpdateDate><ItemCode>7290000572642</ItemCode><ItemType>1</ItemType><ItemName>חלבה לייט  500 גרם</ItemName><ManufacturerName>אחוה</ManufacturerName><ManufactureCountry>ישראל</ManufactureCountry><ManufacturerItemDescription>חלבה לייט  500 גרם</ManufacturerItemDescription><SoldByWeight/><Quantity>500.00</Quantity><UnitOfMeasure>גרם     </UnitOfMeasure><QtyInPackage>לא ידוע</QtyInPackage><UnitOfMeasurePrice>0.0508</UnitOfMeasurePrice><AllowDiscount>1</AllowDiscount><ItemStatus>1</ItemStatus><ItemPrice>25.40</ItemPrice></item><item><PriceUpdateDate>2016-05-20 07:13:59</PriceUpdateDate><ItemCode>7290000574035</ItemCode><ItemType>1</ItemType><ItemName>לחם פרוס אחיד 750 גר</ItemName><ManufacturerName>דגנית</ManufacturerName><ManufactureCountry>ישראל</ManufactureCountry><ManufacturerItemDescription>לחם אחיד פרוס 750 גר</ManufacturerItemDescription><SoldByWeight/><Quantity>750.00</Quantity><UnitOfMeasure>גרם     </UnitOfMeasure><QtyInPackage>לא ידוע</QtyInPackage><UnitOfMeasurePrice>0.0091</UnitOfMeasurePrice><AllowDiscount>1</AllowDiscount><ItemStatus>1</ItemStatus><ItemPrice>6.79</ItemPrice></item><item><PriceUpdateDate>2016-05-31 07:02:21</PriceUpdateDate><ItemCode>7290000574141</ItemCode><ItemType>1</ItemType><ItemName>לחם חיטה מלאה 750 גר</ItemName><ManufacturerName>דגנית</ManufacturerName><ManufactureCountry>ישראל</ManufactureCountry><ManufacturerItemDescription>לחם חיטה מלא 750 גרם</ManufacturerItemDescription><SoldByWeight/><Quantity>750.00</Quantity><UnitOfMeasure>גרם     </UnitOfMeasure><QtyInPackage>לא ידוע</QtyInPackage><UnitOfMeasurePrice>0.0153</UnitOfMeasurePrice><AllowDiscount>1</AllowDiscount><ItemStatus>1</ItemStatus><ItemPrice>11.50</ItemPrice></item><item><PriceUpdateDate>2016-08-02 07:39:03</PriceUpdateDate><ItemCode>7290000574172</ItemCode><ItemType>1</ItemType><ItemName>מב לחם קל מחיטה מלאה</ItemName><ManufacturerName>דגנית</ManufacturerName><ManufactureCountry>ישראל</ManufactureCountry><ManufacturerItemDescription>לחם קל מחיטה מלאה 750 גרם</ManufacturerItemDescription><SoldByWeight/><Quantity>750.00</Quantity><UnitOfMeasure>גרם     </UnitOfMeasure><QtyInPackage>לא ידוע</QtyInPackage><UnitOfMeasurePrice>0.0172</UnitOfMeasurePrice><AllowDiscount>0</AllowDiscount><ItemStatus>1</ItemStatus><ItemPrice>12.90</ItemPrice></item><item><PriceUpdateDate>2015-11-18 13:58:40</PriceUpdateDate><ItemCode>7290000574257</ItemCode><ItemType>1</ItemType><ItemName>לחם אחיד קל פרוס 750</ItemName><ManufacturerName>דגנית</ManufacturerName><ManufactureCountry>ישראל</ManufactureCountry><ManufacturerItemDescription>לחם שחור פרוס קל750 גר</ManufacturerItemDescription><SoldByWeight/><Quantity>750.00</Quantity><UnitOfMeasure>גרם     </UnitOfMeasure><QtyInPackage>לא ידוע</QtyInPackage><UnitOfMeasurePrice>0.0219</UnitOfMeasurePrice><AllowDiscount>1</AllowDiscount><ItemStatus>1</ItemStatus><ItemPrice>16.40</ItemPrice></item><item><PriceUpdateDate>2016-08-02 07:39:04</PriceUpdateDate><ItemCode>7290000574455</ItemCode><ItemType>1</ItemType><ItemName>מב לחם חיטה מלא+כוסמ</ItemName><ManufacturerName>דגנית עין בר</ManufacturerName><ManufactureCountry>לא ידוע</ManufactureCountry><ManufacturerItemDescription>מב לחם חיטה מלא+כוסמ</ManufacturerItemDescription><SoldByWeight/><Quantity>750.00</Quantity><UnitOfMeasure>גרם     </UnitOfMeasure><QtyInPackage>לא ידוע</QtyInPackage><UnitOfMeasurePrice>0.0172</UnitOfMeasurePrice><AllowDiscount>1</AllowDiscount><ItemStatus>1</ItemStatus><ItemPrice>12.90</ItemPrice></item><item><PriceUpdateDate>2015-11-18 13:58:40</PriceUpdateDate><ItemCode>7290000574509</ItemCode><ItemType>1</ItemType><ItemName>לחמניות חצויות 6 יחי</ItemName><ManufacturerName>דגנית</ManufacturerName><ManufactureCountry>ישראל</ManufactureCountry><ManufacturerItemDescription>לחמניות חצויות</ManufacturerItemDescription><SoldByWeight/><Quantity>450.00</Quantity><UnitOfMeasure>גרם     </UnitOfMeasure><QtyInPackage>לא ידוע</QtyInPackage><UnitOfMeasurePrice>0.0298</UnitOfMeasurePrice><AllowDiscount>1</AllowDiscount><ItemStatus>1</ItemStatus><ItemPrice>13.40</ItemPrice></item><item><PriceUpdateDate>2016-04-11 09:34:41</PriceUpdateDate><ItemCode>7290000611136</ItemCode><ItemType>3</ItemType><ItemName>כבד עוף קפוא</ItemName><ManufacturerName>עוף טנא</ManufacturerName><ManufactureCountry>ישראל</ManufactureCountry><ManufacturerItemDescription>כבד עוף קפוא</ManufacturerItemDescription><SoldByWeight/><Quantity>1.00</Quantity><UnitOfMeasure>ק"ג</UnitOfMeasure><QtyInPackage>לא ידוע</QtyInPackage><UnitOfMeasurePrice>12.9000</UnitOfMeasurePrice><AllowDiscount>1</AllowDiscount><ItemStatus>1</ItemStatus><ItemPrice>12.90</ItemPrice></item><item><PriceUpdateDate>2016-04-11 09:34:41</PriceUpdateDate><ItemCode>7290000611174</ItemCode><ItemType>3</ItemType><ItemName>כנפיים עוף  קפוא</ItemName><ManufacturerName>לא ידוע</ManufacturerName><ManufactureCountry>ישראל</ManufactureCountry><ManufacturerItemDescription>כנפיים עוף לקג מגש קפוא</ManufacturerItemDescription><SoldByWeight/><Quantity>1.00</Quantity><UnitOfMeasure>ק"ג</UnitOfMeasure><QtyInPackage>לא ידוע</QtyInPackage><UnitOfMeasurePrice>7.9000</UnitOfMeasurePrice><AllowDiscount>1</AllowDiscount><ItemStatus>1</ItemStatus><ItemPrice>7.90</ItemPrice></item><item><PriceUpdateDate>2016-08-04 11:35:52</PriceUpdateDate><ItemCode>7290000612157</ItemCode><ItemType>3</ItemType><ItemName>סטייק פרגיות ארוז</ItemName><ManufacturerName>עוף טנא</ManufacturerName><ManufactureCountry>לא ידוע</ManufactureCountry><ManufacturerItemDescription>סטייק פרגיות ארוז</ManufacturerItemDescription><SoldByWeight/><Quantity>1.00</Quantity><UnitOfMeasure>ק"ג</UnitOfMeasure><QtyInPackage>לא ידוע</QtyInPackage><UnitOfMeasurePrice>49.9000</UnitOfMeasurePrice><AllowDiscount>1</AllowDiscount><ItemStatus>1</ItemStatus><ItemPrice>49.90</ItemPrice></item><item><PriceUpdateDate>2015-12-27 08:48:42</PriceUpdateDate><ItemCode>7290000644783</ItemCode><ItemType>3</ItemType><ItemName>נתחי פילה סלמון קפוא</ItemName><ManufacturerName>דגי תנובה</ManufacturerName><ManufactureCountry>ישראל</ManufactureCountry><ManufacturerItemDescription>מנות סלמון בואקום לקג</ManufacturerItemDescription><SoldByWeight/><Quantity>1.00</Quantity><UnitOfMeasure>ק"ג</UnitOfMeasure><QtyInPackage>לא ידוע</QtyInPackage><UnitOfMeasurePrice>84.9000</UnitOfMeasurePrice><AllowDiscount>1</AllowDiscount><ItemStatus>1</ItemStatus><ItemPrice>84.90</ItemPrice></item><item><PriceUpdateDate>2015-11-18 13:58:41</PriceUpdateDate><ItemCode>7290000681160</ItemCode><ItemType>1</ItemType><ItemName>מטליות וילדה אנטי בק</ItemName><ManufacturerName>וילדה</ManufacturerName><ManufactureCountry>גרמניה</ManufactureCountry><ManufacturerItemDescription>מי פה קולגייט   ירוק500מ</ManufacturerItemDescription><SoldByWeight/><Quantity>0.00</Quantity><UnitOfMeasure>יח'</UnitOfMeasure><QtyInPackage>לא ידוע</QtyInPackage><UnitOfMeasurePrice>0.0000</UnitOfMeasurePrice><AllowDiscount>1</AllowDiscount><ItemStatus>1</ItemStatus><ItemPrice>15.40</ItemPrice></item><item><PriceUpdateDate>2016-01-04 21:06:05</PriceUpdateDate><ItemCode>7290000684338</ItemCode><ItemType>1</ItemType><ItemName>פילטר בריטה בודד</ItemName><ManufacturerName>לא ידוע</ManufacturerName><ManufactureCountry>ישראל</ManufactureCountry><ManufacturerItemDescription>פילטר בריטה בודד</ManufacturerItemDescription><SoldByWeight/><Quantity>0.00</Quantity><UnitOfMeasure>יח'</UnitOfMeasure><QtyInPackage>לא ידוע</QtyInPackage><UnitOfMeasurePrice>0.0000</UnitOfMeasurePrice><AllowDiscount>1</AllowDiscount><ItemStatus>1</ItemStatus><ItemPrice>40.70</ItemPrice></item><item><PriceUpdateDate>2016-08-10 08:23:06</PriceUpdateDate><ItemCode>7290000688084</ItemCode><ItemType>1</ItemType><ItemName>מי עדן ספורט . 0.5 ל</ItemName><ManufacturerName>מי עדן</ManufacturerName><ManufactureCountry>ישראל</ManufactureCountry><ManufacturerItemDescription>מי עדן 1/2 ליטר ספורט</ManufacturerItemDescription><SoldByWeight/><Quantity>500.00</Quantity><UnitOfMeasure>מ"ל</UnitOfMeasure><QtyInPackage>לא ידוע</QtyInPackage><UnitOfMeasurePrice>0.0104</UnitOfMeasurePrice><AllowDiscount>1</AllowDiscount><ItemStatus>1</ItemStatus><ItemPrice>5.20</ItemPrice></item><item><PriceUpdateDate>2016-08-10 08:23:06</PriceUpdateDate><ItemCode>7290000688114</ItemCode><ItemType>1</ItemType><ItemName>מי עדן 1.5 ליטר</ItemName><ManufacturerName>מי עדן</ManufacturerName><ManufactureCountry>ישראל</ManufactureCountry><ManufacturerItemDescription>מי עדן 1.5 ליטר</ManufacturerItemDescription><SoldByWeight/><Quantity>1500.00</Quantity><UnitOfMeasure>מ"ל</UnitOfMeasure><QtyInPackage>לא ידוע</QtyInPackage><UnitOfMeasurePrice>0.0028</UnitOfMeasurePrice><AllowDiscount>1</AllowDiscount><ItemStatus>1</ItemStatus><ItemPrice>4.20</ItemPrice></item><item><PriceUpdateDate>2015-11-18 13:58:41</PriceUpdateDate><ItemCode>7290000688374</ItemCode><ItemType>1</ItemType><ItemName>מי עדן קטקטים 6 יח 2</ItemName><ManufacturerName>מי עדן</ManufacturerName><ManufactureCountry>ישראל</ManufactureCountry><ManufacturerItemDescription>מי עדן קטקטים 6 יח 2</ManufacturerItemDescription><SoldByWeight/><Quantity>1500.00</Quantity><UnitOfMeasure>מ"ל</UnitOfMeasure><QtyInPackage>לא ידוע</QtyInPackage><UnitOfMeasurePrice>0.0112</UnitOfMeasurePrice><AllowDiscount>1</AllowDiscount><ItemStatus>1</ItemStatus><ItemPrice>16.80</ItemPrice></item><item><PriceUpdateDate>2016-08-02 07:39:04</PriceUpdateDate><ItemCode>7290000688381</ItemCode><ItemType>1</ItemType><ItemName>מב מי עדן ספורט שישי</ItemName><ManufacturerName>מי עדן</ManufacturerName><ManufactureCountry>ישראל</ManufactureCountry><ManufacturerItemDescription>מי עדן 1/2 ליטר 1/6 אישי</ManufacturerItemDescription><SoldByWeight/><Quantity>3000.00</Quantity><UnitOfMeasure>מ"ל</UnitOfMeasure><QtyInPackage>לא ידוע</QtyInPackage><UnitOfMeasurePrice>0.0040</UnitOfMeasurePrice><AllowDiscount>1</AllowDiscount><ItemStatus>1</ItemStatus><ItemPrice>11.90</ItemPrice></item><item><PriceUpdateDate>2016-08-10 08:23:06</PriceUpdateDate><ItemCode>7290000688466</ItemCode><ItemType>1</ItemType><ItemName>מי עדן 750 מל' ספורט</ItemName><ManufacturerName>מי עדן</ManufacturerName><ManufactureCountry>ישראל</ManufactureCountry><ManufacturerItemDescription>מי עדן ספורט 750 GYM מל</ManufacturerItemDescription><SoldByWeight/><Quantity>750.00</Quantity><UnitOfMeasure>מ"ל</UnitOfMeasure><QtyInPackage>לא ידוע</QtyInPackage><UnitOfMeasurePrice>0.0079</UnitOfMeasurePrice><AllowDiscount>1</AllowDiscount><ItemStatus>1</ItemStatus><ItemPrice>5.90</ItemPrice></item><item><PriceUpdateDate>2016-08-10 08:23:06</PriceUpdateDate><ItemCode>7290000688503</ItemCode><ItemType>1</ItemType><ItemName>שישיית מי עדן 750 מ"</ItemName><ManufacturerName>מי עדן</ManufacturerName><ManufactureCountry>ישראל</ManufactureCountry><ManufacturerItemDescription>מי עדן ספורט</ManufacturerItemDescription><SoldByWeight/><Quantity>4500.00</Quantity><UnitOfMeasure>מ"ל</UnitOfMeasure><QtyInPackage>לא ידוע</QtyInPackage><UnitOfMeasurePrice>0.0048</UnitOfMeasurePrice><AllowDiscount>1</AllowDiscount><ItemStatus>1</ItemStatus><ItemPrice>21.70</ItemPrice></item><item><PriceUpdateDate>2016-05-31 06:55:09</PriceUpdateDate><ItemCode>7290000688732</ItemCode><ItemType>1</ItemType><ItemName>מי עדן שישייה 1.5 לי</ItemName><ManufacturerName>מי עדן</ManufacturerName><ManufactureCountry>ישראל</ManufactureCountry><ManufacturerItemDescription>מי עדן 1.5 ל משפחתי שישיי</ManufacturerItemDescription><SoldByWeight/><Quantity>9000.00</Quantity><UnitOfMeasure>מ"ל</UnitOfMeasure><QtyInPackage>לא ידוע</QtyInPackage><UnitOfMeasurePrice>0.0013</UnitOfMeasurePrice><AllowDiscount>1</AllowDiscount><ItemStatus>1</ItemStatus><ItemPrice>11.50</ItemPrice></item><item><PriceUpdateDate>2016-05-01 08:13:19</PriceUpdateDate><ItemCode>7290000692203</ItemCode><ItemType>1</ItemType><ItemName>אג'קס ניקוי כללי ריח</ItemName><ManufacturerName>אג'קס</ManufacturerName><ManufactureCountry>ישראל</ManufactureCountry><ManufacturerItemDescription>אג'קס ניקוי כללילימון 2ל</ManufacturerItemDescription><SoldByWeight/><Quantity>2000.00</Quantity><UnitOfMeasure>מ"ל</UnitOfMeasure><QtyInPackage>לא ידוע</QtyInPackage><UnitOfMeasurePrice>0.0151</UnitOfMeasurePrice><AllowDiscount>1</AllowDiscount><ItemStatus>1</ItemStatus><ItemPrice>30.10</ItemPrice></item><item><PriceUpdateDate>2016-01-11 07:09:17</PriceUpdateDate><ItemCode>7290000692227</ItemCode><ItemType>1</ItemType><ItemName>נוזל כלים פלמוליב צי</ItemName><ManufacturerName>פלמוליב</ManufacturerName><ManufactureCountry>יוון</ManufactureCountry><ManufacturerItemDescription>פלמוליב לכלים   לים 1 ל'</ManufacturerItemDescription><SoldByWeight/><Quantity>1000.00</Quantity><UnitOfMeasure>מ"ל</UnitOfMeasure><QtyInPackage>לא ידוע</QtyInPackage><UnitOfMeasurePrice>0.0149</UnitOfMeasurePrice><AllowDiscount>1</AllowDiscount><ItemStatus>1</ItemStatus><ItemPrice>14.90</ItemPrice></item><item><PriceUpdateDate>2016-08-02 07:34:57</PriceUpdateDate><ItemCode>7290000692456</ItemCode><ItemType>1</ItemType><ItemName>אג'קס זוג לחלונות 75</ItemName><ManufacturerName>אג'קס</ManufacturerName><ManufactureCountry>ישראל</ManufactureCountry><ManufacturerItemDescription>אג'קס לחלונות   7מל</ManufacturerItemDescription><SoldByWeight/><Quantity>1500.00</Quantity><UnitOfMeasure>מ"ל</UnitOfMeasure><QtyInPackage>לא ידוע</QtyInPackage><UnitOfMeasurePrice>0.0191</UnitOfMeasurePrice><AllowDiscount>1</AllowDiscount><ItemStatus>1</ItemStatus><ItemPrice>28.60</ItemPrice></item><item><PriceUpdateDate>2016-03-17 09:36:48</PriceUpdateDate><ItemCode>7290000692937</ItemCode><ItemType>1</ItemType><ItemName>משחת שיניים קולגייט</ItemName><ManufacturerName>קולגייט</ManufacturerName><ManufactureCountry>פולין</ManufactureCountry><ManufacturerItemDescription>ואזלין טהור     גרם</ManufacturerItemDescription><SoldByWeight/><Quantity>200.00</Quantity><UnitOfMeasure>מ"ל</UnitOfMeasure><QtyInPackage>לא ידוע</QtyInPackage><UnitOfMeasurePrice>0.0995</UnitOfMeasurePrice><AllowDiscount>1</AllowDiscount><ItemStatus>1</ItemStatus><ItemPrice>19.90</ItemPrice></item><item><PriceUpdateDate>2016-06-28 09:28:51</PriceUpdateDate><ItemCode>7290000803180</ItemCode><ItemType>1</ItemType><ItemName>מי פה מרידול לשטיפה</ItemName><ManufacturerName>מרידול</ManufacturerName><ManufactureCountry>ישראל</ManufactureCountry><ManufacturerItemDescription>שטיפה מרידול    דול 400מ</ManufacturerItemDescription><SoldByWeight/><Quantity>400.00</Quantity><UnitOfMeasure>מ"ל</UnitOfMeasure><QtyInPackage>לא ידוע</QtyInPackage><UnitOfMeasurePrice>0.0893</UnitOfMeasurePrice><AllowDiscount>1</AllowDiscount><ItemStatus>1</ItemStatus><ItemPrice>35.70</ItemPrice></item><item><PriceUpdateDate>2016-08-02 07:39:04</PriceUpdateDate><ItemCode>7290000805900</ItemCode><ItemType>1</ItemType><ItemName>מב לה קט עוף 2.85 ק"</ItemName><ManufacturerName>לה קט</ManufacturerName><ManufactureCountry>ישראל</ManufactureCountry><ManufacturerItemDescription>לה קט טעם עוף 2.85 קג</ManufacturerItemDescription><SoldByWeight/><Quantity>2850.00</Quantity><UnitOfMeasure>גרם     </UnitOfMeasure><QtyInPackage>לא ידוע</QtyInPackage><UnitOfMeasurePrice>0.0175</UnitOfMeasurePrice><AllowDiscount>1</AllowDiscount><ItemStatus>1</ItemStatus><ItemPrice>49.90</ItemPrice></item><item><PriceUpdateDate>2016-08-02 07:39:04</PriceUpdateDate><ItemCode>7290000805924</ItemCode><ItemType>1</ItemType><ItemName>מב לה קט דגים 2.85 ק</ItemName><ManufacturerName>לה קט</ManufacturerName><ManufactureCountry>ישראל</ManufactureCountry><ManufacturerItemDescription>מב לה קט דגים 2.85 ק</ManufacturerItemDescription><SoldByWeight/><Quantity>2850.00</Quantity><UnitOfMeasure>גרם     </UnitOfMeasure><QtyInPackage>לא ידוע</QtyInPackage><UnitOfMeasurePrice>0.0175</UnitOfMeasurePrice><AllowDiscount>1</AllowDiscount><ItemStatus>1</ItemStatus><ItemPrice>49.90</ItemPrice></item><item><PriceUpdateDate>2015-11-18 13:58:42</PriceUpdateDate><ItemCode>7290000907970</ItemCode><ItemType>3</ItemType><ItemName>פסטרמה כפרית במשקל</ItemName><ManufacturerName>טירת צבי</ManufacturerName><ManufactureCountry>ישראל</ManufactureCountry><ManufacturerItemDescription>פסטרמה כפרית במשקל</ManufacturerItemDescription><SoldByWeight/><Quantity>1.00</Quantity><UnitOfMeasure>ק"ג</UnitOfMeasure><QtyInPackage>לא ידוע</QtyInPackage><UnitOfMeasurePrice>57.0000</UnitOfMeasurePrice><AllowDiscount>1</AllowDiscount><ItemStatus>1</ItemStatus><ItemPrice>57.00</ItemPrice></item><item><PriceUpdateDate>2016-04-07 10:02:03</PriceUpdateDate><ItemCode>7290000939995</ItemCode><ItemType>3</ItemType><ItemName>עוף טרי שלם</ItemName><ManufacturerName>לא ממותג</ManufacturerName><ManufactureCountry>ישראל</ManufactureCountry><ManufacturerItemDescription>עוף טרי שלם</ManufacturerItemDescription><SoldByWeight/><Quantity>1.00</Quantity><UnitOfMeasure>ק"ג</UnitOfMeasure><QtyInPackage>לא ידוע</QtyInPackage><UnitOfMeasurePrice>19.9000</UnitOfMeasurePrice><AllowDiscount>1</AllowDiscount><ItemStatus>1</ItemStatus><ItemPrice>19.90</ItemPrice></item><item><PriceUpdateDate>2016-03-01 10:18:35</PriceUpdateDate><ItemCode>7290000940007</ItemCode><ItemType>3</ItemType><ItemName>עוף כולל פירוק</ItemName><ManufacturerName>לא ממותג</ManufacturerName><ManufactureCountry>ישראל</ManufactureCountry><ManufacturerItemDescription>עוף כולל פירוק</ManufacturerItemDescription><SoldByWeight/><Quantity>1.00</Quantity><UnitOfMeasure>ק"ג</UnitOfMeasure><QtyInPackage>לא ידוע</QtyInPackage><UnitOfMeasurePrice>26.9000</UnitOfMeasurePrice><AllowDiscount>1</AllowDiscount><ItemStatus>1</ItemStatus><ItemPrice>26.90</ItemPrice></item><item><PriceUpdateDate>2016-04-26 09:00:54</PriceUpdateDate><ItemCode>7290000940014</ItemCode><ItemType>3</ItemType><ItemName>כרעיים עוף  טרי</ItemName><ManufacturerName>לא ממותג</ManufacturerName><ManufactureCountry>ישראל</ManufactureCountry><ManufacturerItemDescription>כרעיים עוף  טרי</ManufacturerItemDescription><SoldByWeight/><Quantity>1.00</Quantity><UnitOfMeasure>ק"ג</UnitOfMeasure><QtyInPackage>לא ידוע</QtyInPackage><UnitOfMeasurePrice>29.9000</UnitOfMeasurePrice><AllowDiscount>1</AllowDiscount><ItemStatus>1</ItemStatus><ItemPrice>29.90</ItemPrice></item><item><PriceUpdateDate>2015-12-31 09:46:30</PriceUpdateDate><ItemCode>7290000940021</ItemCode><ItemType>3</ItemType><ItemName>שוקיים טרי</ItemName><ManufacturerName>לא ממותג</ManufacturerName><ManufactureCountry>ישראל</ManufactureCountry><ManufacturerItemDescription>שוקיים טרי</ManufacturerItemDescription><SoldByWeight/><Quantity>1.00</Quantity><UnitOfMeasure>ק"ג</UnitOfMeasure><QtyInPackage>לא ידוע</QtyInPackage><UnitOfMeasurePrice>33.9000</UnitOfMeasurePrice><AllowDiscount>1</AllowDiscount><ItemStatus>1</ItemStatus><ItemPrice>33.90</ItemPrice></item><item><PriceUpdateDate>2015-12-29 09:07:33</PriceUpdateDate><ItemCode>7290000940045</ItemCode><ItemType>3</ItemType><ItemName>כנפיים עוף טרי</ItemName><ManufacturerName>לא ממותג</ManufacturerName><ManufactureCountry>ישראל</ManufactureCountry><ManufacturerItemDescription>כנפיים עוף טרי</ManufacturerItemDescription><SoldByWeight/><Quantity>1.00</Quantity><UnitOfMeasure>ק"ג</UnitOfMeasure><QtyInPackage>לא ידוע</QtyInPackage><UnitOfMeasurePrice>9.9000</UnitOfMeasurePrice><AllowDiscount>1</AllowDiscount><ItemStatus>1</ItemStatus><ItemPrice>9.90</ItemPrice></item><item><PriceUpdateDate>2015-12-01 12:34:40</PriceUpdateDate><ItemCode>7290000940052</ItemCode><ItemType>3</ItemType><ItemName>כבד עוף טרי לצליה</ItemName><ManufacturerName>לא ממותג</ManufacturerName><ManufactureCountry>ישראל</ManufactureCountry><ManufacturerItemDescription>כבד עוף טרי לצליה</ManufacturerItemDescription><SoldByWeight/><Quantity>1.00</Quantity><UnitOfMeasure>ק"ג</UnitOfMeasure><QtyInPackage>לא ידוע</QtyInPackage><UnitOfMeasurePrice>17.9000</UnitOfMeasurePrice><AllowDiscount>1</AllowDiscount><ItemStatus>1</ItemStatus><ItemPrice>17.90</ItemPrice></item><item><PriceUpdateDate>2016-04-25 08:29:02</PriceUpdateDate><ItemCode>7290000940076</ItemCode><ItemType>3</ItemType><ItemName>חזה עוף שלם טרי</ItemName><ManufacturerName>לא ממותג</ManufacturerName><ManufactureCountry>ישראל</ManufactureCountry><ManufacturerItemDescription>חזה עוף שלם טרי</ManufacturerItemDescription><SoldByWeight/><Quantity>1.00</Quantity><UnitOfMeasure>ק"ג</UnitOfMeasure><QtyInPackage>לא ידוע</QtyInPackage><UnitOfMeasurePrice>32.9000</UnitOfMeasurePrice><AllowDiscount>1</AllowDiscount><ItemStatus>1</ItemStatus><ItemPrice>32.90</ItemPrice></item><item><PriceUpdateDate>2016-04-25 08:29:02</PriceUpdateDate><ItemCode>7290000940083</ItemCode><ItemType>3</ItemType><ItemName>שניצל - חזה עוף פרוס</ItemName><ManufacturerName>לא ממותג</ManufacturerName><ManufactureCountry>ישראל</ManufactureCountry><ManufacturerItemDescription>שניצל - חזה עוף פרוס</ManufacturerItemDescription><SoldByWeight/><Quantity>1.00</Quantity><UnitOfMeasure>ק"ג</UnitOfMeasure><QtyInPackage>לא ידוע</QtyInPackage><UnitOfMeasurePrice>39.9000</UnitOfMeasurePrice><AllowDiscount>1</AllowDiscount><ItemStatus>1</ItemStatus><ItemPrice>39.90</ItemPrice></item><item><PriceUpdateDate>2015-09-11 07:57:31</PriceUpdateDate><ItemCode>7290000940229</ItemCode><ItemType>3</ItemType><ItemName>חזה בקר טרי פולין</ItemName><ManufacturerName>לא ממותג</ManufacturerName><ManufactureCountry>ישראל</ManufactureCountry><ManufacturerItemDescription>חזה בקר טרי פולין</ManufacturerItemDescription><SoldByWeight/><Quantity>1.00</Quantity><UnitOfMeasure>ק"ג</UnitOfMeasure><QtyInPackage>לא ידוע</QtyInPackage><UnitOfMeasurePrice>59.9000</UnitOfMeasurePrice><AllowDiscount>1</AllowDiscount><ItemStatus>1</ItemStatus><ItemPrice>59.90</ItemPrice></item><item><PriceUpdateDate>2014-11-10 06:30:24</PriceUpdateDate><ItemCode>7290000940236</ItemCode><ItemType>3</ItemType><ItemName>חזה בקר ללא ע. טרי</ItemName><ManufacturerName>לא ממותג</ManufacturerName><ManufactureCountry>ישראל</ManufactureCountry><ManufacturerItemDescription>חזה בקר ללא ע. טרי</ManufacturerItemDescription><SoldByWeight/><Quantity>1.00</Quantity><UnitOfMeasure>ק"ג</UnitOfMeasure><QtyInPackage>לא ידוע</QtyInPackage><UnitOfMeasurePrice>65.0000</UnitOfMeasurePrice><AllowDiscount>1</AllowDiscount><ItemStatus>1</ItemStatus><ItemPrice>65.00</ItemPrice></item><item><PriceUpdateDate>2016-04-04 13:05:10</PriceUpdateDate><ItemCode>7290000940922</ItemCode><ItemType>3</ItemType><ItemName>נתחי חזה הודו טרי</ItemName><ManufacturerName>לא ממותג</ManufacturerName><ManufactureCountry>ישראל</ManufactureCountry><ManufacturerItemDescription>נתחי חזה הודו טרי</ManufacturerItemDescription><SoldByWeight/><Quantity>1.00</Quantity><UnitOfMeasure>ק"ג</UnitOfMeasure><QtyInPackage>לא ידוע</QtyInPackage><UnitOfMeasurePrice>26.9000</UnitOfMeasurePrice><AllowDiscount>1</AllowDiscount><ItemStatus>1</ItemStatus><ItemPrice>26.90</ItemPrice></item><item><PriceUpdateDate>2016-04-04 13:05:10</PriceUpdateDate><ItemCode>7290000940946</ItemCode><ItemType>3</ItemType><ItemName>כבד הודו טרי לצליה</ItemName><ManufacturerName>לא ממותג</ManufacturerName><ManufactureCountry>ישראל</ManufactureCountry><ManufacturerItemDescription>כבד הודו טרי לצליה</ManufacturerItemDescription><SoldByWeight/><Quantity>1.00</Quantity><UnitOfMeasure>ק"ג</UnitOfMeasure><QtyInPackage>לא ידוע</QtyInPackage><UnitOfMeasurePrice>14.9000</UnitOfMeasurePrice><AllowDiscount>1</AllowDiscount><ItemStatus>1</ItemStatus><ItemPrice>14.90</ItemPrice></item><item><PriceUpdateDate>2016-04-24 10:14:30</PriceUpdateDate><ItemCode>7290000940953</ItemCode><ItemType>3</ItemType><ItemName>חזה הודו טרי נקבה</ItemName><ManufacturerName>לא ממותג</ManufacturerName><ManufactureCountry>ישראל</ManufactureCountry><ManufacturerItemDescription>חזה הודו טרי נקבה</ManufacturerItemDescription><SoldByWeight/><Quantity>1.00</Quantity><UnitOfMeasure>ק"ג</UnitOfMeasure><QtyInPackage>לא ידוע</QtyInPackage><UnitOfMeasurePrice>29.9000</UnitOfMeasurePrice><AllowDiscount>1</AllowDiscount><ItemStatus>1</ItemStatus><ItemPrice>29.90</ItemPrice></item><item><PriceUpdateDate>2016-04-04 13:05:10</PriceUpdateDate><ItemCode>7290000940960</ItemCode><ItemType>3</ItemType><ItemName>שווארמה הודו</ItemName><ManufacturerName>לא ממותג</ManufacturerName><ManufactureCountry>ישראל</ManufactureCountry><ManufacturerItemDescription>שווארמה הודו</ManufacturerItemDescription><SoldByWeight/><Quantity>1.00</Quantity><UnitOfMeasure>ק"ג</UnitOfMeasure><QtyInPackage>לא ידוע</QtyInPackage><UnitOfMeasurePrice>57.9000</UnitOfMeasurePrice><AllowDiscount>1</AllowDiscount><ItemStatus>1</ItemStatus><ItemPrice>57.90</ItemPrice></item><item><PriceUpdateDate>2015-07-28 09:25:21</PriceUpdateDate><ItemCode>7290000940984</ItemCode><ItemType>3</ItemType><ItemName>שוק הודו טרי</ItemName><ManufacturerName>לא ממותג</ManufacturerName><ManufactureCountry>ישראל</ManufactureCountry><ManufacturerItemDescription>שוק הודו טרי</ManufacturerItemDescription><SoldByWeight/><Quantity>1.00</Quantity><UnitOfMeasure>ק"ג</UnitOfMeasure><QtyInPackage>לא ידוע</QtyInPackage><UnitOfMeasurePrice>24.9000</UnitOfMeasurePrice><AllowDiscount>1</AllowDiscount><ItemStatus>1</ItemStatus><ItemPrice>24.90</ItemPrice></item><item><PriceUpdateDate>2016-04-04 13:05:10</PriceUpdateDate><ItemCode>7290000941004</ItemCode><ItemType>3</ItemType><ItemName>גרון הודו טרי</ItemName><ManufacturerName>לא ממותג</ManufacturerName><ManufactureCountry>ישראל</ManufactureCountry><ManufacturerItemDescription>גרון הודו טרי</ManufacturerItemDescription><SoldByWeight/><Quantity>1.00</Quantity><UnitOfMeasure>ק"ג</UnitOfMeasure><QtyInPackage>לא ידוע</QtyInPackage><UnitOfMeasurePrice>24.9000</UnitOfMeasurePrice><AllowDiscount>1</AllowDiscount><ItemStatus>1</ItemStatus><ItemPrice>24.90</ItemPrice></item><item><PriceUpdateDate>2016-04-04 13:05:10</PriceUpdateDate><ItemCode>7290000941011</ItemCode><ItemType>3</ItemType><ItemName>כנפיים הודו טרי</ItemName><ManufacturerName>לא ממותג</ManufacturerName><ManufactureCountry>ישראל</ManufactureCountry><ManufacturerItemDescription>כנפיים הודו טרי</ManufacturerItemDescription><SoldByWeight/><Quantity>1.00</Quantity><UnitOfMeasure>ק"ג</UnitOfMeasure><QtyInPackage>לא ידוע</QtyInPackage><UnitOfMeasurePrice>14.9000</UnitOfMeasurePrice><AllowDiscount>1</AllowDiscount><ItemStatus>1</ItemStatus><ItemPrice>14.90</ItemPrice></item><item><PriceUpdateDate>2016-04-04 13:05:10</PriceUpdateDate><ItemCode>7290000941066</ItemCode><ItemType>3</ItemType><ItemName>קורקבן הודו</ItemName><ManufacturerName>לא ממותג</ManufacturerName><ManufactureCountry>ישראל</ManufactureCountry><ManufacturerItemDescription>קורקבן הודו</ManufacturerItemDescription><SoldByWeight/><Quantity>1.00</Quantity><UnitOfMeasure>ק"ג</UnitOfMeasure><QtyInPackage>לא ידוע</QtyInPackage><UnitOfMeasurePrice>10.9000</UnitOfMeasurePrice><AllowDiscount>1</AllowDiscount><ItemStatus>1</ItemStatus><ItemPrice>10.90</ItemPrice></item><item><PriceUpdateDate>2016-05-31 07:02:22</PriceUpdateDate><ItemCode>7290001012123</ItemCode><ItemType>1</ItemType><ItemName>מגבוני פרש וואנס קיי</ItemName><ManufacturerName>פרש וואנס</ManufacturerName><ManufactureCountry>ישראל</ManufactureCountry><ManufacturerItemDescription>פרש וואנס מגבונים רביעיה</ManufacturerItemDescription><SoldByWeight/><Quantity>1.00</Quantity><UnitOfMeasure>יח'</UnitOfMeasure><QtyInPackage>לא ידוע</QtyInPackage><UnitOfMeasurePrice>18.7000</UnitOfMeasurePrice><AllowDiscount>1</AllowDiscount><ItemStatus>1</ItemStatus><ItemPrice>18.70</ItemPrice></item><item><PriceUpdateDate>2016-08-02 07:34:57</PriceUpdateDate><ItemCode>7290001041147</ItemCode><ItemType>1</ItemType><ItemName>חומוס גדול 1 ק"ג</ItemName><ManufacturerName>מיה</ManufacturerName><ManufactureCountry>ישראל</ManufactureCountry><ManufacturerItemDescription>חומוס גדול 1 ק"ג</ManufacturerItemDescription><SoldByWeight/><Quantity>1000.00</Quantity><UnitOfMeasure>גרם     </UnitOfMeasure><QtyInPackage>לא ידוע</QtyInPackage><UnitOfMeasurePrice>0.0135</UnitOfMeasurePrice><AllowDiscount>1</AllowDiscount><ItemStatus>1</ItemStatus><ItemPrice>13.50</ItemPrice></item><item><PriceUpdateDate>2016-05-31 06:55:10</PriceUpdateDate><ItemCode>7290001041185</ItemCode><ItemType>1</ItemType><ItemName>פופקורן 1 ק"ג</ItemName><ManufacturerName>מיה</ManufacturerName><ManufactureCountry>ישראל</ManufactureCountry><ManufacturerItemDescription>פופקורן 1 ק"ג</ManufacturerItemDescription><SoldByWeight/><Quantity>1000.00</Quantity><UnitOfMeasure>גרם     </UnitOfMeasure><QtyInPackage>לא ידוע</QtyInPackage><UnitOfMeasurePrice>0.0107</UnitOfMeasurePrice><AllowDiscount>1</AllowDiscount><ItemStatus>1</ItemStatus><ItemPrice>10.70</ItemPrice></item><item><PriceUpdateDate>2015-11-18 13:58:42</PriceUpdateDate><ItemCode>7290001041192</ItemCode><ItemType>1</ItemType><ItemName>עדשים אדומים 1 ק"ג</ItemName><ManufacturerName>מיה</ManufacturerName><ManufactureCountry>ישראל</ManufactureCountry><ManufacturerItemDescription>עדשים אדומים 1 ק"ג</ManufacturerItemDescription><SoldByWeight/><Quantity>1000.00</Quantity><UnitOfMeasure>גרם     </UnitOfMeasure><QtyInPackage>לא ידוע</QtyInPackage><UnitOfMeasurePrice>0.0125</UnitOfMeasurePrice><AllowDiscount>1</AllowDiscount><ItemStatus>1</ItemStatus><ItemPrice>12.50</ItemPrice></item><item><PriceUpdateDate>2016-06-13 09:58:31</PriceUpdateDate><ItemCode>7290001045220</ItemCode><ItemType>1</ItemType><ItemName>פרימור סחוט תפוזים 2</ItemName><ManufacturerName>פרימור</ManufacturerName><ManufactureCountry>ישראל</ManufactureCountry><ManufacturerItemDescription>מיץ תפוזים סחוט2 ל</ManufacturerItemDescription><SoldByWeight/><Quantity>2000.00</Quantity><UnitOfMeasure>מ"ל</UnitOfMeasure><QtyInPackage>לא ידוע</QtyInPackage><UnitOfMeasurePrice>0.0124</UnitOfMeasurePrice><AllowDiscount>1</AllowDiscount><ItemStatus>1</ItemStatus><ItemPrice>24.90</ItemPrice></item><item><PriceUpdateDate>2016-06-13 09:58:31</PriceUpdateDate><ItemCode>7290001045763</ItemCode><ItemType>1</ItemType><ItemName>פרימור סחוט תפוחים צ</ItemName><ManufacturerName>פרימור</ManufacturerName><ManufactureCountry>ישראל</ManufactureCountry><ManufacturerItemDescription>מיץ תפוחים צלול 2 ליטר</ManufacturerItemDescription><SoldByWeight/><Quantity>2000.00</Quantity><UnitOfMeasure>מ"ל</UnitOfMeasure><QtyInPackage>לא ידוע</QtyInPackage><UnitOfMeasurePrice>0.0124</UnitOfMeasurePrice><AllowDiscount>1</AllowDiscount><ItemStatus>1</ItemStatus><ItemPrice>24.90</ItemPrice></item><item><PriceUpdateDate>2016-04-06 10:37:08</PriceUpdateDate><ItemCode>7290001072189</ItemCode><ItemType>1</ItemType><ItemName>אל סבון נוזלי 1 ליטר</ItemName><ManufacturerName>"המותג"</ManufacturerName><ManufactureCountry>לא ידוע</ManufactureCountry><ManufacturerItemDescription>אל סבון נוזלי 1 ליטר</ManufacturerItemDescription><SoldByWeight/><Quantity>1000.00</Quantity><UnitOfMeasure>מ"ל</UnitOfMeasure><QtyInPackage>לא ידוע</QtyInPackage><UnitOfMeasurePrice>0.0099</UnitOfMeasurePrice><AllowDiscount>1</AllowDiscount><ItemStatus>1</ItemStatus><ItemPrice>9.90</ItemPrice></item><item><PriceUpdateDate>2016-05-02 14:15:25</PriceUpdateDate><ItemCode>7290001123010</ItemCode><ItemType>3</ItemType><ItemName>צלעות בקר קפוא מס' 2</ItemName><ManufacturerName>.N.Y.C</ManufacturerName><ManufactureCountry>ישראל</ManufactureCountry><ManufacturerItemDescription>צלעות בקר קפוא מס' 2</ManufacturerItemDescription><SoldByWeight/><Quantity>1.00</Quantity><UnitOfMeasure>ק"ג</UnitOfMeasure><QtyInPackage>לא ידוע</QtyInPackage><UnitOfMeasurePrice>39.9000</UnitOfMeasurePrice><AllowDiscount>1</AllowDiscount><ItemStatus>1</ItemStatus><ItemPrice>39.90</ItemPrice></item><item><PriceUpdateDate>2016-08-02 07:39:06</PriceUpdateDate><ItemCode>7290001123775</ItemCode><ItemType>1</ItemType><ItemName>מב שווארמה פרגיות 50</ItemName><ManufacturerName>טיבון ויל</ManufacturerName><ManufactureCountry>ישראל</ManufactureCountry><ManufacturerItemDescription>שווארמה פרגיות 500 גר</ManufacturerItemDescription><SoldByWeight/><Quantity>500.00</Quantity><UnitOfMeasure>גרם     </UnitOfMeasure><QtyInPackage>לא ידוע</QtyInPackage><UnitOfMeasurePrice>0.0498</UnitOfMeasurePrice><AllowDiscount>1</AllowDiscount><ItemStatus>1</ItemStatus><ItemPrice>24.90</ItemPrice></item><item><PriceUpdateDate>2016-08-02 07:39:06</PriceUpdateDate><ItemCode>7290001123782</ItemCode><ItemType>1</ItemType><ItemName>מב שווארמה הודו 500</ItemName><ManufacturerName>טיבון ויל</ManufacturerName><ManufactureCountry>ישראל</ManufactureCountry><ManufacturerItemDescription>שווארמה הודו 500 גר</ManufacturerItemDescription><SoldByWeight/><Quantity>500.00</Quantity><UnitOfMeasure>גרם     </UnitOfMeasure><QtyInPackage>לא ידוע</QtyInPackage><UnitOfMeasurePrice>0.0498</UnitOfMeasurePrice><AllowDiscount>1</AllowDiscount><ItemStatus>1</ItemStatus><ItemPrice>24.90</ItemPrice></item><item><PriceUpdateDate>2015-11-18 13:58:43</PriceUpdateDate><ItemCode>7290001124611</ItemCode><ItemType>1</ItemType><ItemName>שומן כבש 200 גרם</ItemName><ManufacturerName>טיבון ויל</ManufacturerName><ManufactureCountry>ישראל</ManufactureCountry><ManufacturerItemDescription>שומן כבש 200 גרם</ManufacturerItemDescription><SoldByWeight/><Quantity>1000.00</Quantity><UnitOfMeasure>קג</UnitOfMeasure><QtyInPackage>לא ידוע</QtyInPackage><UnitOfMeasurePrice>0.0239</UnitOfMeasurePrice><AllowDiscount>1</AllowDiscount><ItemStatus>1</ItemStatus><ItemPrice>23.90</ItemPrice></item><item><PriceUpdateDate>2016-08-02 07:39:06</PriceUpdateDate><ItemCode>7290001136287</ItemCode><ItemType>1</ItemType><ItemName>מב שמפו נקה-7 רגיל 7</ItemName><ManufacturerName>נקה 7</ManufacturerName><ManufactureCountry>ישראל</ManufactureCountry><ManufacturerItemDescription>מב שמפו נקה-7 רגיל 7</ManufacturerItemDescription><SoldByWeight/><Quantity>750.00</Quantity><UnitOfMeasure>מ"ל</UnitOfMeasure><QtyInPackage>לא ידוע</QtyInPackage><UnitOfMeasurePrice>0.0145</UnitOfMeasurePrice><AllowDiscount>0</AllowDiscount><ItemStatus>1</ItemStatus><ItemPrice>10.90</ItemPrice></item><item><PriceUpdateDate>2016-08-03 11:58:27</PriceUpdateDate><ItemCode>7290001231932</ItemCode><ItemType>1</ItemType><ItemName>ס.וינסטון לייט בודד</ItemName><ManufacturerName>וינסטון</ManufacturerName><ManufactureCountry>ישראל</ManufactureCountry><ManufacturerItemDescription>ס.וינסטון לייט בודד</ManufacturerItemDescription><SoldByWeight/><Quantity>0.00</Quantity><UnitOfMeasure>יח'</UnitOfMeasure><QtyInPackage>לא ידוע</QtyInPackage><UnitOfMeasurePrice>0.0000</UnitOfMeasurePrice><AllowDiscount>1</AllowDiscount><ItemStatus>1</ItemStatus><ItemPrice>30.50</ItemPrice></item><item><PriceUpdateDate>2016-05-31 07:02:24</PriceUpdateDate><ItemCode>7290001247006</ItemCode><ItemType>1</ItemType><ItemName>קריסטל קולה 2 ליטר</ItemName><ManufacturerName>קריסטל משק"ל</ManufacturerName><ManufactureCountry>ישראל</ManufactureCountry><ManufacturerItemDescription>קריסטל קולה 2 ליטר</ManufacturerItemDescription><SoldByWeight/><Quantity>2000.00</Quantity><UnitOfMeasure>מ"ל</UnitOfMeasure><QtyInPackage>לא ידוע</QtyInPackage><UnitOfMeasurePrice>0.0019</UnitOfMeasurePrice><AllowDiscount>0</AllowDiscount><ItemStatus>1</ItemStatus><ItemPrice>3.70</ItemPrice></item><item><PriceUpdateDate>2016-05-31 07:02:24</PriceUpdateDate><ItemCode>7290001247020</ItemCode><ItemType>1</ItemType><ItemName>קריסטל אורנג' 2 ליטר</ItemName><ManufacturerName>קריסטל אורנג</ManufacturerName><ManufactureCountry>ישראל</ManufactureCountry><ManufacturerItemDescription>קריסטל אורנג' 2 ליטר</ManufacturerItemDescription><SoldByWeight/><Quantity>2000.00</Quantity><UnitOfMeasure>מ"ל</UnitOfMeasure><QtyInPackage>לא ידוע</QtyInPackage><UnitOfMeasurePrice>0.0019</UnitOfMeasurePrice><AllowDiscount>0</AllowDiscount><ItemStatus>1</ItemStatus><ItemPrice>3.70</ItemPrice></item><item><PriceUpdateDate>2016-05-31 07:02:24</PriceUpdateDate><ItemCode>7290001247037</ItemCode><ItemType>1</ItemType><ItemName>קריסטל מנטה 2 ליטר</ItemName><ManufacturerName>קריסטל משק"ל</ManufacturerName><ManufactureCountry>ישראל</ManufactureCountry><ManufacturerItemDescription>קריסטל מנטה 2 ליטר</ManufacturerItemDescription><SoldByWeight/><Quantity>2000.00</Quantity><UnitOfMeasure>מ"ל</UnitOfMeasure><QtyInPackage>לא ידוע</QtyInPackage><UnitOfMeasurePrice>0.0019</UnitOfMeasurePrice><AllowDiscount>0</AllowDiscount><ItemStatus>1</ItemStatus><ItemPrice>3.70</ItemPrice></item><item><PriceUpdateDate>2016-05-31 07:02:24</PriceUpdateDate><ItemCode>7290001247044</ItemCode><ItemType>1</ItemType><ItemName>קריסטל תות מוגז 2 לי</ItemName><ManufacturerName>קריסטל תות</ManufacturerName><ManufactureCountry>ישראל</ManufactureCountry><ManufacturerItemDescription>קריסטל תות מוגז 2 לי</ManufacturerItemDescription><SoldByWeight/><Quantity>2000.00</Quantity><UnitOfMeasure>מ"ל</UnitOfMeasure><QtyInPackage>לא ידוע</QtyInPackage><UnitOfMeasurePrice>0.0019</UnitOfMeasurePrice><AllowDiscount>0</AllowDiscount><ItemStatus>1</ItemStatus><ItemPrice>3.70</ItemPrice></item><item><PriceUpdateDate>2016-05-31 07:02:24</PriceUpdateDate><ItemCode>7290001247051</ItemCode><ItemType>1</ItemType><ItemName>קריסטל למון ליים 2 ל</ItemName><ManufacturerName>קריסטל למון ליים</ManufacturerName><ManufactureCountry>ישראל</ManufactureCountry><ManufacturerItemDescription>קריסטל למון ליים 2 ל</ManufacturerItemDescription><SoldByWeight/><Quantity>2000.00</Quantity><UnitOfMeasure>מ"ל</UnitOfMeasure><QtyInPackage>לא ידוע</QtyInPackage><UnitOfMeasurePrice>0.0019</UnitOfMeasurePrice><AllowDiscount>0</AllowDiscount><ItemStatus>1</ItemStatus><ItemPrice>3.70</ItemPrice></item><item><PriceUpdateDate>2016-05-01 08:13:21</PriceUpdateDate><ItemCode>7290001247068</ItemCode><ItemType>1</ItemType><ItemName>נקטר ספרינג תות בננה</ItemName><ManufacturerName>ספרינג</ManufacturerName><ManufactureCountry>ישראל</ManufactureCountry><ManufacturerItemDescription>ספרינג נקטר תות בננה 1 לק</ManufacturerItemDescription><SoldByWeight/><Quantity>1000.00</Quantity><UnitOfMeasure>מ"ל</UnitOfMeasure><QtyInPackage>לא ידוע</QtyInPackage><UnitOfMeasurePrice>0.0067</UnitOfMeasurePrice><AllowDiscount>1</AllowDiscount><ItemStatus>1</ItemStatus><ItemPrice>6.70</ItemPrice></item><item><PriceUpdateDate>2016-05-01 08:13:21</PriceUpdateDate><ItemCode>7290001247082</ItemCode><ItemType>1</ItemType><ItemName>נקטר ספרינג עגבניות</ItemName><ManufacturerName>ספרינג</ManufacturerName><ManufactureCountry>ישראל</ManufactureCountry><ManufacturerItemDescription>ספרינג נקטר עגבניות 1 ל-ק</ManufacturerItemDescription><SoldByWeight/><Quantity>1000.00</Quantity><UnitOfMeasure>מ"ל</UnitOfMeasure><QtyInPackage>לא ידוע</QtyInPackage><UnitOfMeasurePrice>0.0067</UnitOfMeasurePrice><AllowDiscount>1</AllowDiscount><ItemStatus>1</ItemStatus><ItemPrice>6.70</ItemPrice></item><item><PriceUpdateDate>2016-05-01 08:13:21</PriceUpdateDate><ItemCode>7290001247099</ItemCode><ItemType>1</ItemType><ItemName>נקטר ספרינג מנגו קרט</ItemName><ManufacturerName>ספרינג</ManufacturerName><ManufactureCountry>ישראל</ManufactureCountry><ManufacturerItemDescription>ספרינג נקטר מנגו 1 ל -קרט</ManufacturerItemDescription><SoldByWeight/><Quantity>1000.00</Quantity><UnitOfMeasure>מ"ל</UnitOfMeasure><QtyInPackage>לא ידוע</QtyInPackage><UnitOfMeasurePrice>0.0067</UnitOfMeasurePrice><AllowDiscount>1</AllowDiscount><ItemStatus>1</ItemStatus><ItemPrice>6.70</ItemPrice></item><item><PriceUpdateDate>2016-05-01 08:13:21</PriceUpdateDate><ItemCode>7290001247105</ItemCode><ItemType>1</ItemType><ItemName>נקטר ספרינג אפרסק קר</ItemName><ManufacturerName>ספרינג</ManufacturerName><ManufactureCountry>ישראל</ManufactureCountry><ManufacturerItemDescription>ספרינג נקטר אפרסק 1 ל-קרט</ManufacturerItemDescription><SoldByWeight/><Quantity>1000.00</Quantity><UnitOfMeasure>מ"ל</UnitOfMeasure><QtyInPackage>לא ידוע</QtyInPackage><UnitOfMeasurePrice>0.0067</UnitOfMeasurePrice><AllowDiscount>1</AllowDiscount><ItemStatus>1</ItemStatus><ItemPrice>6.70</ItemPrice></item><item><PriceUpdateDate>2016-05-01 08:13:21</PriceUpdateDate><ItemCode>7290001247112</ItemCode><ItemType>1</ItemType><ItemName>נקטר ספרינג לימונים</ItemName><ManufacturerName>ספרינג</ManufacturerName><ManufactureCountry>ישראל</ManufactureCountry><ManufacturerItemDescription>ספרינג נקטר לימונים 1 ל-ק</ManufacturerItemDescription><SoldByWeight/><Quantity>1000.00</Quantity><UnitOfMeasure>מ"ל</UnitOfMeasure><QtyInPackage>לא ידוע</QtyInPackage><UnitOfMeasurePrice>0.0067</UnitOfMeasurePrice><AllowDiscount>1</AllowDiscount><ItemStatus>1</ItemStatus><ItemPrice>6.70</ItemPrice></item><item><PriceUpdateDate>2016-05-01 08:13:21</PriceUpdateDate><ItemCode>7290001247129</ItemCode><ItemType>1</ItemType><ItemName>נקטר ספרינג תפוזים ק</ItemName><ManufacturerName>ספרינג</ManufacturerName><ManufactureCountry>ישראל</ManufactureCountry><ManufacturerItemDescription>ספרינג נקטר תפוזים 1 ל-קר</ManufacturerItemDescription><SoldByWeight/><Quantity>1000.00</Quantity><UnitOfMeasure>מ"ל</UnitOfMeasure><QtyInPackage>לא ידוע</QtyInPackage><UnitOfMeasurePrice>0.0067</UnitOfMeasurePrice><AllowDiscount>1</AllowDiscount><ItemStatus>1</ItemStatus><ItemPrice>6.70</ItemPrice></item><item><PriceUpdateDate>2016-05-01 08:13:21</PriceUpdateDate><ItemCode>7290001247143</ItemCode><ItemType>1</ItemType><ItemName>נקטר ספרינג תפוחים ק</ItemName><ManufacturerName>ספרינג</ManufacturerName><ManufactureCountry>ישראל</ManufactureCountry><ManufacturerItemDescription>ספרינג נקטר תפוחים 1 ל קר</ManufacturerItemDescription><SoldByWeight/><Quantity>1000.00</Quantity><UnitOfMeasure>מ"ל</UnitOfMeasure><QtyInPackage>לא ידוע</QtyInPackage><UnitOfMeasurePrice>0.0067</UnitOfMeasurePrice><AllowDiscount>1</AllowDiscount><ItemStatus>1</ItemStatus><ItemPrice>6.70</ItemPrice></item><item><PriceUpdateDate>2016-05-31 07:02:24</PriceUpdateDate><ItemCode>7290001247211</ItemCode><ItemType>1</ItemType><ItemName>קריסטל ענבים מוגז 2</ItemName><ManufacturerName>קריסטל ענבים</ManufacturerName><ManufactureCountry>ישראל</ManufactureCountry><ManufacturerItemDescription>קריסטל ענבים מוגז 2</ManufacturerItemDescription><SoldByWeight/><Quantity>2000.00</Quantity><UnitOfMeasure>מ"ל</UnitOfMeasure><QtyInPackage>לא ידוע</QtyInPackage><UnitOfMeasurePrice>0.0019</UnitOfMeasurePrice><AllowDiscount>0</AllowDiscount><ItemStatus>1</ItemStatus><ItemPrice>3.70</ItemPrice></item><item><PriceUpdateDate>2016-03-01 06:17:16</PriceUpdateDate><ItemCode>7290001247952</ItemCode><ItemType>1</ItemType><ItemName>ענבינה. 1.5 ליטר</ItemName><ManufacturerName>תפוזינה</ManufacturerName><ManufactureCountry>ישראל</ManufactureCountry><ManufacturerItemDescription>תפוזינה ענבים 1.5 ליטר</ManufacturerItemDescription><SoldByWeight/><Quantity>1500.00</Quantity><UnitOfMeasure>מ"ל</UnitOfMeasure><QtyInPackage>לא ידוע</QtyInPackage><UnitOfMeasurePrice>0.0050</UnitOfMeasurePrice><AllowDiscount>1</AllowDiscount><ItemStatus>1</ItemStatus><ItemPrice>7.50</ItemPrice></item><item><PriceUpdateDate>2015-11-18 13:58:43</PriceUpdateDate><ItemCode>7290001265116</ItemCode><ItemType>1</ItemType><ItemName>תחליף חלב דייסלה  1N</ItemName><ManufacturerName>לא ידוע</ManufacturerName><ManufactureCountry>ישראל</ManufactureCountry><ManufacturerItemDescription>תחליף חלב דייסלה  1N</ManufacturerItemDescription><SoldByWeight/><Quantity>300.00</Quantity><UnitOfMeasure>גרם     </UnitOfMeasure><QtyInPackage>לא ידוע</QtyInPackage><UnitOfMeasurePrice>0.0853</UnitOfMeasurePrice><AllowDiscount>1</AllowDiscount><ItemStatus>1</ItemStatus><ItemPrice>25.60</ItemPrice></item><item><PriceUpdateDate>2016-03-29 07:14:38</PriceUpdateDate><ItemCode>7290001274941</ItemCode><ItemType>1</ItemType><ItemName>מב גלידל פרי פטל  8</ItemName><ManufacturerName>פלדמן</ManufacturerName><ManufactureCountry>ישראל</ManufactureCountry><ManufacturerItemDescription>מב גלידל פרי פטל  8</ManufacturerItemDescription><SoldByWeight/><Quantity>640.00</Quantity><UnitOfMeasure>גרם     </UnitOfMeasure><QtyInPackage>לא ידוע</QtyInPackage><UnitOfMeasurePrice>0.0373</UnitOfMeasurePrice><AllowDiscount>1</AllowDiscount><ItemStatus>1</ItemStatus><ItemPrice>23.90</ItemPrice></item><item><PriceUpdateDate>2016-05-31 07:02:25</PriceUpdateDate><ItemCode>7290001327029</ItemCode><ItemType>1</ItemType><ItemName>מאגדת מיקס קורנטו/שו</ItemName><ManufacturerName>שטראוס גלידה</ManufacturerName><ManufactureCountry>ישראל</ManufactureCountry><ManufacturerItemDescription>שלגון טעמקור+שוקובו+קורנט</ManufacturerItemDescription><SoldByWeight/><Quantity>452.00</Quantity><UnitOfMeasure>גרם     </UnitOfMeasure><QtyInPackage>לא ידוע</QtyInPackage><UnitOfMeasurePrice>0.0573</UnitOfMeasurePrice><AllowDiscount>1</AllowDiscount><ItemStatus>1</ItemStatus><ItemPrice>25.90</ItemPrice></item><item><PriceUpdateDate>2016-08-02 07:34:58</PriceUpdateDate><ItemCode>7290001327180</ItemCode><ItemType>1</ItemType><ItemName>גלידות קרמיסימו וניל</ItemName><ManufacturerName>קרמיסימו</ManufacturerName><ManufactureCountry>ישראל</ManufactureCountry><ManufacturerItemDescription>קרמיסימו וניל ציפס 1.33 ל</ManufacturerItemDescription><SoldByWeight/><Quantity>1330.00</Quantity><UnitOfMeasure>מ"ל</UnitOfMeasure><QtyInPackage>לא ידוע</QtyInPackage><UnitOfMeasurePrice>0.0150</UnitOfMeasurePrice><AllowDiscount>1</AllowDiscount><ItemStatus>1</ItemStatus><ItemPrice>19.90</ItemPrice></item><item><PriceUpdateDate>2016-08-02 07:34:58</PriceUpdateDate><ItemCode>7290001327197</ItemCode><ItemType>1</ItemType><ItemName>גלידות קרמיסימו שוקו</ItemName><ManufacturerName>קרמיסימו</ManufacturerName><ManufactureCountry>ישראל</ManufactureCountry><ManufacturerItemDescription>קרמיסימו שוקו וניל</ManufacturerItemDescription><SoldByWeight/><Quantity>1330.00</Quantity><UnitOfMeasure>מ"ל</UnitOfMeasure><QtyInPackage>לא ידוע</QtyInPackage><UnitOfMeasurePrice>0.0150</UnitOfMeasurePrice><AllowDiscount>1</AllowDiscount><ItemStatus>1</ItemStatus><ItemPrice>19.90</ItemPrice></item><item><PriceUpdateDate>2016-08-02 07:34:58</PriceUpdateDate><ItemCode>7290001327227</ItemCode><ItemType>1</ItemType><ItemName>גלידות קרמיסימו ריבת</ItemName><ManufacturerName>קרמיסימו</ManufacturerName><ManufactureCountry>ישראל</ManufactureCountry><ManufacturerItemDescription>קרמיסימו ריבת חלב</ManufacturerItemDescription><SoldByWeight/><Quantity>1330.00</Quantity><UnitOfMeasure>מ"ל</UnitOfMeasure><QtyInPackage>לא ידוע</QtyInPackage><UnitOfMeasurePrice>0.0150</UnitOfMeasurePrice><AllowDiscount>1</AllowDiscount><ItemStatus>1</ItemStatus><ItemPrice>19.90</ItemPrice></item><item><PriceUpdateDate>2016-08-02 07:34:58</PriceUpdateDate><ItemCode>7290001327357</ItemCode><ItemType>1</ItemType><ItemName>גלידות קרמיסימו וניל</ItemName><ManufacturerName>קרמיסימו</ManufacturerName><ManufactureCountry>ישראל</ManufactureCountry><ManufacturerItemDescription>קרמיסימו וניל 1.33 ל</ManufacturerItemDescription><SoldByWeight/><Quantity>1330.00</Quantity><UnitOfMeasure>מ"ל</UnitOfMeasure><QtyInPackage>לא ידוע</QtyInPackage><UnitOfMeasurePrice>0.0150</UnitOfMeasurePrice><AllowDiscount>1</AllowDiscount><ItemStatus>1</ItemStatus><ItemPrice>19.90</ItemPrice></item><item><PriceUpdateDate>2016-08-02 07:34:58</PriceUpdateDate><ItemCode>7290001327791</ItemCode><ItemType>1</ItemType><ItemName>גלידות קרמיסימו עוגי</ItemName><ManufacturerName>קרמיסימו</ManufacturerName><ManufactureCountry>ישראל</ManufactureCountry><ManufacturerItemDescription>קרמיסימו עוגיות 1.33 ל</ManufacturerItemDescription><SoldByWeight/><Quantity>1330.00</Quantity><UnitOfMeasure>מ"ל</UnitOfMeasure><QtyInPackage>לא ידוע</QtyInPackage><UnitOfMeasurePrice>0.0150</UnitOfMeasurePrice><AllowDiscount>1</AllowDiscount><ItemStatus>1</ItemStatus><ItemPrice>19.90</ItemPrice></item><item><PriceUpdateDate>2016-06-28 09:30:56</PriceUpdateDate><ItemCode>7290001327838</ItemCode><ItemType>1</ItemType><ItemName>מב מאגדת מיני מגנום</ItemName><ManufacturerName>מגנום-גלידה</ManufacturerName><ManufactureCountry>ישראל</ManufactureCountry><ManufacturerItemDescription>מאגדת מיני מגנום וניל</ManufacturerItemDescription><SoldByWeight/><Quantity>270.00</Quantity><UnitOfMeasure>גרם     </UnitOfMeasure><QtyInPackage>לא ידוע</QtyInPackage><UnitOfMeasurePrice>0.0922</UnitOfMeasurePrice><AllowDiscount>1</AllowDiscount><ItemStatus>1</ItemStatus><ItemPrice>24.90</ItemPrice></item><item><PriceUpdateDate>2016-08-02 07:39:07</PriceUpdateDate><ItemCode>7290001407127</ItemCode><ItemType>1</ItemType><ItemName>מב פרוסות חלבה קלאסי</ItemName><ManufacturerName>בארכה</ManufacturerName><ManufactureCountry>ישראל</ManufactureCountry><ManufacturerItemDescription>מב פרוסות חלבה קלאסי</ManufacturerItemDescription><SoldByWeight/><Quantity>400.00</Quantity><UnitOfMeasure>גרם     </UnitOfMeasure><QtyInPackage>לא ידוע</QtyInPackage><UnitOfMeasurePrice>0.0298</UnitOfMeasurePrice><AllowDiscount>1</AllowDiscount><ItemStatus>1</ItemStatus><ItemPrice>11.90</ItemPrice></item><item><PriceUpdateDate>2014-11-10 06:30:27</PriceUpdateDate><ItemCode>7290001415108</ItemCode><ItemType>1</ItemType><ItemName>בייבי בלאק 900 גרם</ItemName><ManufacturerName>פילסברי</ManufacturerName><ManufactureCountry>ישראל</ManufactureCountry><ManufacturerItemDescription>בייבי בלאק 900 גרם</ManufacturerItemDescription><SoldByWeight/><Quantity>1000.00</Quantity><UnitOfMeasure>ק"ג     </UnitOfMeasure><QtyInPackage>לא ידוע</QtyInPackage><UnitOfMeasurePrice>0.0523</UnitOfMeasurePrice><AllowDiscount>1</AllowDiscount><ItemStatus>1</ItemStatus><ItemPrice>52.30</ItemPrice></item><item><PriceUpdateDate>2014-11-10 06:30:27</PriceUpdateDate><ItemCode>7290001415122</ItemCode><ItemType>1</ItemType><ItemName>בייבי ריבת חלב 900 ג</ItemName><ManufacturerName>פילסברי</ManufacturerName><ManufactureCountry>ישראל</ManufactureCountry><ManufacturerItemDescription>בייבי ריבת חלב 900 ג</ManufacturerItemDescription><SoldByWeight/><Quantity>1000.00</Quantity><UnitOfMeasure>קג</UnitOfMeasure><QtyInPackage>לא ידוע</QtyInPackage><UnitOfMeasurePrice>0.0499</UnitOfMeasurePrice><AllowDiscount>1</AllowDiscount><ItemStatus>1</ItemStatus><ItemPrice>49.90</ItemPrice></item><item><PriceUpdateDate>2014-11-10 06:30:27</PriceUpdateDate><ItemCode>7290001415139</ItemCode><ItemType>1</ItemType><ItemName>רולדה גבינה אוכמניות</ItemName><ManufacturerName>פילסברי</ManufacturerName><ManufactureCountry>ישראל</ManufactureCountry><ManufacturerItemDescription>רולדה גבינה אוכמניות</ManufacturerItemDescription><SoldByWeight/><Quantity>1000.00</Quantity><UnitOfMeasure>ק"ג     </UnitOfMeasure><QtyInPackage>לא ידוע</QtyInPackage><UnitOfMeasurePrice>0.0436</UnitOfMeasurePrice><AllowDiscount>1</AllowDiscount><ItemStatus>1</ItemStatus><ItemPrice>43.60</ItemPrice></item><item><PriceUpdateDate>2014-11-10 06:30:27</PriceUpdateDate><ItemCode>7290001415146</ItemCode><ItemType>1</ItemType><ItemName>רולדה בלאק 450 גרם</ItemName><ManufacturerName>פילסברי</ManufacturerName><ManufactureCountry>ישראל</ManufactureCountry><ManufacturerItemDescription>רולדה בלאק 450 גרם</ManufacturerItemDescription><SoldByWeight/><Quantity>1000.00</Quantity><UnitOfMeasure>ק"ג     </UnitOfMeasure><QtyInPackage>לא ידוע</QtyInPackage><UnitOfMeasurePrice>0.0436</UnitOfMeasurePrice><AllowDiscount>1</AllowDiscount><ItemStatus>1</ItemStatus><ItemPrice>43.60</ItemPrice></item><item><PriceUpdateDate>2014-11-10 06:30:27</PriceUpdateDate><ItemCode>7290001415276</ItemCode><ItemType>1</ItemType><ItemName>עוגת שמרים שוקולד 50</ItemName><ManufacturerName>פילסברי</ManufacturerName><ManufactureCountry>ישראל</ManufactureCountry><ManufacturerItemDescription>עוגת שמרים שוקולד 50</ManufacturerItemDescription><SoldByWeight/><Quantity>1000.00</Quantity><UnitOfMeasure>ק"ג     </UnitOfMeasure><QtyInPackage>לא ידוע</QtyInPackage><UnitOfMeasurePrice>0.0187</UnitOfMeasurePrice><AllowDiscount>1</AllowDiscount><ItemStatus>1</ItemStatus><ItemPrice>18.70</ItemPrice></item><item><PriceUpdateDate>2016-08-02 07:34:59</PriceUpdateDate><ItemCode>7290001415450</ItemCode><ItemType>1</ItemType><ItemName>לחם אגוזים אפוי 500</ItemName><ManufacturerName>פילסברי</ManufacturerName><ManufactureCountry>ישראל</ManufactureCountry><ManufacturerItemDescription>לחם אגוזים אפוי 500</ManufacturerItemDescription><SoldByWeight/><Quantity>1000.00</Quantity><UnitOfMeasure>ק"ג     </UnitOfMeasure><QtyInPackage>לא ידוע</QtyInPackage><UnitOfMeasurePrice>0.0134</UnitOfMeasurePrice><AllowDiscount>1</AllowDiscount><ItemStatus>1</ItemStatus><ItemPrice>13.40</ItemPrice></item><item><PriceUpdateDate>2016-08-02 07:34:59</PriceUpdateDate><ItemCode>7290001415474</ItemCode><ItemType>1</ItemType><ItemName>לחם חיטה אפוי 500 גר</ItemName><ManufacturerName>פילסברי</ManufacturerName><ManufactureCountry>ישראל</ManufactureCountry><ManufacturerItemDescription>לחם חיטה אפוי 500 גר</ManufacturerItemDescription><SoldByWeight/><Quantity>1000.00</Quantity><UnitOfMeasure>קג</UnitOfMeasure><QtyInPackage>לא ידוע</QtyInPackage><UnitOfMeasurePrice>0.0126</UnitOfMeasurePrice><AllowDiscount>1</AllowDiscount><ItemStatus>1</ItemStatus><ItemPrice>12.60</ItemPrice></item><item><PriceUpdateDate>2015-10-22 10:37:15</PriceUpdateDate><ItemCode>7290001415863</ItemCode><ItemType>1</ItemType><ItemName>חלה עגולה פילסברי מת</ItemName><ManufacturerName>פילסברי</ManufacturerName><ManufactureCountry>ישראל</ManufactureCountry><ManufacturerItemDescription>חלת חג חצי אפויה</ManufacturerItemDescription><SoldByWeight/><Quantity>1000.00</Quantity><UnitOfMeasure>ק"ג     </UnitOfMeasure><QtyInPackage>לא ידוע</QtyInPackage><UnitOfMeasurePrice>0.0134</UnitOfMeasurePrice><AllowDiscount>1</AllowDiscount><ItemStatus>1</ItemStatus><ItemPrice>13.40</ItemPrice></item><item><PriceUpdateDate>2015-10-11 20:34:14</PriceUpdateDate><ItemCode>7290001462010</ItemCode><ItemType>1</ItemType><ItemName>אריסה מרוקאית ביטון</ItemName><ManufacturerName>תבליני ביטון יוחאי</ManufacturerName><ManufactureCountry>ישראל</ManufactureCountry><ManufacturerItemDescription>אריסה מרוקאית 250 גרם</ManufacturerItemDescription><SoldByWeight/><Quantity>250.00</Quantity><UnitOfMeasure>גרם     </UnitOfMeasure><QtyInPackage>לא ידוע</QtyInPackage><UnitOfMeasurePrice>0.0648</UnitOfMeasurePrice><AllowDiscount>1</AllowDiscount><ItemStatus>1</ItemStatus><ItemPrice>16.20</ItemPrice></item><item><PriceUpdateDate>2015-10-22 10:37:15</PriceUpdateDate><ItemCode>7290001485019</ItemCode><ItemType>1</ItemType><ItemName>גבינת שמנת 5% טבעי 2</ItemName><ManufacturerName>טרה</ManufacturerName><ManufactureCountry>ישראל</ManufactureCountry><ManufacturerItemDescription>גבינת שמנת 200 5% גרם</ManufacturerItemDescription><SoldByWeight/><Quantity>200.00</Quantity><UnitOfMeasure>גרם     </UnitOfMeasure><QtyInPackage>לא ידוע</QtyInPackage><UnitOfMeasurePrice>0.0590</UnitOfMeasurePrice><AllowDiscount>1</AllowDiscount><ItemStatus>1</ItemStatus><ItemPrice>11.80</ItemPrice></item><item><PriceUpdateDate>2015-10-22 10:37:15</PriceUpdateDate><ItemCode>7290001485026</ItemCode><ItemType>1</ItemType><ItemName>גבינת שמנת 9% עם זית</ItemName><ManufacturerName>טרה</ManufacturerName><ManufactureCountry>ישראל</ManufactureCountry><ManufacturerItemDescription>גבינת שמנת 9% עם זית</ManufacturerItemDescription><SoldByWeight/><Quantity>200.00</Quantity><UnitOfMeasure>גרם     </UnitOfMeasure><QtyInPackage>לא ידוע</QtyInPackage><UnitOfMeasurePrice>0.0590</UnitOfMeasurePrice><AllowDiscount>1</AllowDiscount><ItemStatus>1</ItemStatus><ItemPrice>11.80</ItemPrice></item><item><PriceUpdateDate>2016-08-02 07:39:08</PriceUpdateDate><ItemCode>7290001491096</ItemCode><ItemType>1</ItemType><ItemName>מב תה ירוק 50 שק' לי</ItemName><ManufacturerName>ויסוצקי</ManufacturerName><ManufactureCountry>ישראל</ManufactureCountry><ManufacturerItemDescription>מב תה ירוק 50 שק' לי</ManufacturerItemDescription><SoldByWeight/><Quantity>0.00</Quantity><UnitOfMeasure>גרם     </UnitOfMeasure><QtyInPackage>לא ידוע</QtyInPackage><UnitOfMeasurePrice>0.0000</UnitOfMeasurePrice><AllowDiscount>1</AllowDiscount><ItemStatus>1</ItemStatus><ItemPrice>39.90</ItemPrice></item><item><PriceUpdateDate>2016-05-01 08:19:18</PriceUpdateDate><ItemCode>7290001589342</ItemCode><ItemType>1</ItemType><ItemName>מב ספירה תחליב מגן ל</ItemName><ManufacturerName>ספירה</ManufacturerName><ManufactureCountry>ישראל</ManufactureCountry><ManufacturerItemDescription>מב ספירה תחליב מגן ל</ManufacturerItemDescription><SoldByWeight/><Quantity>0.00</Quantity><UnitOfMeasure>מ"ל</UnitOfMeasure><QtyInPackage>לא ידוע</QtyInPackage><UnitOfMeasurePrice>0.0000</UnitOfMeasurePrice><AllowDiscount>1</AllowDiscount><ItemStatus>1</ItemStatus><ItemPrice>11.90</ItemPrice></item><item><PriceUpdateDate>2015-11-24 11:09:37</PriceUpdateDate><ItemCode>7290001594575</ItemCode><ItemType>1</ItemType><ItemName>בירה טובורג פחית 0.5</ItemName><ManufacturerName>טובורג רד</ManufacturerName><ManufactureCountry>ישראל</ManufactureCountry><ManufacturerItemDescription>בירה טובורג פחית500 מל</ManufacturerItemDescription><SoldByWeight/><Quantity>330.00</Quantity><UnitOfMeasure>מ"ל</UnitOfMeasure><QtyInPackage>לא ידוע</QtyInPackage><UnitOfMeasurePrice>0.0300</UnitOfMeasurePrice><AllowDiscount>1</AllowDiscount><ItemStatus>1</ItemStatus><ItemPrice>9.90</ItemPrice></item><item><PriceUpdateDate>2016-08-10 08:23:06</PriceUpdateDate><ItemCode>7290001670071</ItemCode><ItemType>1</ItemType><ItemName>כף חד פעמי לבן 100 י</ItemName><ManufacturerName>הנמל</ManufacturerName><ManufactureCountry>ישראל</ManufactureCountry><ManufacturerItemDescription>כף חד פעמי לבן 100 י</ManufacturerItemDescription><SoldByWeight/><Quantity>100.00</Quantity><UnitOfMeasure>בודד</UnitOfMeasure><QtyInPackage>לא ידוע</QtyInPackage><UnitOfMeasurePrice>0.0990</UnitOfMeasurePrice><AllowDiscount>1</AllowDiscount><ItemStatus>1</ItemStatus><ItemPrice>9.90</ItemPrice></item><item><PriceUpdateDate>2016-06-28 09:28:53</PriceUpdateDate><ItemCode>7290001670514</ItemCode><ItemType>1</ItemType><ItemName>מלית אוכמניות 400 גר</ItemName><ManufacturerName>פוליבה</ManufacturerName><ManufactureCountry>ישראל</ManufactureCountry><ManufacturerItemDescription>מלית אוכמניות 400  גר</ManufacturerItemDescription><SoldByWeight/><Quantity>400.00</Quantity><UnitOfMeasure>גרם     </UnitOfMeasure><QtyInPackage>לא ידוע</QtyInPackage><UnitOfMeasurePrice>0.0352</UnitOfMeasurePrice><AllowDiscount>1</AllowDiscount><ItemStatus>1</ItemStatus><ItemPrice>14.10</ItemPrice></item><item><PriceUpdateDate>2014-11-10 06:29:51</PriceUpdateDate><ItemCode>7290001670668</ItemCode><ItemType>1</ItemType><ItemName>קרחוניות 12 יח'</ItemName><ManufacturerName>הנמל</ManufacturerName><ManufactureCountry>ישראל</ManufactureCountry><ManufacturerItemDescription>קרחוניות 12 יח'</ManufacturerItemDescription><SoldByWeight/><Quantity>0.00</Quantity><UnitOfMeasure>יח'</UnitOfMeasure><QtyInPackage>לא ידוע</QtyInPackage><UnitOfMeasurePrice>0.0000</UnitOfMeasurePrice><AllowDiscount>1</AllowDiscount><ItemStatus>1</ItemStatus><ItemPrice>4.40</ItemPrice></item><item><PriceUpdateDate>2016-03-01 10:18:31</PriceUpdateDate><ItemCode>7290001737330</ItemCode><ItemType>3</ItemType><ItemName>חזה בקר טרי אל גאוצו</ItemName><ManufacturerName>נטו סחר</ManufacturerName><ManufactureCountry>לא ידוע</ManufactureCountry><ManufacturerItemDescription>חזה בקר טרי אל גאוצו</ManufacturerItemDescription><SoldByWeight/><Quantity>1.00</Quantity><UnitOfMeasure>ק"ג</UnitOfMeasure><QtyInPackage>לא ידוע</QtyInPackage><UnitOfMeasurePrice>54.9000</UnitOfMeasurePrice><AllowDiscount>1</AllowDiscount><ItemStatus>1</ItemStatus><ItemPrice>54.90</ItemPrice></item><item><PriceUpdateDate>2016-06-28 09:28:53</PriceUpdateDate><ItemCode>7290001791349</ItemCode><ItemType>1</ItemType><ItemName>סנו אקונומיקה פיסגה</ItemName><ManufacturerName>פיסגה סנו</ManufacturerName><ManufactureCountry>ישראל</ManufactureCountry><ManufacturerItemDescription>סנו אקונומיקה פיסגה</ManufacturerItemDescription><SoldByWeight/><Quantity>4000.00</Quantity><UnitOfMeasure>מ"ל</UnitOfMeasure><QtyInPackage>לא ידוע</QtyInPackage><UnitOfMeasurePrice>0.0030</UnitOfMeasurePrice><AllowDiscount>1</AllowDiscount><ItemStatus>1</ItemStatus><ItemPrice>11.90</ItemPrice></item><item><PriceUpdateDate>2016-06-28 09:28:53</PriceUpdateDate><ItemCode>7290001813881</ItemCode><ItemType>1</ItemType><ItemName>פתיבר קלאסי 500 גרם</ItemName><ManufacturerName>עלית</ManufacturerName><ManufactureCountry>ישראל</ManufactureCountry><ManufacturerItemDescription>פתיבר קלאסי 500 גרם</ManufacturerItemDescription><SoldByWeight/><Quantity>500.00</Quantity><UnitOfMeasure>גרם     </UnitOfMeasure><QtyInPackage>לא ידוע</QtyInPackage><UnitOfMeasurePrice>0.0238</UnitOfMeasurePrice><AllowDiscount>1</AllowDiscount><ItemStatus>1</ItemStatus><ItemPrice>11.90</ItemPrice></item><item><PriceUpdateDate>2016-08-02 07:39:09</PriceUpdateDate><ItemCode>7290001814147</ItemCode><ItemType>1</ItemType><ItemName>מב ממרח פרה שוקולד 5</ItemName><ManufacturerName>פרה</ManufacturerName><ManufactureCountry>ישראל</ManufactureCountry><ManufacturerItemDescription>ממרח שוקולד פרה 500 גר</ManufacturerItemDescription><SoldByWeight/><Quantity>500.00</Quantity><UnitOfMeasure>גרם     </UnitOfMeasure><QtyInPackage>לא ידוע</QtyInPackage><UnitOfMeasurePrice>0.0158</UnitOfMeasurePrice><AllowDiscount>1</AllowDiscount><ItemStatus>1</ItemStatus><ItemPrice>7.90</ItemPrice></item><item><PriceUpdateDate>2016-08-10 08:23:06</PriceUpdateDate><ItemCode>7290001817377</ItemCode><ItemType>1</ItemType><ItemName>צ'יטוס פיצה 60 גרם</ItemName><ManufacturerName>צ'יטוס</ManufacturerName><ManufactureCountry>ישראל</ManufactureCountry><ManufacturerItemDescription>צ'יטוס פיצה 60 גרם</ManufacturerItemDescription><SoldByWeight/><Quantity>14.00</Quantity><UnitOfMeasure>גרם     </UnitOfMeasure><QtyInPackage>לא ידוע</QtyInPackage><UnitOfMeasurePrice>0.3071</UnitOfMeasurePrice><AllowDiscount>1</AllowDiscount><ItemStatus>1</ItemStatus><ItemPrice>4.30</ItemPrice></item><item><PriceUpdateDate>2016-08-10 08:23:06</PriceUpdateDate><ItemCode>7290001817582</ItemCode><ItemType>1</ItemType><ItemName>מארז חטיף צ'יטוס כאפ</ItemName><ManufacturerName>צ'יטוס</ManufacturerName><ManufactureCountry>ישראל</ManufactureCountry><ManufacturerItemDescription>מארז חטיף צ'יטוס כאפ</ManufacturerItemDescription><SoldByWeight/><Quantity>150.00</Quantity><UnitOfMeasure>גרם     </UnitOfMeasure><QtyInPackage>לא ידוע</QtyInPackage><UnitOfMeasurePrice>0.0867</UnitOfMeasurePrice><AllowDiscount>1</AllowDiscount><ItemStatus>1</ItemStatus><ItemPrice>13.00</ItemPrice></item><item><PriceUpdateDate>2016-08-10 08:23:06</PriceUpdateDate><ItemCode>7290001817728</ItemCode><ItemType>1</ItemType><ItemName>צ'יטוס כאפה קטשופ 55</ItemName><ManufacturerName>צ'יטוס</ManufacturerName><ManufactureCountry>ישראל</ManufactureCountry><ManufacturerItemDescription>צ'יטוס כאפה קטשופ 55</ManufacturerItemDescription><SoldByWeight/><Quantity>14.00</Quantity><UnitOfMeasure>גרם     </UnitOfMeasure><QtyInPackage>לא ידוע</QtyInPackage><UnitOfMeasurePrice>0.3071</UnitOfMeasurePrice><AllowDiscount>1</AllowDiscount><ItemStatus>1</ItemStatus><ItemPrice>4.30</ItemPrice></item><item><PriceUpdateDate>2016-08-02 14:05:56</PriceUpdateDate><ItemCode>7290001865453</ItemCode><ItemType>1</ItemType><ItemName>מב אל סבון נוזלי פמל</ItemName><ManufacturerName>פמילי</ManufacturerName><ManufactureCountry>ישראל</ManufactureCountry><ManufacturerItemDescription>פמילי אלסבון נוזלי לבנדר+</ManufacturerItemDescription><SoldByWeight/><Quantity>1000.00</Quantity><UnitOfMeasure>מ"ל</UnitOfMeasure><QtyInPackage>לא ידוע</QtyInPackage><UnitOfMeasurePrice>0.0129</UnitOfMeasurePrice><AllowDiscount>1</AllowDiscount><ItemStatus>1</ItemStatus><ItemPrice>12.90</ItemPrice></item><item><PriceUpdateDate>2016-08-02 14:05:56</PriceUpdateDate><ItemCode>7290001865460</ItemCode><ItemType>1</ItemType><ItemName>מב אל סבון נוזלי פמל</ItemName><ManufacturerName>פמילי</ManufacturerName><ManufactureCountry>ישראל</ManufactureCountry><ManufacturerItemDescription>מב אל סבון נוזלי פמל</ManufacturerItemDescription><SoldByWeight/><Quantity>1000.00</Quantity><UnitOfMeasure>מ"ל</UnitOfMeasure><QtyInPackage>לא ידוע</QtyInPackage><UnitOfMeasurePrice>0.0129</UnitOfMeasurePrice><AllowDiscount>1</AllowDiscount><ItemStatus>1</ItemStatus><ItemPrice>12.90</ItemPrice></item><item><PriceUpdateDate>2015-10-11 20:34:15</PriceUpdateDate><ItemCode>7290001946404</ItemCode><ItemType>1</ItemType><ItemName>שום כתוש ביטון 250 ג</ItemName><ManufacturerName>תבליני ביטון יוחאי</ManufacturerName><ManufactureCountry>ישראל</ManufactureCountry><ManufacturerItemDescription>שום כתוש ביטון 250 ג</ManufacturerItemDescription><SoldByWeight/><Quantity>250.00</Quantity><UnitOfMeasure>גרם     </UnitOfMeasure><QtyInPackage>לא ידוע</QtyInPackage><UnitOfMeasurePrice>0.0648</UnitOfMeasurePrice><AllowDiscount>1</AllowDiscount><ItemStatus>1</ItemStatus><ItemPrice>16.20</ItemPrice></item><item><PriceUpdateDate>2016-06-28 09:30:57</PriceUpdateDate><ItemCode>7290001985311</ItemCode><ItemType>1</ItemType><ItemName>מב מאגדת מיני מגנום</ItemName><ManufacturerName>מגנום-גלידה</ManufacturerName><ManufactureCountry>ישראל</ManufactureCountry><ManufacturerItemDescription>מאגדת מיני מאגנום שקדים</ManufacturerItemDescription><SoldByWeight/><Quantity>270.00</Quantity><UnitOfMeasure>גרם     </UnitOfMeasure><QtyInPackage>לא ידוע</QtyInPackage><UnitOfMeasurePrice>0.0922</UnitOfMeasurePrice><AllowDiscount>1</AllowDiscount><ItemStatus>1</ItemStatus><ItemPrice>24.90</ItemPrice></item><item><PriceUpdateDate>2016-01-04 21:06:09</PriceUpdateDate><ItemCode>7290001990094</ItemCode><ItemType>1</ItemType><ItemName>סוכר חום סוגת 1 ק"ג</ItemName><ManufacturerName>סוגת</ManufacturerName><ManufactureCountry>ישראל</ManufactureCountry><ManufacturerItemDescription>סוכר חום צנצנת 1 קג</ManufacturerItemDescription><SoldByWeight/><Quantity>1000.00</Quantity><UnitOfMeasure>גרם     </UnitOfMeasure><QtyInPackage>לא ידוע</QtyInPackage><UnitOfMeasurePrice>0.0150</UnitOfMeasurePrice><AllowDiscount>1</AllowDiscount><ItemStatus>1</ItemStatus><ItemPrice>15.00</ItemPrice></item><item><PriceUpdateDate>2016-08-10 08:23:06</PriceUpdateDate><ItemCode>7290001990117</ItemCode><ItemType>1</ItemType><ItemName>שומשום סוגת 100 גרם</ItemName><ManufacturerName>סוגת</ManufacturerName><ManufactureCountry>ישראל</ManufactureCountry><ManufacturerItemDescription>שומשום 100 גרם</ManufacturerItemDescription><SoldByWeight/><Quantity>100.00</Quantity><UnitOfMeasure>גרם     </UnitOfMeasure><QtyInPackage>לא ידוע</QtyInPackage><UnitOfMeasurePrice>0.0490</UnitOfMeasurePrice><AllowDiscount>1</AllowDiscount><ItemStatus>1</ItemStatus><ItemPrice>4.90</ItemPrice></item><item><PriceUpdateDate>2015-11-17 14:07:12</PriceUpdateDate><ItemCode>7290001990261</ItemCode><ItemType>1</ItemType><ItemName>חומוס 1 ק''ג</ItemName><ManufacturerName>סוגת</ManufacturerName><ManufactureCountry>ישראל</ManufactureCountry><ManufacturerItemDescription>חומוס 1 ק''ג</ManufacturerItemDescription><SoldByWeight/><Quantity>1000.00</Quantity><UnitOfMeasure>גרם     </UnitOfMeasure><QtyInPackage>לא ידוע</QtyInPackage><UnitOfMeasurePrice>0.0153</UnitOfMeasurePrice><AllowDiscount>1</AllowDiscount><ItemStatus>1</ItemStatus><ItemPrice>15.30</ItemPrice></item><item><PriceUpdateDate>2016-08-02 14:05:56</PriceUpdateDate><ItemCode>7290002000266</ItemCode><ItemType>1</ItemType><ItemName>שעווה למיקרו תפוח 50</ItemName><ManufacturerName>מגע המשי</ManufacturerName><ManufactureCountry>ישראל</ManufactureCountry><ManufacturerItemDescription>שעווה למיקרו מגע משי תפוח</ManufacturerItemDescription><SoldByWeight/><Quantity>500.00</Quantity><UnitOfMeasure>גרם     </UnitOfMeasure><QtyInPackage>לא ידוע</QtyInPackage><UnitOfMeasurePrice>0.0498</UnitOfMeasurePrice><AllowDiscount>1</AllowDiscount><ItemStatus>1</ItemStatus><ItemPrice>24.90</ItemPrice></item><item><PriceUpdateDate>2014-11-10 06:29:51</PriceUpdateDate><ItemCode>7290002007401</ItemCode><ItemType>1</ItemType><ItemName>קליפות הדרים 100 גרם</ItemName><ManufacturerName>הנמל</ManufacturerName><ManufactureCountry>ישראל</ManufactureCountry><ManufacturerItemDescription>קליפות הדרים 100 גרם</ManufacturerItemDescription><SoldByWeight/><Quantity>100.00</Quantity><UnitOfMeasure>גרם     </UnitOfMeasure><QtyInPackage>לא ידוע</QtyInPackage><UnitOfMeasurePrice>0.0500</UnitOfMeasurePrice><AllowDiscount>1</AllowDiscount><ItemStatus>1</ItemStatus><ItemPrice>5.00</ItemPrice></item><item><PriceUpdateDate>2016-08-10 08:23:07</PriceUpdateDate><ItemCode>7290002007500</ItemCode><ItemType>1</ItemType><ItemName>קסמי שיניים במבוק 50</ItemName><ManufacturerName>הנמל</ManufacturerName><ManufactureCountry>ישראל</ManufactureCountry><ManufacturerItemDescription>קסמי שינים במבוק500 יח .ח</ManufacturerItemDescription><SoldByWeight/><Quantity>0.00</Quantity><UnitOfMeasure>יח'</UnitOfMeasure><QtyInPackage>לא ידוע</QtyInPackage><UnitOfMeasurePrice>0.0000</UnitOfMeasurePrice><AllowDiscount>1</AllowDiscount><ItemStatus>1</ItemStatus><ItemPrice>3.90</ItemPrice></item><item><PriceUpdateDate>2014-11-10 06:29:51</PriceUpdateDate><ItemCode>7290002007777</ItemCode><ItemType>1</ItemType><ItemName>כפפות זוגות L</ItemName><ManufacturerName>הנמל</ManufacturerName><ManufactureCountry>ישראל</ManufactureCountry><ManufacturerItemDescription>כפפות זוגות L</ManufacturerItemDescription><SoldByWeight/><Quantity>100.00</Quantity><UnitOfMeasure>בודד</UnitOfMeasure><QtyInPackage>לא ידוע</QtyInPackage><UnitOfMeasurePrice>0.0500</UnitOfMeasurePrice><AllowDiscount>1</AllowDiscount><ItemStatus>1</ItemStatus><ItemPrice>5.00</ItemPrice></item><item><PriceUpdateDate>2016-02-01 20:44:11</PriceUpdateDate><ItemCode>7290002007890</ItemCode><ItemType>1</ItemType><ItemName>כוסות חד פעמיות שקוף</ItemName><ManufacturerName>הנמל</ManufacturerName><ManufactureCountry>ישראל</ManufactureCountry><ManufacturerItemDescription>כוסות חד פעמיות שקוף</ManufacturerItemDescription><SoldByWeight/><Quantity>100.00</Quantity><UnitOfMeasure>בודד</UnitOfMeasure><QtyInPackage>לא ידוע</QtyInPackage><UnitOfMeasurePrice>0.0640</UnitOfMeasurePrice><AllowDiscount>0</AllowDiscount><ItemStatus>1</ItemStatus><ItemPrice>6.40</ItemPrice></item><item><PriceUpdateDate>2016-05-31 07:02:25</PriceUpdateDate><ItemCode>7290002007944</ItemCode><ItemType>1</ItemType><ItemName>כפפות לטקס L 100 יח'</ItemName><ManufacturerName>הנמל</ManufacturerName><ManufactureCountry>ישראל</ManufactureCountry><ManufacturerItemDescription>כפפות לטקס L 100 יח'</ManufacturerItemDescription><SoldByWeight/><Quantity>100.00</Quantity><UnitOfMeasure>יח'</UnitOfMeasure><QtyInPackage>לא ידוע</QtyInPackage><UnitOfMeasurePrice>0.2590</UnitOfMeasurePrice><AllowDiscount>1</AllowDiscount><ItemStatus>1</ItemStatus><ItemPrice>25.90</ItemPrice></item><item><PriceUpdateDate>2016-08-10 08:23:07</PriceUpdateDate><ItemCode>7290002007975</ItemCode><ItemType>1</ItemType><ItemName>צלחות חד פעמי קטנות</ItemName><ManufacturerName>הנמל</ManufacturerName><ManufactureCountry>ישראל</ManufactureCountry><ManufacturerItemDescription>צלחות חד פעמי קטנות</ManufacturerItemDescription><SoldByWeight/><Quantity>0.00</Quantity><UnitOfMeasure>יח'</UnitOfMeasure><QtyInPackage>לא ידוע</QtyInPackage><UnitOfMeasurePrice>0.0000</UnitOfMeasurePrice><AllowDiscount>1</AllowDiscount><ItemStatus>1</ItemStatus><ItemPrice>7.90</ItemPrice></item><item><PriceUpdateDate>2016-08-10 08:23:07</PriceUpdateDate><ItemCode>7290002007982</ItemCode><ItemType>1</ItemType><ItemName>מזלגות חד פעמיות לבן</ItemName><ManufacturerName>הנמל</ManufacturerName><ManufactureCountry>ישראל</ManufactureCountry><ManufacturerItemDescription>מזלגות חד פעמיות לבן</ManufacturerItemDescription><SoldByWeight/><Quantity>100.00</Quantity><UnitOfMeasure>בודד</UnitOfMeasure><QtyInPackage>לא ידוע</QtyInPackage><UnitOfMeasurePrice>0.0990</UnitOfMeasurePrice><AllowDiscount>1</AllowDiscount><ItemStatus>1</ItemStatus><ItemPrice>9.90</ItemPrice></item><item><PriceUpdateDate>2016-08-10 08:23:07</PriceUpdateDate><ItemCode>7290002007999</ItemCode><ItemType>1</ItemType><ItemName>צלחות חד פעמיות גדול</ItemName><ManufacturerName>הנמל</ManufacturerName><ManufactureCountry>ישראל</ManufactureCountry><ManufacturerItemDescription>צלחות חד פעמיות גדול</ManufacturerItemDescription><SoldByWeight/><Quantity>50.00</Quantity><UnitOfMeasure>בודד</UnitOfMeasure><QtyInPackage>לא ידוע</QtyInPackage><UnitOfMeasurePrice>0.1980</UnitOfMeasurePrice><AllowDiscount>1</AllowDiscount><ItemStatus>1</ItemStatus><ItemPrice>9.90</ItemPrice></item><item><PriceUpdateDate>2016-05-31 07:02:25</PriceUpdateDate><ItemCode>7290002008002</ItemCode><ItemType>1</ItemType><ItemName>כפפותלטקס 100 יח'</ItemName><ManufacturerName>הנמל</ManufacturerName><ManufactureCountry>ישראל</ManufactureCountry><ManufacturerItemDescription>כפפותלטקס 100 יח'</ManufacturerItemDescription><SoldByWeight/><Quantity>100.00</Quantity><UnitOfMeasure>יח'</UnitOfMeasure><QtyInPackage>לא ידוע</QtyInPackage><UnitOfMeasurePrice>0.2590</UnitOfMeasurePrice><AllowDiscount>1</AllowDiscount><ItemStatus>1</ItemStatus><ItemPrice>25.90</ItemPrice></item><item><PriceUpdateDate>2016-08-10 08:23:07</PriceUpdateDate><ItemCode>7290002008118</ItemCode><ItemType>1</ItemType><ItemName>צמרוני עץ ארוז 100 י</ItemName><ManufacturerName>הנמל</ManufacturerName><ManufactureCountry>ישראל</ManufactureCountry><ManufacturerItemDescription>צמרוני עץ ארוז 100 י</ManufacturerItemDescription><SoldByWeight/><Quantity>100.00</Quantity><UnitOfMeasure>יח'</UnitOfMeasure><QtyInPackage>לא ידוע</QtyInPackage><UnitOfMeasurePrice>0.0190</UnitOfMeasurePrice><AllowDiscount>1</AllowDiscount><ItemStatus>1</ItemStatus><ItemPrice>1.90</ItemPrice></item><item><PriceUpdateDate>2016-08-10 08:23:07</PriceUpdateDate><ItemCode>7290002008187</ItemCode><ItemType>1</ItemType><ItemName>קש מתקפל צבעוני 40 י</ItemName><ManufacturerName>הנמל</ManufacturerName><ManufactureCountry>ישראל</ManufactureCountry><ManufacturerItemDescription>קש שתיה מתקפלים 40 יח</ManufacturerItemDescription><SoldByWeight/><Quantity>0.00</Quantity><UnitOfMeasure>יח'</UnitOfMeasure><QtyInPackage>לא ידוע</QtyInPackage><UnitOfMeasurePrice>0.0000</UnitOfMeasurePrice><AllowDiscount>1</AllowDiscount><ItemStatus>1</ItemStatus><ItemPrice>1.90</ItemPrice></item><item><PriceUpdateDate>2016-08-10 08:23:07</PriceUpdateDate><ItemCode>7290002008224</ItemCode><ItemType>1</ItemType><ItemName>מזרה סוכריות צבעוני</ItemName><ManufacturerName>הנמל</ManufacturerName><ManufactureCountry>ישראל</ManufactureCountry><ManufacturerItemDescription>סוכריות מזרה לעוגהעגולצבע</ManufacturerItemDescription><SoldByWeight/><Quantity>100.00</Quantity><UnitOfMeasure>גרם     </UnitOfMeasure><QtyInPackage>לא ידוע</QtyInPackage><UnitOfMeasurePrice>0.0540</UnitOfMeasurePrice><AllowDiscount>1</AllowDiscount><ItemStatus>1</ItemStatus><ItemPrice>5.40</ItemPrice></item><item><PriceUpdateDate>2016-03-16 18:08:48</PriceUpdateDate><ItemCode>7290002008507</ItemCode><ItemType>1</ItemType><ItemName>נייר אפיה 50יח</ItemName><ManufacturerName>הנמל</ManufacturerName><ManufactureCountry>ישראל</ManufactureCountry><ManufacturerItemDescription>נייר אפיה</ManufacturerItemDescription><SoldByWeight/><Quantity>0.00</Quantity><UnitOfMeasure>יח'</UnitOfMeasure><QtyInPackage>לא ידוע</QtyInPackage><UnitOfMeasurePrice>0.0000</UnitOfMeasurePrice><AllowDiscount>0</AllowDiscount><ItemStatus>1</ItemStatus><ItemPrice>9.90</ItemPrice></item><item><PriceUpdateDate>2016-08-10 08:23:07</PriceUpdateDate><ItemCode>7290002008668</ItemCode><ItemType>1</ItemType><ItemName>צמרונים לאוזניים 200</ItemName><ManufacturerName>הנמל</ManufacturerName><ManufactureCountry>ישראל</ManufactureCountry><ManufacturerItemDescription>צמרונים לאוזניים 200</ManufacturerItemDescription><SoldByWeight/><Quantity>0.00</Quantity><UnitOfMeasure>יח'</UnitOfMeasure><QtyInPackage>לא ידוע</QtyInPackage><UnitOfMeasurePrice>0.0000</UnitOfMeasurePrice><AllowDiscount>1</AllowDiscount><ItemStatus>1</ItemStatus><ItemPrice>5.90</ItemPrice></item><item><PriceUpdateDate>2015-11-18 13:58:47</PriceUpdateDate><ItemCode>7290002008774</ItemCode><ItemType>1</ItemType><ItemName>שומשום 200 גרם</ItemName><ManufacturerName>הנמל</ManufacturerName><ManufactureCountry>ישראל</ManufactureCountry><ManufacturerItemDescription>שומשום 200 גרם</ManufacturerItemDescription><SoldByWeight/><Quantity>200.00</Quantity><UnitOfMeasure>גרם     </UnitOfMeasure><QtyInPackage>לא ידוע</QtyInPackage><UnitOfMeasurePrice>0.0355</UnitOfMeasurePrice><AllowDiscount>1</AllowDiscount><ItemStatus>1</ItemStatus><ItemPrice>7.10</ItemPrice></item><item><PriceUpdateDate>2014-11-10 06:29:52</PriceUpdateDate><ItemCode>7290002008835</ItemCode><ItemType>1</ItemType><ItemName>מגן כיריים חד פעמי א</ItemName><ManufacturerName>הנמל</ManufacturerName><ManufactureCountry>ישראל</ManufactureCountry><ManufacturerItemDescription>מגן כיריים חד פעמי א</ManufacturerItemDescription><SoldByWeight/><Quantity>0.00</Quantity><UnitOfMeasure>יח'</UnitOfMeasure><QtyInPackage>לא ידוע</QtyInPackage><UnitOfMeasurePrice>0.0000</UnitOfMeasurePrice><AllowDiscount>1</AllowDiscount><ItemStatus>1</ItemStatus><ItemPrice>6.90</ItemPrice></item><item><PriceUpdateDate>2016-03-14 09:48:46</PriceUpdateDate><ItemCode>7290002013006</ItemCode><ItemType>3</ItemType><ItemName>פסטרמה מקסיקנית</ItemName><ManufacturerName>זוגלובק</ManufacturerName><ManufactureCountry>ישראל</ManufactureCountry><ManufacturerItemDescription>פסטרמה מקסיקנית</ManufacturerItemDescription><SoldByWeight/><Quantity>1.00</Quantity><UnitOfMeasure>ק"ג</UnitOfMeasure><QtyInPackage>לא ידוע</QtyInPackage><UnitOfMeasurePrice>84.9000</UnitOfMeasurePrice><AllowDiscount>1</AllowDiscount><ItemStatus>1</ItemStatus><ItemPrice>84.90</ItemPrice></item><item><PriceUpdateDate>2015-10-22 10:37:16</PriceUpdateDate><ItemCode>7290002013037</ItemCode><ItemType>3</ItemType><ItemName>פסטרמה פרגיות על לבנ</ItemName><ManufacturerName>זוגלובק</ManufacturerName><ManufactureCountry>ישראל</ManufactureCountry><ManufacturerItemDescription>פסטרמה פרגיות על לבנ</ManufacturerItemDescription><SoldByWeight/><Quantity>1.00</Quantity><UnitOfMeasure>ק"ג</UnitOfMeasure><QtyInPackage>לא ידוע</QtyInPackage><UnitOfMeasurePrice>88.7000</UnitOfMeasurePrice><AllowDiscount>1</AllowDiscount><ItemStatus>1</ItemStatus><ItemPrice>88.70</ItemPrice></item><item><PriceUpdateDate>2015-11-18 13:58:47</PriceUpdateDate><ItemCode>7290002013174</ItemCode><ItemType>3</ItemType><ItemName>פסטרמה של פעם זוגלוב</ItemName><ManufacturerName>זוגלובק</ManufacturerName><ManufactureCountry>ישראל</ManufactureCountry><ManufacturerItemDescription>פסטרמה של פעם זוגלוב</ManufacturerItemDescription><SoldByWeight/><Quantity>1.00</Quantity><UnitOfMeasure>ק"ג</UnitOfMeasure><QtyInPackage>לא ידוע</QtyInPackage><UnitOfMeasurePrice>90.7000</UnitOfMeasurePrice><AllowDiscount>1</AllowDiscount><ItemStatus>1</ItemStatus><ItemPrice>90.70</ItemPrice></item><item><PriceUpdateDate>2015-11-18 13:58:47</PriceUpdateDate><ItemCode>7290002019763</ItemCode><ItemType>1</ItemType><ItemName>עגבניות מרוסקות 800</ItemName><ManufacturerName>לא ממותג</ManufacturerName><ManufactureCountry>ישראל</ManufactureCountry><ManufacturerItemDescription>עגבניות מרוסקות 800</ManufacturerItemDescription><SoldByWeight/><Quantity>800.00</Quantity><UnitOfMeasure>גרם     </UnitOfMeasure><QtyInPackage>לא ידוע</QtyInPackage><UnitOfMeasurePrice>0.0101</UnitOfMeasurePrice><AllowDiscount>1</AllowDiscount><ItemStatus>1</ItemStatus><ItemPrice>8.10</ItemPrice></item><item><PriceUpdateDate>2014-11-10 06:30:38</PriceUpdateDate><ItemCode>7290002024019</ItemCode><ItemType>3</ItemType><ItemName>טחינה במשקל</ItemName><ManufacturerName>סלטי שמיר</ManufacturerName><ManufactureCountry>ישראל</ManufactureCountry><ManufacturerItemDescription>טחינה במשקל</ManufacturerItemDescription><SoldByWeight/><Quantity>1.00</Quantity><UnitOfMeasure>ק"ג</UnitOfMeasure><QtyInPackage>לא ידוע</QtyInPackage><UnitOfMeasurePrice>23.0000</UnitOfMeasurePrice><AllowDiscount>1</AllowDiscount><ItemStatus>1</ItemStatus><ItemPrice>23.00</ItemPrice></item><item><PriceUpdateDate>2014-11-10 06:30:38</PriceUpdateDate><ItemCode>7290002024125</ItemCode><ItemType>3</ItemType><ItemName>כרוב אדום במשקל</ItemName><ManufacturerName>סלטי שמיר</ManufacturerName><ManufactureCountry>ישראל</ManufactureCountry><ManufacturerItemDescription>כרוב אדום במשקל</ManufacturerItemDescription><SoldByWeight/><Quantity>1.00</Quantity><UnitOfMeasure>ק"ג</UnitOfMeasure><QtyInPackage>לא ידוע</QtyInPackage><UnitOfMeasurePrice>23.0000</UnitOfMeasurePrice><AllowDiscount>1</AllowDiscount><ItemStatus>1</ItemStatus><ItemPrice>23.00</ItemPrice></item><item><PriceUpdateDate>2014-11-10 06:30:38</PriceUpdateDate><ItemCode>7290002024149</ItemCode><ItemType>3</ItemType><ItemName>חומוס מזרחי במשקל</ItemName><ManufacturerName>סלטי שמיר</ManufacturerName><ManufactureCountry>ישראל</ManufactureCountry><ManufacturerItemDescription>חומוס מזרחי במשקל</ManufacturerItemDescription><SoldByWeight/><Quantity>1.00</Quantity><UnitOfMeasure>ק"ג</UnitOfMeasure><QtyInPackage>לא ידוע</QtyInPackage><UnitOfMeasurePrice>23.0000</UnitOfMeasurePrice><AllowDiscount>1</AllowDiscount><ItemStatus>1</ItemStatus><ItemPrice>23.00</ItemPrice></item><item><PriceUpdateDate>2014-11-10 06:30:38</PriceUpdateDate><ItemCode>7290002024187</ItemCode><ItemType>3</ItemType><ItemName>סלט תורכי איסטנבול ב</ItemName><ManufacturerName>סלטי שמיר</ManufacturerName><ManufactureCountry>ישראל</ManufactureCountry><ManufacturerItemDescription>סלט תורכי איסטנבול ב</ManufacturerItemDescription><SoldByWeight/><Quantity>1.00</Quantity><UnitOfMeasure>ק"ג</UnitOfMeasure><QtyInPackage>לא ידוע</QtyInPackage><UnitOfMeasurePrice>27.0000</UnitOfMeasurePrice><AllowDiscount>1</AllowDiscount><ItemStatus>1</ItemStatus><ItemPrice>27.00</ItemPrice></item><item><PriceUpdateDate>2014-11-10 06:30:38</PriceUpdateDate><ItemCode>7290002024194</ItemCode><ItemType>3</ItemType><ItemName>סלט גזר מרוקאי במשקל</ItemName><ManufacturerName>סלטי שמיר</ManufacturerName><ManufactureCountry>ישראל</ManufactureCountry><ManufacturerItemDescription>סלט גזר מרוקאי במשקל</ManufacturerItemDescription><SoldByWeight/><Quantity>1.00</Quantity><UnitOfMeasure>ק"ג</UnitOfMeasure><QtyInPackage>לא ידוע</QtyInPackage><UnitOfMeasurePrice>27.0000</UnitOfMeasurePrice><AllowDiscount>1</AllowDiscount><ItemStatus>1</ItemStatus><ItemPrice>27.00</ItemPrice></item><item><PriceUpdateDate>2014-11-10 06:30:38</PriceUpdateDate><ItemCode>7290002024842</ItemCode><ItemType>3</ItemType><ItemName>עריסה במשקל</ItemName><ManufacturerName>סלטי שמיר</ManufacturerName><ManufactureCountry>ישראל</ManufactureCountry><ManufacturerItemDescription>עריסה במשקל</ManufacturerItemDescription><SoldByWeight/><Quantity>1.00</Quantity><UnitOfMeasure>ק"ג</UnitOfMeasure><QtyInPackage>לא ידוע</QtyInPackage><UnitOfMeasurePrice>31.0000</UnitOfMeasurePrice><AllowDiscount>1</AllowDiscount><ItemStatus>1</ItemStatus><ItemPrice>31.00</ItemPrice></item><item><PriceUpdateDate>2016-05-20 07:13:59</PriceUpdateDate><ItemCode>7290002037057</ItemCode><ItemType>1</ItemType><ItemName>לחם לבן פרוס 500 גרם</ItemName><ManufacturerName>וודש</ManufacturerName><ManufactureCountry>ישראל</ManufactureCountry><ManufacturerItemDescription>לחם לבן פרוס 500 גרם</ManufacturerItemDescription><SoldByWeight/><Quantity>500.00</Quantity><UnitOfMeasure>גרם     </UnitOfMeasure><QtyInPackage>לא ידוע</QtyInPackage><UnitOfMeasurePrice>0.0121</UnitOfMeasurePrice><AllowDiscount>1</AllowDiscount><ItemStatus>1</ItemStatus><ItemPrice>6.04</ItemPrice></item><item><PriceUpdateDate>2016-08-02 07:39:10</PriceUpdateDate><ItemCode>7290002037637</ItemCode><ItemType>1</ItemType><ItemName>מב חליות מתוקות 4יח</ItemName><ManufacturerName>וודש</ManufacturerName><ManufactureCountry>ישראל</ManufactureCountry><ManufacturerItemDescription>מב חליות מתוקות 4יח</ManufacturerItemDescription><SoldByWeight/><Quantity>360.00</Quantity><UnitOfMeasure>גרם     </UnitOfMeasure><QtyInPackage>לא ידוע</QtyInPackage><UnitOfMeasurePrice>0.0331</UnitOfMeasurePrice><AllowDiscount>1</AllowDiscount><ItemStatus>1</ItemStatus><ItemPrice>11.90</ItemPrice></item><item><PriceUpdateDate>2016-05-31 07:02:26</PriceUpdateDate><ItemCode>7290002040019</ItemCode><ItemType>1</ItemType><ItemName>קוסקוס 350 גרם</ItemName><ManufacturerName>קוסקוס מזון</ManufacturerName><ManufactureCountry>ישראל</ManufactureCountry><ManufacturerItemDescription>קוסקוס 350 גרם</ManufacturerItemDescription><SoldByWeight/><Quantity>350.00</Quantity><UnitOfMeasure>גרם     </UnitOfMeasure><QtyInPackage>לא ידוע</QtyInPackage><UnitOfMeasurePrice>0.0140</UnitOfMeasurePrice><AllowDiscount>1</AllowDiscount><ItemStatus>1</ItemStatus><ItemPrice>4.90</ItemPrice></item><item><PriceUpdateDate>2016-05-31 07:02:26</PriceUpdateDate><ItemCode>7290002040064</ItemCode><ItemType>1</ItemType><ItemName>קוסקוס שקית דק 350 ג</ItemName><ManufacturerName>קוסקוס מזון</ManufacturerName><ManufactureCountry>ישראל</ManufactureCountry><ManufacturerItemDescription>קוסקוס שקית דק 350 ג</ManufacturerItemDescription><SoldByWeight/><Quantity>350.00</Quantity><UnitOfMeasure>גרם     </UnitOfMeasure><QtyInPackage>לא ידוע</QtyInPackage><UnitOfMeasurePrice>0.0140</UnitOfMeasurePrice><AllowDiscount>1</AllowDiscount><ItemStatus>1</ItemStatus><ItemPrice>4.90</ItemPrice></item><item><PriceUpdateDate>2016-05-31 07:02:26</PriceUpdateDate><ItemCode>7290002040071</ItemCode><ItemType>1</ItemType><ItemName>קוסקוס שקית עבה 350</ItemName><ManufacturerName>קוסקוס מזון</ManufacturerName><ManufactureCountry>ישראל</ManufactureCountry><ManufacturerItemDescription>קוסקוס שקית עבה 350</ManufacturerItemDescription><SoldByWeight/><Quantity>350.00</Quantity><UnitOfMeasure>גרם     </UnitOfMeasure><QtyInPackage>לא ידוע</QtyInPackage><UnitOfMeasurePrice>0.0140</UnitOfMeasurePrice><AllowDiscount>1</AllowDiscount><ItemStatus>1</ItemStatus><ItemPrice>4.90</ItemPrice></item><item><PriceUpdateDate>2015-10-11 20:34:15</PriceUpdateDate><ItemCode>7290002050025</ItemCode><ItemType>1</ItemType><ItemName>פירורי לחם זהב 1 ק''</ItemName><ManufacturerName>זארובי</ManufacturerName><ManufactureCountry>לא ידוע</ManufactureCountry><ManufacturerItemDescription>פירורי לחם זהב 1 ק''</ManufacturerItemDescription><SoldByWeight/><Quantity>1000.00</Quantity><UnitOfMeasure>גרם     </UnitOfMeasure><QtyInPackage>לא ידוע</QtyInPackage><UnitOfMeasurePrice>0.0152</UnitOfMeasurePrice><AllowDiscount>1</AllowDiscount><ItemStatus>1</ItemStatus><ItemPrice>15.20</ItemPrice></item><item><PriceUpdateDate>2016-03-11 07:43:20</PriceUpdateDate><ItemCode>7290002050070</ItemCode><ItemType>1</ItemType><ItemName>קוקטייל טבע בשקית 17</ItemName><ManufacturerName>לא ממותג</ManufacturerName><ManufactureCountry>לא ידוע</ManufactureCountry><ManufacturerItemDescription>קוקטייל טבע בשקית 17</ManufacturerItemDescription><SoldByWeight/><Quantity>170.00</Quantity><UnitOfMeasure>גרם     </UnitOfMeasure><QtyInPackage>לא ידוע</QtyInPackage><UnitOfMeasurePrice>0.0935</UnitOfMeasurePrice><AllowDiscount>1</AllowDiscount><ItemStatus>1</ItemStatus><ItemPrice>15.90</ItemPrice></item><item><PriceUpdateDate>2015-11-18 13:58:48</PriceUpdateDate><ItemCode>7290002050407</ItemCode><ItemType>1</ItemType><ItemName>פפריקה מתוקה 500 גרם</ItemName><ManufacturerName>זארובי</ManufacturerName><ManufactureCountry>ישראל</ManufactureCountry><ManufacturerItemDescription>פפריקה מתוקה 500 גרם</ManufacturerItemDescription><SoldByWeight/><Quantity>500.00</Quantity><UnitOfMeasure>גרם     </UnitOfMeasure><QtyInPackage>לא ידוע</QtyInPackage><UnitOfMeasurePrice>0.0386</UnitOfMeasurePrice><AllowDiscount>1</AllowDiscount><ItemStatus>1</ItemStatus><ItemPrice>19.30</ItemPrice></item><item><PriceUpdateDate>2015-11-18 13:58:48</PriceUpdateDate><ItemCode>7290002053095</ItemCode><ItemType>1</ItemType><ItemName>אטריות ביצים מ''ס 10</ItemName><ManufacturerName>אוריינט</ManufacturerName><ManufactureCountry>ישראל</ManufactureCountry><ManufacturerItemDescription>אטריות ביצים מ''ס 10</ManufacturerItemDescription><SoldByWeight/><Quantity>200.00</Quantity><UnitOfMeasure>גרם     </UnitOfMeasure><QtyInPackage>לא ידוע</QtyInPackage><UnitOfMeasurePrice>0.0445</UnitOfMeasurePrice><AllowDiscount>1</AllowDiscount><ItemStatus>1</ItemStatus><ItemPrice>8.90</ItemPrice></item><item><PriceUpdateDate>2015-10-07 18:22:35</PriceUpdateDate><ItemCode>7290002053354</ItemCode><ItemType>1</ItemType><ItemName>נודלס סיני 300 גרם</ItemName><ManufacturerName>אוריינט</ManufacturerName><ManufactureCountry>ישראל</ManufactureCountry><ManufacturerItemDescription>נודלס סיני 300 גרם</ManufacturerItemDescription><SoldByWeight/><Quantity>300.00</Quantity><UnitOfMeasure>גרם     </UnitOfMeasure><QtyInPackage>לא ידוע</QtyInPackage><UnitOfMeasurePrice>0.0403</UnitOfMeasurePrice><AllowDiscount>1</AllowDiscount><ItemStatus>1</ItemStatus><ItemPrice>12.10</ItemPrice></item><item><PriceUpdateDate>2015-11-02 20:36:23</PriceUpdateDate><ItemCode>7290002053361</ItemCode><ItemType>1</ItemType><ItemName>נודלס תאילנדי 400 גר</ItemName><ManufacturerName>לא ממותג</ManufacturerName><ManufactureCountry>ישראל</ManufactureCountry><ManufacturerItemDescription>נודלס אריזת ענק 400 גרם</ManufacturerItemDescription><SoldByWeight/><Quantity>400.00</Quantity><UnitOfMeasure>גרם     </UnitOfMeasure><QtyInPackage>לא ידוע</QtyInPackage><UnitOfMeasurePrice>0.0415</UnitOfMeasurePrice><AllowDiscount>1</AllowDiscount><ItemStatus>1</ItemStatus><ItemPrice>16.60</ItemPrice></item><item><PriceUpdateDate>2016-08-02 07:39:10</PriceUpdateDate><ItemCode>7290002065555</ItemCode><ItemType>1</ItemType><ItemName>מב 6 לחמניות בשקית</ItemName><ManufacturerName>אנג'ל</ManufacturerName><ManufactureCountry>ישראל</ManufactureCountry><ManufacturerItemDescription>לחמניות ארוכות 450 1/6 גר</ManufacturerItemDescription><SoldByWeight/><Quantity>450.00</Quantity><UnitOfMeasure>גרם     </UnitOfMeasure><QtyInPackage>לא ידוע</QtyInPackage><UnitOfMeasurePrice>0.0242</UnitOfMeasurePrice><AllowDiscount>1</AllowDiscount><ItemStatus>1</ItemStatus><ItemPrice>10.90</ItemPrice></item><item><PriceUpdateDate>2016-08-10 08:23:07</PriceUpdateDate><ItemCode>7290002107965</ItemCode><ItemType>1</ItemType><ItemName>גבינת טבורוג 500 גרם</ItemName><ManufacturerName>משק צוריאל</ManufacturerName><ManufactureCountry>ישראל</ManufactureCountry><ManufacturerItemDescription>גבינת טבורוג 500 גרם</ManufacturerItemDescription><SoldByWeight/><Quantity>500.00</Quantity><UnitOfMeasure>גרם     </UnitOfMeasure><QtyInPackage>לא ידוע</QtyInPackage><UnitOfMeasurePrice>0.0518</UnitOfMeasurePrice><AllowDiscount>1</AllowDiscount><ItemStatus>1</ItemStatus><ItemPrice>25.90</ItemPrice></item><item><PriceUpdateDate>2015-11-18 13:58:48</PriceUpdateDate><ItemCode>7290002109334</ItemCode><ItemType>1</ItemType><ItemName>קציצת דג סלמון לבישו</ItemName><ManufacturerName>דלידג</ManufacturerName><ManufactureCountry>ישראל</ManufactureCountry><ManufacturerItemDescription>קציצת דג סלמון לבישו</ManufacturerItemDescription><SoldByWeight/><Quantity>750.00</Quantity><UnitOfMeasure>גרם     </UnitOfMeasure><QtyInPackage>לא ידוע</QtyInPackage><UnitOfMeasurePrice>0.0415</UnitOfMeasurePrice><AllowDiscount>1</AllowDiscount><ItemStatus>1</ItemStatus><ItemPrice>31.10</ItemPrice></item><item><PriceUpdateDate>2014-11-10 06:29:52</PriceUpdateDate><ItemCode>7290002118299</ItemCode><ItemType>1</ItemType><ItemName>צמרוני תינוק 130 יחי</ItemName><ManufacturerName>הנמל</ManufacturerName><ManufactureCountry>ישראל</ManufactureCountry><ManufacturerItemDescription>צמרוני תינוק 130 יחי</ManufacturerItemDescription><SoldByWeight/><Quantity>0.00</Quantity><UnitOfMeasure>יח'</UnitOfMeasure><QtyInPackage>לא ידוע</QtyInPackage><UnitOfMeasurePrice>0.0000</UnitOfMeasurePrice><AllowDiscount>1</AllowDiscount><ItemStatus>1</ItemStatus><ItemPrice>9.70</ItemPrice></item><item><PriceUpdateDate>2016-05-31 07:02:26</PriceUpdateDate><ItemCode>7290002130567</ItemCode><ItemType>1</ItemType><ItemName>דבש 350 גרם</ItemName><ManufacturerName>יד מרדכי</ManufacturerName><ManufactureCountry>ישראל</ManufactureCountry><ManufacturerItemDescription>דבש דבורים טהור350 גר</ManufacturerItemDescription><SoldByWeight/><Quantity>350.00</Quantity><UnitOfMeasure>גרם     </UnitOfMeasure><QtyInPackage>לא ידוע</QtyInPackage><UnitOfMeasurePrice>0.0540</UnitOfMeasurePrice><AllowDiscount>1</AllowDiscount><ItemStatus>1</ItemStatus><ItemPrice>18.90</ItemPrice></item><item><PriceUpdateDate>2015-10-22 10:37:16</PriceUpdateDate><ItemCode>7290002130581</ItemCode><ItemType>1</ItemType><ItemName>דבש 1 ק"ג</ItemName><ManufacturerName>יד מרדכי</ManufacturerName><ManufactureCountry>ישראל</ManufactureCountry><ManufacturerItemDescription>דבש 1 ק"ג</ManufacturerItemDescription><SoldByWeight/><Quantity>1000.00</Quantity><UnitOfMeasure>גרם     </UnitOfMeasure><QtyInPackage>לא ידוע</QtyInPackage><UnitOfMeasurePrice>0.0555</UnitOfMeasurePrice><AllowDiscount>1</AllowDiscount><ItemStatus>1</ItemStatus><ItemPrice>55.50</ItemPrice></item><item><PriceUpdateDate>2016-08-02 07:39:11</PriceUpdateDate><ItemCode>7290002133094</ItemCode><ItemType>3</ItemType><ItemName>מב גבינת ברינזה צאן</ItemName><ManufacturerName>מחלבת השומרון</ManufacturerName><ManufactureCountry>ישראל</ManufactureCountry><ManufacturerItemDescription>מב גבינת ברינזה צאן</ManufacturerItemDescription><SoldByWeight/><Quantity>1.00</Quantity><UnitOfMeasure>ק"ג</UnitOfMeasure><QtyInPackage>לא ידוע</QtyInPackage><UnitOfMeasurePrice>62.0000</UnitOfMeasurePrice><AllowDiscount>1</AllowDiscount><ItemStatus>1</ItemStatus><ItemPrice>62.00</ItemPrice></item><item><PriceUpdateDate>2015-08-04 10:37:24</PriceUpdateDate><ItemCode>7290002133986</ItemCode><ItemType>3</ItemType><ItemName>חמאת עיזים במשקל</ItemName><ManufacturerName>מחלבת השומרון</ManufacturerName><ManufactureCountry>לא ידוע</ManufactureCountry><ManufacturerItemDescription>חמאת עיזים במשקל</ManufacturerItemDescription><SoldByWeight/><Quantity>1.00</Quantity><UnitOfMeasure>ק"ג</UnitOfMeasure><QtyInPackage>לא ידוע</QtyInPackage><UnitOfMeasurePrice>69.0000</UnitOfMeasurePrice><AllowDiscount>1</AllowDiscount><ItemStatus>1</ItemStatus><ItemPrice>69.00</ItemPrice></item><item><PriceUpdateDate>2016-01-04 21:06:10</PriceUpdateDate><ItemCode>7290002190516</ItemCode><ItemType>1</ItemType><ItemName>ממרח ריבת חלב 500 גר</ItemName><ManufacturerName>קומידה</ManufacturerName><ManufactureCountry>ישראל</ManufactureCountry><ManufacturerItemDescription>ממרח ריבת חלב קומידה 500</ManufacturerItemDescription><SoldByWeight/><Quantity>500.00</Quantity><UnitOfMeasure>גרם     </UnitOfMeasure><QtyInPackage>לא ידוע</QtyInPackage><UnitOfMeasurePrice>0.0346</UnitOfMeasurePrice><AllowDiscount>1</AllowDiscount><ItemStatus>1</ItemStatus><ItemPrice>17.30</ItemPrice></item><item><PriceUpdateDate>2016-08-02 07:35:01</PriceUpdateDate><ItemCode>7290002195054</ItemCode><ItemType>1</ItemType><ItemName>מב המבורגר בלדי 400</ItemName><ManufacturerName>בלדי</ManufacturerName><ManufactureCountry>ישראל</ManufactureCountry><ManufacturerItemDescription>המבורגר 400 ג</ManufacturerItemDescription><SoldByWeight/><Quantity>400.00</Quantity><UnitOfMeasure>גרם     </UnitOfMeasure><QtyInPackage>לא ידוע</QtyInPackage><UnitOfMeasurePrice>0.0300</UnitOfMeasurePrice><AllowDiscount>1</AllowDiscount><ItemStatus>1</ItemStatus><ItemPrice>12.00</ItemPrice></item><item><PriceUpdateDate>2016-08-02 07:35:02</PriceUpdateDate><ItemCode>7290002195085</ItemCode><ItemType>1</ItemType><ItemName>מב קבב מזרחי בלדי 40</ItemName><ManufacturerName>בלדי</ManufacturerName><ManufactureCountry>ישראל</ManufactureCountry><ManufacturerItemDescription>קבב מזרחי 400 גר</ManufacturerItemDescription><SoldByWeight/><Quantity>400.00</Quantity><UnitOfMeasure>גרם     </UnitOfMeasure><QtyInPackage>לא ידוע</QtyInPackage><UnitOfMeasurePrice>0.0300</UnitOfMeasurePrice><AllowDiscount>1</AllowDiscount><ItemStatus>1</ItemStatus><ItemPrice>12.00</ItemPrice></item><item><PriceUpdateDate>2016-08-02 07:39:11</PriceUpdateDate><ItemCode>7290002239185</ItemCode><ItemType>1</ItemType><ItemName>מב אפונה 800 גרם פרי</ItemName><ManufacturerName>פרי הגליל</ManufacturerName><ManufactureCountry>ישראל</ManufactureCountry><ManufacturerItemDescription>מב אפונה 800 גרם פרי</ManufacturerItemDescription><SoldByWeight/><Quantity>800.00</Quantity><UnitOfMeasure>גרם     </UnitOfMeasure><QtyInPackage>לא ידוע</QtyInPackage><UnitOfMeasurePrice>0.0136</UnitOfMeasurePrice><AllowDiscount>1</AllowDiscount><ItemStatus>1</ItemStatus><ItemPrice>10.90</ItemPrice></item><item><PriceUpdateDate>2016-08-02 07:39:12</PriceUpdateDate><ItemCode>7290002239215</ItemCode><ItemType>1</ItemType><ItemName>מב אפונה וגזר 800 גר</ItemName><ManufacturerName>פרי הגליל</ManufacturerName><ManufactureCountry>ישראל</ManufactureCountry><ManufacturerItemDescription>מב אפונה וגזר 800 גר</ManufacturerItemDescription><SoldByWeight/><Quantity>800.00</Quantity><UnitOfMeasure>גרם     </UnitOfMeasure><QtyInPackage>לא ידוע</QtyInPackage><UnitOfMeasurePrice>0.0136</UnitOfMeasurePrice><AllowDiscount>1</AllowDiscount><ItemStatus>1</ItemStatus><ItemPrice>10.90</ItemPrice></item><item><PriceUpdateDate>2016-05-31 06:55:15</PriceUpdateDate><ItemCode>7290002239277</ItemCode><ItemType>1</ItemType><ItemName>גזר גמדי 800 גרם</ItemName><ManufacturerName>פרי הגליל</ManufacturerName><ManufactureCountry>ישראל</ManufactureCountry><ManufacturerItemDescription>גזר גמדי 800 גרם</ManufacturerItemDescription><SoldByWeight/><Quantity>800.00</Quantity><UnitOfMeasure>גרם     </UnitOfMeasure><QtyInPackage>לא ידוע</QtyInPackage><UnitOfMeasurePrice>0.0126</UnitOfMeasurePrice><AllowDiscount>1</AllowDiscount><ItemStatus>1</ItemStatus><ItemPrice>10.10</ItemPrice></item><item><PriceUpdateDate>2015-11-18 13:58:49</PriceUpdateDate><ItemCode>7290002239307</ItemCode><ItemType>1</ItemType><ItemName>שעועית צהובה פרי גלי</ItemName><ManufacturerName>פרי הגליל</ManufacturerName><ManufactureCountry>ישראל</ManufactureCountry><ManufacturerItemDescription>שעועית צהובה פרי גלי</ManufacturerItemDescription><SoldByWeight/><Quantity>800.00</Quantity><UnitOfMeasure>גרם     </UnitOfMeasure><QtyInPackage>לא ידוע</QtyInPackage><UnitOfMeasurePrice>0.0152</UnitOfMeasurePrice><AllowDiscount>1</AllowDiscount><ItemStatus>1</ItemStatus><ItemPrice>12.20</ItemPrice></item><item><PriceUpdateDate>2016-05-31 07:02:27</PriceUpdateDate><ItemCode>7290002253006</ItemCode><ItemType>1</ItemType><ItemName>שום דורות בצנצנת 200</ItemName><ManufacturerName>דורות</ManufacturerName><ManufactureCountry>ישראל</ManufactureCountry><ManufacturerItemDescription>שום כתוש דורות בצנצנת 200</ManufacturerItemDescription><SoldByWeight/><Quantity>200.00</Quantity><UnitOfMeasure>גרם     </UnitOfMeasure><QtyInPackage>לא ידוע</QtyInPackage><UnitOfMeasurePrice>0.0675</UnitOfMeasurePrice><AllowDiscount>1</AllowDiscount><ItemStatus>1</ItemStatus><ItemPrice>13.50</ItemPrice></item><item><PriceUpdateDate>2016-05-01 08:13:23</PriceUpdateDate><ItemCode>7290002253105</ItemCode><ItemType>1</ItemType><ItemName>קוביות שום טרי במגשי</ItemName><ManufacturerName>דורות</ManufacturerName><ManufactureCountry>ישראל</ManufactureCountry><ManufacturerItemDescription>שום כתוש מגשית 80 גר</ManufacturerItemDescription><SoldByWeight/><Quantity>80.00</Quantity><UnitOfMeasure>גרם     </UnitOfMeasure><QtyInPackage>לא ידוע</QtyInPackage><UnitOfMeasurePrice>0.1613</UnitOfMeasurePrice><AllowDiscount>1</AllowDiscount><ItemStatus>1</ItemStatus><ItemPrice>12.90</ItemPrice></item><item><PriceUpdateDate>2016-05-01 08:13:23</PriceUpdateDate><ItemCode>7290002253150</ItemCode><ItemType>1</ItemType><ItemName>בזיליקום טרי קצוץ 70</ItemName><ManufacturerName>דורות</ManufacturerName><ManufactureCountry>ישראל</ManufactureCountry><ManufacturerItemDescription>בזיליקום קצוץ 70 גר מגשית</ManufacturerItemDescription><SoldByWeight/><Quantity>14.00</Quantity><UnitOfMeasure>גרם     </UnitOfMeasure><QtyInPackage>לא ידוע</QtyInPackage><UnitOfMeasurePrice>0.8143</UnitOfMeasurePrice><AllowDiscount>1</AllowDiscount><ItemStatus>1</ItemStatus><ItemPrice>11.40</ItemPrice></item><item><PriceUpdateDate>2016-05-01 08:13:23</PriceUpdateDate><ItemCode>7290002253167</ItemCode><ItemType>1</ItemType><ItemName>פטרוזיליה טרייה קצוצ</ItemName><ManufacturerName>דורות</ManufacturerName><ManufactureCountry>ישראל</ManufactureCountry><ManufacturerItemDescription>פטרוזיליה טרייה קצוצה 70</ManufacturerItemDescription><SoldByWeight/><Quantity>14.00</Quantity><UnitOfMeasure>גרם     </UnitOfMeasure><QtyInPackage>לא ידוע</QtyInPackage><UnitOfMeasurePrice>0.8143</UnitOfMeasurePrice><AllowDiscount>1</AllowDiscount><ItemStatus>1</ItemStatus><ItemPrice>11.40</ItemPrice></item><item><PriceUpdateDate>2016-05-01 08:13:23</PriceUpdateDate><ItemCode>7290002253181</ItemCode><ItemType>1</ItemType><ItemName>כוסברה טרייה קצוצה 7</ItemName><ManufacturerName>דורות</ManufacturerName><ManufactureCountry>ישראל</ManufactureCountry><ManufacturerItemDescription>כוסברה טריה קצוצה</ManufacturerItemDescription><SoldByWeight/><Quantity>14.00</Quantity><UnitOfMeasure>גרם     </UnitOfMeasure><QtyInPackage>לא ידוע</QtyInPackage><UnitOfMeasurePrice>0.8143</UnitOfMeasurePrice><AllowDiscount>1</AllowDiscount><ItemStatus>1</ItemStatus><ItemPrice>11.40</ItemPrice></item><item><PriceUpdateDate>2016-05-01 08:13:23</PriceUpdateDate><ItemCode>7290002253198</ItemCode><ItemType>1</ItemType><ItemName>גינג'ר כתוש קפוא 90</ItemName><ManufacturerName>דורות</ManufacturerName><ManufactureCountry>ישראל</ManufactureCountry><ManufacturerItemDescription>גינגר כתוש קפוא מגשית</ManufacturerItemDescription><SoldByWeight/><Quantity>90.00</Quantity><UnitOfMeasure>גרם     </UnitOfMeasure><QtyInPackage>לא ידוע</QtyInPackage><UnitOfMeasurePrice>0.1356</UnitOfMeasurePrice><AllowDiscount>1</AllowDiscount><ItemStatus>1</ItemStatus><ItemPrice>12.20</ItemPrice></item><item><PriceUpdateDate>2015-06-01 13:03:37</PriceUpdateDate><ItemCode>7290002319016</ItemCode><ItemType>1</ItemType><ItemName>אבקת אפיה עשריות מיה</ItemName><ManufacturerName>מיה</ManufacturerName><ManufactureCountry>ישראל</ManufactureCountry><ManufacturerItemDescription>אבקת אפיה עשריות מיה</ManufacturerItemDescription><SoldByWeight/><Quantity>100.00</Quantity><UnitOfMeasure>גרם     </UnitOfMeasure><QtyInPackage>לא ידוע</QtyInPackage><UnitOfMeasurePrice>0.0340</UnitOfMeasurePrice><AllowDiscount>1</AllowDiscount><ItemStatus>1</ItemStatus><ItemPrice>3.40</ItemPrice></item><item><PriceUpdateDate>2015-06-01 13:03:37</PriceUpdateDate><ItemCode>7290002319023</ItemCode><ItemType>1</ItemType><ItemName>סוכר וניל עשריות מיה</ItemName><ManufacturerName>מיה</ManufacturerName><ManufactureCountry>ישראל</ManufactureCountry><ManufacturerItemDescription>סוכר וניל עשריות מיה</ManufacturerItemDescription><SoldByWeight/><Quantity>100.00</Quantity><UnitOfMeasure>גרם     </UnitOfMeasure><QtyInPackage>לא ידוע</QtyInPackage><UnitOfMeasurePrice>0.0330</UnitOfMeasurePrice><AllowDiscount>1</AllowDiscount><ItemStatus>1</ItemStatus><ItemPrice>3.30</ItemPrice></item><item><PriceUpdateDate>2016-01-10 12:59:28</PriceUpdateDate><ItemCode>7290002319061</ItemCode><ItemType>1</ItemType><ItemName>קוקוס טחון 100 גרם</ItemName><ManufacturerName>מיה</ManufacturerName><ManufactureCountry>ישראל</ManufactureCountry><ManufacturerItemDescription>קוקוס טחון 100 גר     .בד</ManufacturerItemDescription><SoldByWeight/><Quantity>100.00</Quantity><UnitOfMeasure>גרם     </UnitOfMeasure><QtyInPackage>לא ידוע</QtyInPackage><UnitOfMeasurePrice>0.0400</UnitOfMeasurePrice><AllowDiscount>1</AllowDiscount><ItemStatus>1</ItemStatus><ItemPrice>4.00</ItemPrice></item><item><PriceUpdateDate>2016-01-10 12:59:28</PriceUpdateDate><ItemCode>7290002319078</ItemCode><ItemType>1</ItemType><ItemName>שומשום 100 גרם</ItemName><ManufacturerName>מיה</ManufacturerName><ManufactureCountry>ישראל</ManufactureCountry><ManufacturerItemDescription>שומשום 100 גר</ManufacturerItemDescription><SoldByWeight/><Quantity>100.00</Quantity><UnitOfMeasure>גרם     </UnitOfMeasure><QtyInPackage>לא ידוע</QtyInPackage><UnitOfMeasurePrice>0.0430</UnitOfMeasurePrice><AllowDiscount>1</AllowDiscount><ItemStatus>1</ItemStatus><ItemPrice>4.30</ItemPrice></item><item><PriceUpdateDate>2016-08-02 07:39:12</PriceUpdateDate><ItemCode>7290002319122</ItemCode><ItemType>1</ItemType><ItemName>מב גריסים 500 גרם</ItemName><ManufacturerName>מיה</ManufacturerName><ManufactureCountry>ישראל</ManufactureCountry><ManufacturerItemDescription>מב גריסים 500 גרם</ManufacturerItemDescription><SoldByWeight/><Quantity>500.00</Quantity><UnitOfMeasure>גרם     </UnitOfMeasure><QtyInPackage>לא ידוע</QtyInPackage><UnitOfMeasurePrice>0.0078</UnitOfMeasurePrice><AllowDiscount>1</AllowDiscount><ItemStatus>1</ItemStatus><ItemPrice>3.90</ItemPrice></item><item><PriceUpdateDate>2015-11-18 13:58:50</PriceUpdateDate><ItemCode>7290002319184</ItemCode><ItemType>1</ItemType><ItemName>עדשים אדומים מיה 500</ItemName><ManufacturerName>מיה</ManufacturerName><ManufactureCountry>ישראל</ManufactureCountry><ManufacturerItemDescription>עדשים אדומים500 גר</ManufacturerItemDescription><SoldByWeight/><Quantity>500.00</Quantity><UnitOfMeasure>גרם     </UnitOfMeasure><QtyInPackage>לא ידוע</QtyInPackage><UnitOfMeasurePrice>0.0186</UnitOfMeasurePrice><AllowDiscount>1</AllowDiscount><ItemStatus>1</ItemStatus><ItemPrice>9.30</ItemPrice></item><item><PriceUpdateDate>2016-08-02 07:39:12</PriceUpdateDate><ItemCode>7290002319221</ItemCode><ItemType>1</ItemType><ItemName>מב חיטה 500 גרם</ItemName><ManufacturerName>מיה</ManufacturerName><ManufactureCountry>ישראל</ManufactureCountry><ManufacturerItemDescription>חיטה 500 גר</ManufacturerItemDescription><SoldByWeight/><Quantity>500.00</Quantity><UnitOfMeasure>גרם     </UnitOfMeasure><QtyInPackage>לא ידוע</QtyInPackage><UnitOfMeasurePrice>0.0078</UnitOfMeasurePrice><AllowDiscount>1</AllowDiscount><ItemStatus>1</ItemStatus><ItemPrice>3.90</ItemPrice></item><item><PriceUpdateDate>2016-01-04 21:06:11</PriceUpdateDate><ItemCode>7290002319375</ItemCode><ItemType>1</ItemType><ItemName>קונפלור בד"ץ 250 גרם</ItemName><ManufacturerName>מיה</ManufacturerName><ManufactureCountry>ישראל</ManufactureCountry><ManufacturerItemDescription>קונפלור בד"ץ 250 גרם</ManufacturerItemDescription><SoldByWeight/><Quantity>250.00</Quantity><UnitOfMeasure>גרם     </UnitOfMeasure><QtyInPackage>לא ידוע</QtyInPackage><UnitOfMeasurePrice>0.0196</UnitOfMeasurePrice><AllowDiscount>1</AllowDiscount><ItemStatus>1</ItemStatus><ItemPrice>4.90</ItemPrice></item><item><PriceUpdateDate>2016-01-04 21:06:11</PriceUpdateDate><ItemCode>7290002319788</ItemCode><ItemType>1</ItemType><ItemName>תמצית אפיה רום</ItemName><ManufacturerName>מיה</ManufacturerName><ManufactureCountry>ישראל</ManufactureCountry><ManufacturerItemDescription>תמצית אפיה רום</ManufacturerItemDescription><SoldByWeight/><Quantity>0.00</Quantity><UnitOfMeasure>מ"ל</UnitOfMeasure><QtyInPackage>לא ידוע</QtyInPackage><UnitOfMeasurePrice>0.0000</UnitOfMeasurePrice><AllowDiscount>1</AllowDiscount><ItemStatus>1</ItemStatus><ItemPrice>4.90</ItemPrice></item><item><PriceUpdateDate>2015-11-18 13:58:51</PriceUpdateDate><ItemCode>7290002319825</ItemCode><ItemType>1</ItemType><ItemName>אבקת סוכר בד"צ 100 ג</ItemName><ManufacturerName>מיה</ManufacturerName><ManufactureCountry>ישראל</ManufactureCountry><ManufacturerItemDescription>אבקת סוכר בד"צ 100 ג</ManufacturerItemDescription><SoldByWeight/><Quantity>100.00</Quantity><UnitOfMeasure>גרם     </UnitOfMeasure><QtyInPackage>לא ידוע</QtyInPackage><UnitOfMeasurePrice>0.0260</UnitOfMeasurePrice><AllowDiscount>1</AllowDiscount><ItemStatus>1</ItemStatus><ItemPrice>2.60</ItemPrice></item><item><PriceUpdateDate>2016-05-31 07:02:28</PriceUpdateDate><ItemCode>7290002323198</ItemCode><ItemType>1</ItemType><ItemName>ספרינג 1.5 ליטר טעם</ItemName><ManufacturerName>ספרינג</ManufacturerName><ManufactureCountry>ישראל</ManufactureCountry><ManufacturerItemDescription>ספרינג מיץ תפוחים1.5 ל</ManufacturerItemDescription><SoldByWeight/><Quantity>1500.00</Quantity><UnitOfMeasure>מ"ל</UnitOfMeasure><QtyInPackage>לא ידוע</QtyInPackage><UnitOfMeasurePrice>0.0039</UnitOfMeasurePrice><AllowDiscount>1</AllowDiscount><ItemStatus>1</ItemStatus><ItemPrice>5.90</ItemPrice></item><item><PriceUpdateDate>2016-05-31 07:02:28</PriceUpdateDate><ItemCode>7290002323815</ItemCode><ItemType>1</ItemType><ItemName>קריסטל תפוזים 2 ליטר</ItemName><ManufacturerName>קריסטל משק"ל</ManufacturerName><ManufactureCountry>ישראל</ManufactureCountry><ManufacturerItemDescription>קריסטל תפוזים 2 ליטר</ManufacturerItemDescription><SoldByWeight/><Quantity>2000.00</Quantity><UnitOfMeasure>מ"ל</UnitOfMeasure><QtyInPackage>לא ידוע</QtyInPackage><UnitOfMeasurePrice>0.0019</UnitOfMeasurePrice><AllowDiscount>0</AllowDiscount><ItemStatus>1</ItemStatus><ItemPrice>3.70</ItemPrice></item><item><PriceUpdateDate>2016-05-31 07:02:28</PriceUpdateDate><ItemCode>7290002323822</ItemCode><ItemType>1</ItemType><ItemName>קריסטל אשכוליות 2 לי</ItemName><ManufacturerName>קריסטל משק"ל</ManufacturerName><ManufactureCountry>ישראל</ManufactureCountry><ManufacturerItemDescription>קריסטל אשכוליות 2 לי</ManufacturerItemDescription><SoldByWeight/><Quantity>2000.00</Quantity><UnitOfMeasure>מ"ל</UnitOfMeasure><QtyInPackage>לא ידוע</QtyInPackage><UnitOfMeasurePrice>0.0019</UnitOfMeasurePrice><AllowDiscount>0</AllowDiscount><ItemStatus>1</ItemStatus><ItemPrice>3.70</ItemPrice></item><item><PriceUpdateDate>2016-05-31 07:02:28</PriceUpdateDate><ItemCode>7290002323839</ItemCode><ItemType>1</ItemType><ItemName>קריסטל ענבים 2 ליטר</ItemName><ManufacturerName>קריסטל משק"ל</ManufacturerName><ManufactureCountry>ישראל</ManufactureCountry><ManufacturerItemDescription>קריסטל ענבים 2 ליטר</ManufacturerItemDescription><SoldByWeight/><Quantity>2000.00</Quantity><UnitOfMeasure>מ"ל</UnitOfMeasure><QtyInPackage>לא ידוע</QtyInPackage><UnitOfMeasurePrice>0.0019</UnitOfMeasurePrice><AllowDiscount>0</AllowDiscount><ItemStatus>1</ItemStatus><ItemPrice>3.70</ItemPrice></item><item><PriceUpdateDate>2016-05-31 07:02:28</PriceUpdateDate><ItemCode>7290002323846</ItemCode><ItemType>1</ItemType><ItemName>קריסטל מנגו קל 2 ליט</ItemName><ManufacturerName>קריסטל משק"ל</ManufacturerName><ManufactureCountry>ישראל</ManufactureCountry><ManufacturerItemDescription>קריסטל מנגו קל 2 ליט</ManufacturerItemDescription><SoldByWeight/><Quantity>2000.00</Quantity><UnitOfMeasure>מ"ל</UnitOfMeasure><QtyInPackage>לא ידוע</QtyInPackage><UnitOfMeasurePrice>0.0019</UnitOfMeasurePrice><AllowDiscount>0</AllowDiscount><ItemStatus>1</ItemStatus><ItemPrice>3.70</ItemPrice></item><item><PriceUpdateDate>2016-08-02 07:39:13</PriceUpdateDate><ItemCode>7290002327028</ItemCode><ItemType>1</ItemType><ItemName>מב ג'חנון  שלושת האו</ItemName><ManufacturerName>נטו סחר</ManufacturerName><ManufactureCountry>ישראל</ManufactureCountry><ManufacturerItemDescription>מב ג'חנון  שלושת האו</ManufacturerItemDescription><SoldByWeight/><Quantity>650.00</Quantity><UnitOfMeasure>גרם     </UnitOfMeasure><QtyInPackage>לא ידוע</QtyInPackage><UnitOfMeasurePrice>0.0198</UnitOfMeasurePrice><AllowDiscount>1</AllowDiscount><ItemStatus>1</ItemStatus><ItemPrice>12.90</ItemPrice></item><item><PriceUpdateDate>2016-03-17 09:36:50</PriceUpdateDate><ItemCode>7290002327059</ItemCode><ItemType>1</ItemType><ItemName>בצק עלים 1 ק"ג</ItemName><ManufacturerName>שלושת האופים</ManufacturerName><ManufactureCountry>ישראל</ManufactureCountry><ManufacturerItemDescription>בצק עלים מרודד 1 קג</ManufacturerItemDescription><SoldByWeight/><Quantity>1000.00</Quantity><UnitOfMeasure>גרם     </UnitOfMeasure><QtyInPackage>לא ידוע</QtyInPackage><UnitOfMeasurePrice>0.0199</UnitOfMeasurePrice><AllowDiscount>1</AllowDiscount><ItemStatus>1</ItemStatus><ItemPrice>19.90</ItemPrice></item><item><PriceUpdateDate>2015-11-18 13:58:51</PriceUpdateDate><ItemCode>7290002327066</ItemCode><ItemType>1</ItemType><ItemName>קונכיות בצק 8 יחידות</ItemName><ManufacturerName>שלושת האופים</ManufacturerName><ManufactureCountry>ישראל</ManufactureCountry><ManufacturerItemDescription>קונכיות בצק 8 יחידות</ManufacturerItemDescription><SoldByWeight/><Quantity>500.00</Quantity><UnitOfMeasure>גרם     </UnitOfMeasure><QtyInPackage>לא ידוע</QtyInPackage><UnitOfMeasurePrice>0.0530</UnitOfMeasurePrice><AllowDiscount>1</AllowDiscount><ItemStatus>1</ItemStatus><ItemPrice>26.50</ItemPrice></item><item><PriceUpdateDate>2016-06-28 09:28:56</PriceUpdateDate><ItemCode>7290002327929</ItemCode><ItemType>1</ItemType><ItemName>מב מיני בורקס תפו"א</ItemName><ManufacturerName>שלושת האופים</ManufacturerName><ManufactureCountry>ישראל</ManufactureCountry><ManufacturerItemDescription>מב מיני בורקס תפו"א</ManufacturerItemDescription><SoldByWeight/><Quantity>700.00</Quantity><UnitOfMeasure>גרם     </UnitOfMeasure><QtyInPackage>לא ידוע</QtyInPackage><UnitOfMeasurePrice>0.0229</UnitOfMeasurePrice><AllowDiscount>1</AllowDiscount><ItemStatus>1</ItemStatus><ItemPrice>16.00</ItemPrice></item><item><PriceUpdateDate>2015-11-18 13:58:51</PriceUpdateDate><ItemCode>7290002331025</ItemCode><ItemType>1</ItemType><ItemName>מים נביעות 0.5TO GO</ItemName><ManufacturerName>נביעות</ManufacturerName><ManufactureCountry>ישראל</ManufactureCountry><ManufacturerItemDescription>נביעות1/2 ל.ספורט</ManufacturerItemDescription><SoldByWeight/><Quantity>500.00</Quantity><UnitOfMeasure>מ"ל</UnitOfMeasure><QtyInPackage>לא ידוע</QtyInPackage><UnitOfMeasurePrice>0.0104</UnitOfMeasurePrice><AllowDiscount>1</AllowDiscount><ItemStatus>1</ItemStatus><ItemPrice>5.20</ItemPrice></item><item><PriceUpdateDate>2016-03-01 06:17:20</PriceUpdateDate><ItemCode>7290002331117</ItemCode><ItemType>1</ItemType><ItemName>מים נביעות ענבים עדי</ItemName><ManufacturerName>נביעות</ManufacturerName><ManufactureCountry>ישראל</ManufactureCountry><ManufacturerItemDescription>נביעות +ענבים 1.5 ליטר</ManufacturerItemDescription><SoldByWeight/><Quantity>1500.00</Quantity><UnitOfMeasure>מ"ל</UnitOfMeasure><QtyInPackage>לא ידוע</QtyInPackage><UnitOfMeasurePrice>0.0058</UnitOfMeasurePrice><AllowDiscount>1</AllowDiscount><ItemStatus>1</ItemStatus><ItemPrice>8.70</ItemPrice></item><item><PriceUpdateDate>2016-08-10 08:23:07</PriceUpdateDate><ItemCode>7290002331162</ItemCode><ItemType>1</ItemType><ItemName>מים נביעות 1.5 ליטר</ItemName><ManufacturerName>נביעות</ManufacturerName><ManufactureCountry>ישראל</ManufactureCountry><ManufacturerItemDescription>נביעות1.5 ל .מים מינרלים</ManufacturerItemDescription><SoldByWeight/><Quantity>1500.00</Quantity><UnitOfMeasure>מ"ל</UnitOfMeasure><QtyInPackage>לא ידוע</QtyInPackage><UnitOfMeasurePrice>0.0028</UnitOfMeasurePrice><AllowDiscount>1</AllowDiscount><ItemStatus>1</ItemStatus><ItemPrice>4.20</ItemPrice></item><item><PriceUpdateDate>2016-03-01 06:17:20</PriceUpdateDate><ItemCode>7290002331179</ItemCode><ItemType>1</ItemType><ItemName>מיים נביעות אפרסק עד</ItemName><ManufacturerName>נביעות</ManufacturerName><ManufactureCountry>ישראל</ManufactureCountry><ManufacturerItemDescription>נביעות +אפרסק 1.5 ליטר</ManufacturerItemDescription><SoldByWeight/><Quantity>1500.00</Quantity><UnitOfMeasure>מ"ל</UnitOfMeasure><QtyInPackage>לא ידוע</QtyInPackage><UnitOfMeasurePrice>0.0058</UnitOfMeasurePrice><AllowDiscount>1</AllowDiscount><ItemStatus>1</ItemStatus><ItemPrice>8.70</ItemPrice></item><item><PriceUpdateDate>2016-08-02 07:35:02</PriceUpdateDate><ItemCode>7290002331322</ItemCode><ItemType>1</ItemType><ItemName>מב מים נביעות שישייה</ItemName><ManufacturerName>נביעות</ManufacturerName><ManufactureCountry>ישראל</ManufactureCountry><ManufacturerItemDescription>נביעות 1.5 1/6 מים מינרלי</ManufacturerItemDescription><SoldByWeight/><Quantity>9000.00</Quantity><UnitOfMeasure>מ"ל</UnitOfMeasure><QtyInPackage>לא ידוע</QtyInPackage><UnitOfMeasurePrice>0.0013</UnitOfMeasurePrice><AllowDiscount>1</AllowDiscount><ItemStatus>1</ItemStatus><ItemPrice>11.60</ItemPrice></item><item><PriceUpdateDate>2016-06-28 09:30:58</PriceUpdateDate><ItemCode>7290002331360</ItemCode><ItemType>1</ItemType><ItemName>מב נביעות חצי ליטר ש</ItemName><ManufacturerName>נביעות</ManufacturerName><ManufactureCountry>ישראל</ManufactureCountry><ManufacturerItemDescription>נביעות TO GO מל</ManufacturerItemDescription><SoldByWeight/><Quantity>3000.00</Quantity><UnitOfMeasure>מ"ל</UnitOfMeasure><QtyInPackage>לא ידוע</QtyInPackage><UnitOfMeasurePrice>0.0036</UnitOfMeasurePrice><AllowDiscount>1</AllowDiscount><ItemStatus>1</ItemStatus><ItemPrice>10.90</ItemPrice></item><item><PriceUpdateDate>2016-08-10 08:23:07</PriceUpdateDate><ItemCode>7290002331490</ItemCode><ItemType>1</ItemType><ItemName>נביעות 1 ליטר</ItemName><ManufacturerName>נביעות</ManufacturerName><ManufactureCountry>ישראל</ManufactureCountry><ManufacturerItemDescription>נביעות 1 ליטר</ManufacturerItemDescription><SoldByWeight/><Quantity>1000.00</Quantity><UnitOfMeasure>מ"ל</UnitOfMeasure><QtyInPackage>לא ידוע</QtyInPackage><UnitOfMeasurePrice>0.0036</UnitOfMeasurePrice><AllowDiscount>1</AllowDiscount><ItemStatus>1</ItemStatus><ItemPrice>3.60</ItemPrice></item><item><PriceUpdateDate>2015-08-18 09:38:11</PriceUpdateDate><ItemCode>7290002331636</ItemCode><ItemType>1</ItemType><ItemName>נביעות מוגז 1.5 ליטר</ItemName><ManufacturerName>נביעות</ManufacturerName><ManufactureCountry>ישראל</ManufactureCountry><ManufacturerItemDescription>נביעות מוגז 1.5 ליטר בודד</ManufacturerItemDescription><SoldByWeight/><Quantity>1500.00</Quantity><UnitOfMeasure>מ"ל</UnitOfMeasure><QtyInPackage>לא ידוע</QtyInPackage><UnitOfMeasurePrice>0.0022</UnitOfMeasurePrice><AllowDiscount>1</AllowDiscount><ItemStatus>1</ItemStatus><ItemPrice>3.30</ItemPrice></item><item><PriceUpdateDate>2016-03-01 06:17:20</PriceUpdateDate><ItemCode>7290002332022</ItemCode><ItemType>1</ItemType><ItemName>מים נביעות בטעם משמש</ItemName><ManufacturerName>נביעות</ManufacturerName><ManufactureCountry>ישראל</ManufactureCountry><ManufacturerItemDescription>נביעות +משמש אננס עדין 1.</ManufacturerItemDescription><SoldByWeight/><Quantity>1500.00</Quantity><UnitOfMeasure>מ"ל</UnitOfMeasure><QtyInPackage>לא ידוע</QtyInPackage><UnitOfMeasurePrice>0.0058</UnitOfMeasurePrice><AllowDiscount>1</AllowDiscount><ItemStatus>1</ItemStatus><ItemPrice>8.70</ItemPrice></item><item><PriceUpdateDate>2015-11-18 13:58:51</PriceUpdateDate><ItemCode>7290002348061</ItemCode><ItemType>1</ItemType><ItemName>פטריות חתוך 8 אונס</ItemName><ManufacturerName>ויליגר</ManufacturerName><ManufactureCountry>ישראל</ManufactureCountry><ManufacturerItemDescription>פטריות חתוך 8 אונס</ManufacturerItemDescription><SoldByWeight/><Quantity>290.00</Quantity><UnitOfMeasure>גרם     </UnitOfMeasure><QtyInPackage>לא ידוע</QtyInPackage><UnitOfMeasurePrice>0.0234</UnitOfMeasurePrice><AllowDiscount>1</AllowDiscount><ItemStatus>1</ItemStatus><ItemPrice>6.80</ItemPrice></item><item><PriceUpdateDate>2015-11-18 13:58:51</PriceUpdateDate><ItemCode>7290002348573</ItemCode><ItemType>1</ItemType><ItemName>מקלוני אורז ויליגר 3</ItemName><ManufacturerName>ויליגר</ManufacturerName><ManufactureCountry>ישראל</ManufactureCountry><ManufacturerItemDescription>מקלוני אורז ויליגר 3</ManufacturerItemDescription><SoldByWeight/><Quantity>300.00</Quantity><UnitOfMeasure>גרם     </UnitOfMeasure><QtyInPackage>לא ידוע</QtyInPackage><UnitOfMeasurePrice>0.0193</UnitOfMeasurePrice><AllowDiscount>1</AllowDiscount><ItemStatus>1</ItemStatus><ItemPrice>5.80</ItemPrice></item><item><PriceUpdateDate>2016-05-01 08:19:19</PriceUpdateDate><ItemCode>7290002353324</ItemCode><ItemType>1</ItemType><ItemName>עוגיות אוראו קרם וני</ItemName><ManufacturerName>אוראו</ManufacturerName><ManufactureCountry>ספרד</ManufactureCountry><ManufacturerItemDescription>דפי לזניה       ם</ManufacturerItemDescription><SoldByWeight/><Quantity>176.00</Quantity><UnitOfMeasure>גרם     </UnitOfMeasure><QtyInPackage>לא ידוע</QtyInPackage><UnitOfMeasurePrice>0.0506</UnitOfMeasurePrice><AllowDiscount>1</AllowDiscount><ItemStatus>1</ItemStatus><ItemPrice>8.90</ItemPrice></item><item><PriceUpdateDate>2016-08-02 07:39:13</PriceUpdateDate><ItemCode>7290002353836</ItemCode><ItemType>1</ItemType><ItemName>מב סרדין רוברט בשמן</ItemName><ManufacturerName>רוברט</ManufacturerName><ManufactureCountry>ישראל</ManufactureCountry><ManufacturerItemDescription>סרדינים בשמן זיתוברט125ג</ManufacturerItemDescription><SoldByWeight/><Quantity>85.00</Quantity><UnitOfMeasure>גרם     </UnitOfMeasure><QtyInPackage>לא ידוע</QtyInPackage><UnitOfMeasurePrice>0.0812</UnitOfMeasurePrice><AllowDiscount>1</AllowDiscount><ItemStatus>1</ItemStatus><ItemPrice>6.90</ItemPrice></item><item><PriceUpdateDate>2016-05-01 08:13:23</PriceUpdateDate><ItemCode>7290002360230</ItemCode><ItemType>1</ItemType><ItemName>חרדל גרגרים 250 גרם</ItemName><ManufacturerName>ברוניר</ManufacturerName><ManufactureCountry>צרפת</ManufactureCountry><ManufacturerItemDescription>חרדל דיזון גרגירים 210 גר</ManufacturerItemDescription><SoldByWeight/><Quantity>250.00</Quantity><UnitOfMeasure>גרם     </UnitOfMeasure><QtyInPackage>לא ידוע</QtyInPackage><UnitOfMeasurePrice>0.0512</UnitOfMeasurePrice><AllowDiscount>1</AllowDiscount><ItemStatus>1</ItemStatus><ItemPrice>12.80</ItemPrice></item><item><PriceUpdateDate>2016-08-02 07:39:13</PriceUpdateDate><ItemCode>7290002371403</ItemCode><ItemType>1</ItemType><ItemName>מב מארז זוג נקניק 60</ItemName><ManufacturerName>טירת צבי</ManufacturerName><ManufactureCountry>ישראל</ManufactureCountry><ManufacturerItemDescription>מארז זוגות פסטרמה כפרית 6</ManufacturerItemDescription><SoldByWeight/><Quantity>600.00</Quantity><UnitOfMeasure>גרם     </UnitOfMeasure><QtyInPackage>לא ידוע</QtyInPackage><UnitOfMeasurePrice>0.0498</UnitOfMeasurePrice><AllowDiscount>1</AllowDiscount><ItemStatus>1</ItemStatus><ItemPrice>29.90</ItemPrice></item><item><PriceUpdateDate>2016-08-02 07:35:03</PriceUpdateDate><ItemCode>7290002371854</ItemCode><ItemType>1</ItemType><ItemName>מב נקניקיות חריפות 1</ItemName><ManufacturerName>טירת צבי</ManufacturerName><ManufactureCountry>ישראל</ManufactureCountry><ManufacturerItemDescription>מב נקניקיות חריפות 1</ManufacturerItemDescription><SoldByWeight/><Quantity>1000.00</Quantity><UnitOfMeasure>גרם     </UnitOfMeasure><QtyInPackage>לא ידוע</QtyInPackage><UnitOfMeasurePrice>0.0280</UnitOfMeasurePrice><AllowDiscount>1</AllowDiscount><ItemStatus>1</ItemStatus><ItemPrice>28.00</ItemPrice></item><item><PriceUpdateDate>2015-12-07 10:54:39</PriceUpdateDate><ItemCode>7290002374114</ItemCode><ItemType>1</ItemType><ItemName>שמן סויה מילומור 1 ל</ItemName><ManufacturerName>מילומור</ManufacturerName><ManufactureCountry>ישראל</ManufactureCountry><ManufacturerItemDescription>שמן סויה מילומור 1 ל</ManufacturerItemDescription><SoldByWeight/><Quantity>1000.00</Quantity><UnitOfMeasure>מ"ל</UnitOfMeasure><QtyInPackage>לא ידוע</QtyInPackage><UnitOfMeasurePrice>0.0089</UnitOfMeasurePrice><AllowDiscount>1</AllowDiscount><ItemStatus>1</ItemStatus><ItemPrice>8.90</ItemPrice></item><item><PriceUpdateDate>2014-11-10 06:30:44</PriceUpdateDate><ItemCode>7290002374145</ItemCode><ItemType>1</ItemType><ItemName>שמן סויה 3 ליטר</ItemName><ManufacturerName>מילומור</ManufacturerName><ManufactureCountry>ישראל</ManufactureCountry><ManufacturerItemDescription>שמן סויה 3 ליטר</ManufacturerItemDescription><SoldByWeight/><Quantity>3000.00</Quantity><UnitOfMeasure>מ"ל</UnitOfMeasure><QtyInPackage>לא ידוע</QtyInPackage><UnitOfMeasurePrice>0.0097</UnitOfMeasurePrice><AllowDiscount>1</AllowDiscount><ItemStatus>1</ItemStatus><ItemPrice>29.00</ItemPrice></item><item><PriceUpdateDate>2015-12-29 09:07:34</PriceUpdateDate><ItemCode>7290002374312</ItemCode><ItemType>1</ItemType><ItemName>שמן קנולה מילומור 1</ItemName><ManufacturerName>מילומור</ManufacturerName><ManufactureCountry>ישראל</ManufactureCountry><ManufacturerItemDescription>שמן קנולה 6% מילומור1 ל</ManufacturerItemDescription><SoldByWeight/><Quantity>1000.00</Quantity><UnitOfMeasure>מ"ל</UnitOfMeasure><QtyInPackage>לא ידוע</QtyInPackage><UnitOfMeasurePrice>0.0099</UnitOfMeasurePrice><AllowDiscount>0</AllowDiscount><ItemStatus>1</ItemStatus><ItemPrice>9.90</ItemPrice></item><item><PriceUpdateDate>2015-10-22 10:37:17</PriceUpdateDate><ItemCode>7290002374343</ItemCode><ItemType>1</ItemType><ItemName>שמן קנולה מילומר 3 ל</ItemName><ManufacturerName>מילומור</ManufacturerName><ManufactureCountry>ישראל</ManufactureCountry><ManufacturerItemDescription>שמן קנולה מילומר 3 ל</ManufacturerItemDescription><SoldByWeight/><Quantity>3000.00</Quantity><UnitOfMeasure>מ"ל</UnitOfMeasure><QtyInPackage>לא ידוע</QtyInPackage><UnitOfMeasurePrice>0.0118</UnitOfMeasurePrice><AllowDiscount>1</AllowDiscount><ItemStatus>1</ItemStatus><ItemPrice>35.50</ItemPrice></item><item><PriceUpdateDate>2015-11-17 14:13:15</PriceUpdateDate><ItemCode>7290002385264</ItemCode><ItemType>3</ItemType><ItemName>בלקנית 16% בסגנון פט</ItemName><ManufacturerName>גד</ManufacturerName><ManufactureCountry>ישראל</ManufactureCountry><ManufacturerItemDescription>בלקנית 16% בסגנון פט</ManufacturerItemDescription><SoldByWeight/><Quantity>1.00</Quantity><UnitOfMeasure>ק"ג</UnitOfMeasure><QtyInPackage>לא ידוע</QtyInPackage><UnitOfMeasurePrice>40.0000</UnitOfMeasurePrice><AllowDiscount>1</AllowDiscount><ItemStatus>1</ItemStatus><ItemPrice>40.00</ItemPrice></item><item><PriceUpdateDate>2016-08-02 07:39:15</PriceUpdateDate><ItemCode>7290002439073</ItemCode><ItemType>1</ItemType><ItemName>מב מארז 2 פיצות מרגר</ItemName><ManufacturerName>נטו סחר</ManufacturerName><ManufactureCountry>לא ידוע</ManufactureCountry><ManufacturerItemDescription>מב מארז 2 פיצות מרגר</ManufacturerItemDescription><SoldByWeight/><Quantity>500.00</Quantity><UnitOfMeasure>גרם     </UnitOfMeasure><QtyInPackage>לא ידוע</QtyInPackage><UnitOfMeasurePrice>0.0538</UnitOfMeasurePrice><AllowDiscount>1</AllowDiscount><ItemStatus>1</ItemStatus><ItemPrice>26.90</ItemPrice></item><item><PriceUpdateDate>2016-08-02 07:39:15</PriceUpdateDate><ItemCode>7290002439097</ItemCode><ItemType>1</ItemType><ItemName>מב מארז 2 פיצות זיתי</ItemName><ManufacturerName>נטו סחר</ManufacturerName><ManufactureCountry>לא ידוע</ManufactureCountry><ManufacturerItemDescription>מב מארז 2 פיצות זיתי</ManufacturerItemDescription><SoldByWeight/><Quantity>500.00</Quantity><UnitOfMeasure>גרם     </UnitOfMeasure><QtyInPackage>לא ידוע</QtyInPackage><UnitOfMeasurePrice>0.0538</UnitOfMeasurePrice><AllowDiscount>1</AllowDiscount><ItemStatus>1</ItemStatus><ItemPrice>26.90</ItemPrice></item><item><PriceUpdateDate>2016-08-02 07:35:05</PriceUpdateDate><ItemCode>7290002439240</ItemCode><ItemType>1</ItemType><ItemName>מב עוגת פס גבינה אפו</ItemName><ManufacturerName>ריצ</ManufacturerName><ManufactureCountry>לא ידוע</ManufactureCountry><ManufacturerItemDescription>מב עוגת פס גבינה אפו</ManufacturerItemDescription><SoldByWeight/><Quantity>500.00</Quantity><UnitOfMeasure>גרם     </UnitOfMeasure><QtyInPackage>לא ידוע</QtyInPackage><UnitOfMeasurePrice>0.0560</UnitOfMeasurePrice><AllowDiscount>1</AllowDiscount><ItemStatus>1</ItemStatus><ItemPrice>28.00</ItemPrice></item><item><PriceUpdateDate>2016-02-22 09:17:17</PriceUpdateDate><ItemCode>7290002439820</ItemCode><ItemType>3</ItemType><ItemName>צלעות בקר טרי אל גאו</ItemName><ManufacturerName>נטו סחר</ManufacturerName><ManufactureCountry>לא ידוע</ManufactureCountry><ManufacturerItemDescription>צלעות בקר טרי אל גאו</ManufacturerItemDescription><SoldByWeight/><Quantity>1.00</Quantity><UnitOfMeasure>ק"ג</UnitOfMeasure><QtyInPackage>לא ידוע</QtyInPackage><UnitOfMeasurePrice>59.9000</UnitOfMeasurePrice><AllowDiscount>1</AllowDiscount><ItemStatus>1</ItemStatus><ItemPrice>59.90</ItemPrice></item><item><PriceUpdateDate>2016-08-02 07:35:06</PriceUpdateDate><ItemCode>7290002447436</ItemCode><ItemType>3</ItemType><ItemName>כתף בקר עגל טרי לקדי</ItemName><ManufacturerName>אדום אדום</ManufacturerName><ManufactureCountry>ישראל</ManufactureCountry><ManufacturerItemDescription>כתף לקדירה עגל טרי לקג</ManufacturerItemDescription><SoldByWeight/><Quantity>1.00</Quantity><UnitOfMeasure>ק"ג</UnitOfMeasure><QtyInPackage>לא ידוע</QtyInPackage><UnitOfMeasurePrice>79.9000</UnitOfMeasurePrice><AllowDiscount>1</AllowDiscount><ItemStatus>1</ItemStatus><ItemPrice>79.90</ItemPrice></item><item><PriceUpdateDate>2016-08-02 14:06:06</PriceUpdateDate><ItemCode>7290002447467</ItemCode><ItemType>3</ItemType><ItemName>אסדו בקר טרי אדום אד</ItemName><ManufacturerName>אדום אדום</ManufacturerName><ManufactureCountry>ישראל</ManufactureCountry><ManufacturerItemDescription>אסדו טרי</ManufacturerItemDescription><SoldByWeight/><Quantity>1.00</Quantity><UnitOfMeasure>ק"ג</UnitOfMeasure><QtyInPackage>לא ידוע</QtyInPackage><UnitOfMeasurePrice>49.9000</UnitOfMeasurePrice><AllowDiscount>1</AllowDiscount><ItemStatus>1</ItemStatus><ItemPrice>49.90</ItemPrice></item><item><PriceUpdateDate>2015-04-14 12:32:57</PriceUpdateDate><ItemCode>7290002447528</ItemCode><ItemType>3</ItemType><ItemName>אווזית בקר עגל טרי</ItemName><ManufacturerName>אדום אדום</ManufacturerName><ManufactureCountry>ישראל</ManufactureCountry><ManufacturerItemDescription>אווזית לקדירה עגל טרי</ManufacturerItemDescription><SoldByWeight/><Quantity>1.00</Quantity><UnitOfMeasure>ק"ג</UnitOfMeasure><QtyInPackage>לא ידוע</QtyInPackage><UnitOfMeasurePrice>104.0000</UnitOfMeasurePrice><AllowDiscount>1</AllowDiscount><ItemStatus>1</ItemStatus><ItemPrice>104.00</ItemPrice></item><item><PriceUpdateDate>2015-04-14 12:32:57</PriceUpdateDate><ItemCode>7290002447573</ItemCode><ItemType>3</ItemType><ItemName>שייטל בקר עגל טרי אד</ItemName><ManufacturerName>אדום אדום</ManufacturerName><ManufactureCountry>ישראל</ManufactureCountry><ManufacturerItemDescription>שייטל עגל טרי לקג</ManufacturerItemDescription><SoldByWeight/><Quantity>1.00</Quantity><UnitOfMeasure>ק"ג</UnitOfMeasure><QtyInPackage>לא ידוע</QtyInPackage><UnitOfMeasurePrice>109.0000</UnitOfMeasurePrice><AllowDiscount>1</AllowDiscount><ItemStatus>1</ItemStatus><ItemPrice>109.00</ItemPrice></item><item><PriceUpdateDate>2016-08-09 10:17:14</PriceUpdateDate><ItemCode>7290002447894</ItemCode><ItemType>3</ItemType><ItemName>מב סטייק בקר ע.ע. טר</ItemName><ManufacturerName>אדום אדום</ManufacturerName><ManufactureCountry>ישראל</ManufactureCountry><ManufacturerItemDescription>סטייק עם עצם טרי</ManufacturerItemDescription><SoldByWeight/><Quantity>1.00</Quantity><UnitOfMeasure>ק"ג</UnitOfMeasure><QtyInPackage>לא ידוע</QtyInPackage><UnitOfMeasurePrice>79.9000</UnitOfMeasurePrice><AllowDiscount>1</AllowDiscount><ItemStatus>1</ItemStatus><ItemPrice>79.90</ItemPrice></item><item><PriceUpdateDate>2016-01-17 09:57:21</PriceUpdateDate><ItemCode>7290002447924</ItemCode><ItemType>3</ItemType><ItemName>קיט נתחים לקצב טרי ל</ItemName><ManufacturerName>אדום אדום</ManufacturerName><ManufactureCountry>ישראל</ManufactureCountry><ManufacturerItemDescription>בשר טחון טרי נתחים</ManufacturerItemDescription><SoldByWeight/><Quantity>1.00</Quantity><UnitOfMeasure>ק"ג</UnitOfMeasure><QtyInPackage>לא ידוע</QtyInPackage><UnitOfMeasurePrice>64.9000</UnitOfMeasurePrice><AllowDiscount>1</AllowDiscount><ItemStatus>1</ItemStatus><ItemPrice>64.90</ItemPrice></item><item><PriceUpdateDate>2015-06-01 13:03:37</PriceUpdateDate><ItemCode>7290002448051</ItemCode><ItemType>1</ItemType><ItemName>סוכר ענבים פרינוק 50</ItemName><ManufacturerName>פרינוק</ManufacturerName><ManufactureCountry>ישראל</ManufactureCountry><ManufacturerItemDescription>סוכר ענבים פרינוק 50</ManufacturerItemDescription><SoldByWeight/><Quantity>500.00</Quantity><UnitOfMeasure>גרם     </UnitOfMeasure><QtyInPackage>לא ידוע</QtyInPackage><UnitOfMeasurePrice>0.0318</UnitOfMeasurePrice><AllowDiscount>1</AllowDiscount><ItemStatus>1</ItemStatus><ItemPrice>15.90</ItemPrice></item><item><PriceUpdateDate>2016-05-18 10:44:26</PriceUpdateDate><ItemCode>7290002472698</ItemCode><ItemType>1</ItemType><ItemName>מאפינס שוקו ציפס 550</ItemName><ManufacturerName>פילסברי</ManufacturerName><ManufactureCountry>ישראל</ManufactureCountry><ManufacturerItemDescription>מאפינס שוקו ציפס 550</ManufacturerItemDescription><SoldByWeight/><Quantity>1000.00</Quantity><UnitOfMeasure>ק"ג     </UnitOfMeasure><QtyInPackage>לא ידוע</QtyInPackage><UnitOfMeasurePrice>0.0199</UnitOfMeasurePrice><AllowDiscount>1</AllowDiscount><ItemStatus>1</ItemStatus><ItemPrice>19.90</ItemPrice></item><item><PriceUpdateDate>2016-05-31 06:55:18</PriceUpdateDate><ItemCode>7290002485025</ItemCode><ItemType>1</ItemType><ItemName>חומוס מסעדות 500 גרם</ItemName><ManufacturerName>סלטי שמיר</ManufacturerName><ManufactureCountry>ישראל</ManufactureCountry><ManufacturerItemDescription>חומוס מסעדות 500 גר</ManufacturerItemDescription><SoldByWeight/><Quantity>500.00</Quantity><UnitOfMeasure>גרם     </UnitOfMeasure><QtyInPackage>לא ידוע</QtyInPackage><UnitOfMeasurePrice>0.0324</UnitOfMeasurePrice><AllowDiscount>1</AllowDiscount><ItemStatus>1</ItemStatus><ItemPrice>16.20</ItemPrice></item><item><PriceUpdateDate>2016-07-05 13:21:53</PriceUpdateDate><ItemCode>7290002485339</ItemCode><ItemType>1</ItemType><ItemName>סלט אבוקדו עם ביצים</ItemName><ManufacturerName>סלטי שמיר</ManufacturerName><ManufactureCountry>ישראל</ManufactureCountry><ManufacturerItemDescription>סלט אבוקדו עם ביצים 250 ג</ManufacturerItemDescription><SoldByWeight/><Quantity>250.00</Quantity><UnitOfMeasure>גרם     </UnitOfMeasure><QtyInPackage>לא ידוע</QtyInPackage><UnitOfMeasurePrice>0.0796</UnitOfMeasurePrice><AllowDiscount>1</AllowDiscount><ItemStatus>1</ItemStatus><ItemPrice>19.90</ItemPrice></item><item><PriceUpdateDate>2016-08-02 07:39:16</PriceUpdateDate><ItemCode>7290002487364</ItemCode><ItemType>1</ItemType><ItemName>מב בורקס פילו גבינה</ItemName><ManufacturerName>שלושת האופים</ManufacturerName><ManufactureCountry>ישראל</ManufactureCountry><ManufacturerItemDescription>מב בורקס פילו גבינה</ManufacturerItemDescription><SoldByWeight/><Quantity>700.00</Quantity><UnitOfMeasure>גרם     </UnitOfMeasure><QtyInPackage>לא ידוע</QtyInPackage><UnitOfMeasurePrice>0.0227</UnitOfMeasurePrice><AllowDiscount>1</AllowDiscount><ItemStatus>1</ItemStatus><ItemPrice>15.90</ItemPrice></item><item><PriceUpdateDate>2016-08-10 08:23:07</PriceUpdateDate><ItemCode>7290002487746</ItemCode><ItemType>1</ItemType><ItemName>עוגיות אוראו ממולאות</ItemName><ManufacturerName>אוראו</ManufacturerName><ManufactureCountry>ספרד</ManufactureCountry><ManufacturerItemDescription>בדין דפי מרכך    כחול</ManufacturerItemDescription><SoldByWeight/><Quantity>246.00</Quantity><UnitOfMeasure>גרם     </UnitOfMeasure><QtyInPackage>לא ידוע</QtyInPackage><UnitOfMeasurePrice>0.0882</UnitOfMeasurePrice><AllowDiscount>1</AllowDiscount><ItemStatus>1</ItemStatus><ItemPrice>21.70</ItemPrice></item><item><PriceUpdateDate>2016-08-10 08:23:07</PriceUpdateDate><ItemCode>7290002517375</ItemCode><ItemType>1</ItemType><ItemName>בזיליקום 30 גרם</ItemName><ManufacturerName>טעם וריח</ManufacturerName><ManufactureCountry>ישראל</ManufactureCountry><ManufacturerItemDescription>בזיליקום 30 גרם</ManufacturerItemDescription><SoldByWeight/><Quantity>14.00</Quantity><UnitOfMeasure>גרם     </UnitOfMeasure><QtyInPackage>לא ידוע</QtyInPackage><UnitOfMeasurePrice>0.4500</UnitOfMeasurePrice><AllowDiscount>1</AllowDiscount><ItemStatus>1</ItemStatus><ItemPrice>6.30</ItemPrice></item><item><PriceUpdateDate>2016-08-10 08:23:08</PriceUpdateDate><ItemCode>7290002517481</ItemCode><ItemType>1</ItemType><ItemName>מלח לימון 60 גרם</ItemName><ManufacturerName>לא ידוע</ManufacturerName><ManufactureCountry>ישראל</ManufactureCountry><ManufacturerItemDescription>מלח לימון 60 גרם</ManufacturerItemDescription><SoldByWeight/><Quantity>14.00</Quantity><UnitOfMeasure>גרם     </UnitOfMeasure><QtyInPackage>לא ידוע</QtyInPackage><UnitOfMeasurePrice>0.5286</UnitOfMeasurePrice><AllowDiscount>1</AllowDiscount><ItemStatus>1</ItemStatus><ItemPrice>7.40</ItemPrice></item><item><PriceUpdateDate>2016-08-10 08:23:08</PriceUpdateDate><ItemCode>7290002517603</ItemCode><ItemType>1</ItemType><ItemName>בזיליקום 10 גרם</ItemName><ManufacturerName>טעם וריח</ManufacturerName><ManufactureCountry>ישראל</ManufactureCountry><ManufacturerItemDescription>בזיליקום 10   גר</ManufacturerItemDescription><SoldByWeight/><Quantity>14.00</Quantity><UnitOfMeasure>גרם     </UnitOfMeasure><QtyInPackage>לא ידוע</QtyInPackage><UnitOfMeasurePrice>0.5286</UnitOfMeasurePrice><AllowDiscount>1</AllowDiscount><ItemStatus>1</ItemStatus><ItemPrice>7.40</ItemPrice></item><item><PriceUpdateDate>2016-08-10 08:23:08</PriceUpdateDate><ItemCode>7290002517641</ItemCode><ItemType>1</ItemType><ItemName>תיבול לפיצה 50 גרם</ItemName><ManufacturerName>תבליני טעם וריח</ManufacturerName><ManufactureCountry>ישראל</ManufactureCountry><ManufacturerItemDescription>תיבול לפיצה 50  גר</ManufacturerItemDescription><SoldByWeight/><Quantity>14.00</Quantity><UnitOfMeasure>גרם     </UnitOfMeasure><QtyInPackage>לא ידוע</QtyInPackage><UnitOfMeasurePrice>0.5286</UnitOfMeasurePrice><AllowDiscount>1</AllowDiscount><ItemStatus>1</ItemStatus><ItemPrice>7.40</ItemPrice></item><item><PriceUpdateDate>2016-08-10 08:23:08</PriceUpdateDate><ItemCode>7290002517696</ItemCode><ItemType>1</ItemType><ItemName>שום אבקה 40 גרם</ItemName><ManufacturerName>לא ידוע</ManufacturerName><ManufactureCountry>ישראל</ManufactureCountry><ManufacturerItemDescription>אבקת שום 40 גר</ManufacturerItemDescription><SoldByWeight/><Quantity>14.00</Quantity><UnitOfMeasure>גרם     </UnitOfMeasure><QtyInPackage>לא ידוע</QtyInPackage><UnitOfMeasurePrice>0.5286</UnitOfMeasurePrice><AllowDiscount>1</AllowDiscount><ItemStatus>1</ItemStatus><ItemPrice>7.40</ItemPrice></item><item><PriceUpdateDate>2016-08-10 08:23:08</PriceUpdateDate><ItemCode>7290002517740</ItemCode><ItemType>1</ItemType><ItemName>חרדל גרעינים 50 גרם</ItemName><ManufacturerName>תבליני שוורץ</ManufacturerName><ManufactureCountry>ישראל</ManufactureCountry><ManufacturerItemDescription>חרדל גרעינים 50 גרם</ManufacturerItemDescription><SoldByWeight/><Quantity>14.00</Quantity><UnitOfMeasure>גרם     </UnitOfMeasure><QtyInPackage>לא ידוע</QtyInPackage><UnitOfMeasurePrice>0.5286</UnitOfMeasurePrice><AllowDiscount>1</AllowDiscount><ItemStatus>1</ItemStatus><ItemPrice>7.40</ItemPrice></item><item><PriceUpdateDate>2014-12-10 09:24:11</PriceUpdateDate><ItemCode>7290002517825</ItemCode><ItemType>1</ItemType><ItemName>פלפל לבן טחון 40 גרם</ItemName><ManufacturerName>טעם וריח</ManufacturerName><ManufactureCountry>ישראל</ManufactureCountry><ManufacturerItemDescription>פלפל לבן טחון 40 גר</ManufacturerItemDescription><SoldByWeight/><Quantity>14.00</Quantity><UnitOfMeasure>גרם     </UnitOfMeasure><QtyInPackage>לא ידוע</QtyInPackage><UnitOfMeasurePrice>0.8500</UnitOfMeasurePrice><AllowDiscount>1</AllowDiscount><ItemStatus>1</ItemStatus><ItemPrice>11.90</ItemPrice></item><item><PriceUpdateDate>2016-05-31 06:55:19</PriceUpdateDate><ItemCode>7290002541981</ItemCode><ItemType>1</ItemType><ItemName>חלב סויה אלפרו ללא ס</ItemName><ManufacturerName>אלפרו</ManufacturerName><ManufactureCountry>בלגיה</ManufactureCountry><ManufacturerItemDescription>משקה סויה       ספת סוכר</ManufacturerItemDescription><SoldByWeight/><Quantity>1000.00</Quantity><UnitOfMeasure>מ"ל</UnitOfMeasure><QtyInPackage>לא ידוע</QtyInPackage><UnitOfMeasurePrice>0.0139</UnitOfMeasurePrice><AllowDiscount>1</AllowDiscount><ItemStatus>1</ItemStatus><ItemPrice>13.90</ItemPrice></item><item><PriceUpdateDate>2016-08-10 08:23:46</PriceUpdateDate><ItemCode>7290002543046</ItemCode><ItemType>1</ItemType><ItemName>קלוגס פרוסטיס 750 גר</ItemName><ManufacturerName>קלוגס  פרוסטיס</ManufacturerName><ManufactureCountry>גרמניה</ManufactureCountry><ManufacturerItemDescription>קלוגס פרוסטיס 750 גר</ManufacturerItemDescription><SoldByWeight/><Quantity>750.00</Quantity><UnitOfMeasure>גרם     </UnitOfMeasure><QtyInPackage>לא ידוע</QtyInPackage><UnitOfMeasurePrice>0.0319</UnitOfMeasurePrice><AllowDiscount>1</AllowDiscount><ItemStatus>1</ItemStatus><ItemPrice>23.90</ItemPrice></item><item><PriceUpdateDate>2016-08-10 08:23:46</PriceUpdateDate><ItemCode>7290002543237</ItemCode><ItemType>1</ItemType><ItemName>קלוגס קורנפלקס 750 ג</ItemName><ManufacturerName>קלוגס קורנפלקס</ManufacturerName><ManufactureCountry>גרמניה</ManufactureCountry><ManufacturerItemDescription>קורנפלקס קלוגס 750 גר</ManufacturerItemDescription><SoldByWeight/><Quantity>750.00</Quantity><UnitOfMeasure>גרם     </UnitOfMeasure><QtyInPackage>לא ידוע</QtyInPackage><UnitOfMeasurePrice>0.0252</UnitOfMeasurePrice><AllowDiscount>1</AllowDiscount><ItemStatus>1</ItemStatus><ItemPrice>18.90</ItemPrice></item><item><PriceUpdateDate>2016-05-31 07:02:30</PriceUpdateDate><ItemCode>7290002551003</ItemCode><ItemType>1</ItemType><ItemName>טונה סטארקיסט בשמן 1</ItemName><ManufacturerName>סטארקיסט</ManufacturerName><ManufactureCountry>ישראל</ManufactureCountry><ManufacturerItemDescription>טונה סטארקיסט בשמן160 גר</ManufacturerItemDescription><SoldByWeight/><Quantity>112.00</Quantity><UnitOfMeasure>גרם     </UnitOfMeasure><QtyInPackage>לא ידוע</QtyInPackage><UnitOfMeasurePrice>0.0607</UnitOfMeasurePrice><AllowDiscount>1</AllowDiscount><ItemStatus>1</ItemStatus><ItemPrice>6.80</ItemPrice></item><item><PriceUpdateDate>2016-05-31 07:02:31</PriceUpdateDate><ItemCode>7290002551010</ItemCode><ItemType>1</ItemType><ItemName>טונה סטארקיסט במים 1</ItemName><ManufacturerName>סטארקיסט</ManufacturerName><ManufactureCountry>ישראל</ManufactureCountry><ManufacturerItemDescription>טונה סטארקיסט במים160 גר</ManufacturerItemDescription><SoldByWeight/><Quantity>112.00</Quantity><UnitOfMeasure>גרם     </UnitOfMeasure><QtyInPackage>לא ידוע</QtyInPackage><UnitOfMeasurePrice>0.0607</UnitOfMeasurePrice><AllowDiscount>1</AllowDiscount><ItemStatus>1</ItemStatus><ItemPrice>6.80</ItemPrice></item><item><PriceUpdateDate>2014-11-10 06:29:23</PriceUpdateDate><ItemCode>7290002581536</ItemCode><ItemType>1</ItemType><ItemName>וופל ללא סוכר 250 גר</ItemName><ManufacturerName>הדר</ManufacturerName><ManufactureCountry>ישראל</ManufactureCountry><ManufacturerItemDescription>וופל ללא סוכר 250 גרם הדר</ManufacturerItemDescription><SoldByWeight/><Quantity>250.00</Quantity><UnitOfMeasure>גרם     </UnitOfMeasure><QtyInPackage>לא ידוע</QtyInPackage><UnitOfMeasurePrice>0.0424</UnitOfMeasurePrice><AllowDiscount>1</AllowDiscount><ItemStatus>1</ItemStatus><ItemPrice>10.60</ItemPrice></item><item><PriceUpdateDate>2016-06-28 09:28:58</PriceUpdateDate><ItemCode>7290002628064</ItemCode><ItemType>1</ItemType><ItemName>טחון בקר קפוא בלדי 5</ItemName><ManufacturerName>בלדי</ManufacturerName><ManufactureCountry>ישראל</ManufactureCountry><ManufacturerItemDescription>טחון בקר קפוא 500 גר</ManufacturerItemDescription><SoldByWeight/><Quantity>500.00</Quantity><UnitOfMeasure>גרם     </UnitOfMeasure><QtyInPackage>לא ידוע</QtyInPackage><UnitOfMeasurePrice>0.0398</UnitOfMeasurePrice><AllowDiscount>1</AllowDiscount><ItemStatus>1</ItemStatus><ItemPrice>19.90</ItemPrice></item><item><PriceUpdateDate>2016-05-01 08:13:24</PriceUpdateDate><ItemCode>7290002628927</ItemCode><ItemType>1</ItemType><ItemName>קישקע ממולא 500 גרם</ItemName><ManufacturerName>בלדי</ManufacturerName><ManufactureCountry>ישראל</ManufactureCountry><ManufacturerItemDescription>קישקא ממולא 500 גרם</ManufacturerItemDescription><SoldByWeight/><Quantity>1.00</Quantity><UnitOfMeasure>יח'</UnitOfMeasure><QtyInPackage>לא ידוע</QtyInPackage><UnitOfMeasurePrice>12.2000</UnitOfMeasurePrice><AllowDiscount>1</AllowDiscount><ItemStatus>1</ItemStatus><ItemPrice>12.20</ItemPrice></item><item><PriceUpdateDate>2015-10-22 10:38:23</PriceUpdateDate><ItemCode>7290002661115</ItemCode><ItemType>1</ItemType><ItemName>לחם הולנדי 1.2 ק''ג</ItemName><ManufacturerName>מאפיית ברמן</ManufacturerName><ManufactureCountry>ישראל</ManufactureCountry><ManufacturerItemDescription>לחם הולנדי 1.2 ק''ג</ManufacturerItemDescription><SoldByWeight/><Quantity>1200.00</Quantity><UnitOfMeasure>גרם     </UnitOfMeasure><QtyInPackage>לא ידוע</QtyInPackage><UnitOfMeasurePrice>0.0149</UnitOfMeasurePrice><AllowDiscount>1</AllowDiscount><ItemStatus>1</ItemStatus><ItemPrice>17.90</ItemPrice></item><item><PriceUpdateDate>2016-08-10 08:23:08</PriceUpdateDate><ItemCode>7290002661153</ItemCode><ItemType>1</ItemType><ItemName>לחם  דני קל 1 ק"ג</ItemName><ManufacturerName>מאפית לחם חן</ManufacturerName><ManufactureCountry>ישראל</ManufactureCountry><ManufacturerItemDescription>לחם  דני קל 1 ק"ג</ManufacturerItemDescription><SoldByWeight/><Quantity>1000.00</Quantity><UnitOfMeasure>גרם     </UnitOfMeasure><QtyInPackage>לא ידוע</QtyInPackage><UnitOfMeasurePrice>0.0193</UnitOfMeasurePrice><AllowDiscount>1</AllowDiscount><ItemStatus>1</ItemStatus><ItemPrice>19.30</ItemPrice></item><item><PriceUpdateDate>2016-03-01 06:17:24</PriceUpdateDate><ItemCode>7290002663522</ItemCode><ItemType>1</ItemType><ItemName>תפוזינה 1.5 ליטר</ItemName><ManufacturerName>תפוזינה</ManufacturerName><ManufactureCountry>ישראל</ManufactureCountry><ManufacturerItemDescription>תפוזינה תפוזים1.5 ל</ManufacturerItemDescription><SoldByWeight/><Quantity>1500.00</Quantity><UnitOfMeasure>מ"ל</UnitOfMeasure><QtyInPackage>לא ידוע</QtyInPackage><UnitOfMeasurePrice>0.0050</UnitOfMeasurePrice><AllowDiscount>1</AllowDiscount><ItemStatus>1</ItemStatus><ItemPrice>7.50</ItemPrice></item><item><PriceUpdateDate>2016-03-01 06:17:24</PriceUpdateDate><ItemCode>7290002663539</ItemCode><ItemType>1</ItemType><ItemName>תפוזינה אשכוליות 1.5</ItemName><ManufacturerName>תפוזינה</ManufacturerName><ManufactureCountry>ישראל</ManufactureCountry><ManufacturerItemDescription>תפוזינה אשכולינה</ManufacturerItemDescription><SoldByWeight/><Quantity>1500.00</Quantity><UnitOfMeasure>מ"ל</UnitOfMeasure><QtyInPackage>לא ידוע</QtyInPackage><UnitOfMeasurePrice>0.0050</UnitOfMeasurePrice><AllowDiscount>1</AllowDiscount><ItemStatus>1</ItemStatus><ItemPrice>7.50</ItemPrice></item><item><PriceUpdateDate>2016-08-10 08:23:08</PriceUpdateDate><ItemCode>7290002663805</ItemCode><ItemType>1</ItemType><ItemName>שוופס טוניק 1.5 ליטר</ItemName><ManufacturerName>שוופס</ManufacturerName><ManufactureCountry>ישראל</ManufactureCountry><ManufacturerItemDescription>שוופס טוניק 1.5 ל</ManufacturerItemDescription><SoldByWeight/><Quantity>1500.00</Quantity><UnitOfMeasure>מ"ל</UnitOfMeasure><QtyInPackage>לא ידוע</QtyInPackage><UnitOfMeasurePrice>0.0073</UnitOfMeasurePrice><AllowDiscount>1</AllowDiscount><ItemStatus>1</ItemStatus><ItemPrice>10.90</ItemPrice></item><item><PriceUpdateDate>2016-03-01 06:17:24</PriceUpdateDate><ItemCode>7290002663881</ItemCode><ItemType>1</ItemType><ItemName>אשכולינה דיאט 1.5 לי</ItemName><ManufacturerName>תפוזינה</ManufacturerName><ManufactureCountry>ישראל</ManufactureCountry><ManufacturerItemDescription>אשכולינה דיאט 1.5 לי</ManufacturerItemDescription><SoldByWeight/><Quantity>1500.00</Quantity><UnitOfMeasure>מ"ל</UnitOfMeasure><QtyInPackage>לא ידוע</QtyInPackage><UnitOfMeasurePrice>0.0050</UnitOfMeasurePrice><AllowDiscount>1</AllowDiscount><ItemStatus>1</ItemStatus><ItemPrice>7.50</ItemPrice></item><item><PriceUpdateDate>2016-06-22 13:25:57</PriceUpdateDate><ItemCode>7290002692393</ItemCode><ItemType>1</ItemType><ItemName>שמן קנולה עץ הזית מו</ItemName><ManufacturerName>עץ הזית</ManufacturerName><ManufactureCountry>ישראל</ManufactureCountry><ManufacturerItemDescription>שמן קנולה מועשר 1 ליטר</ManufacturerItemDescription><SoldByWeight/><Quantity>1000.00</Quantity><UnitOfMeasure>מ"ל</UnitOfMeasure><QtyInPackage>לא ידוע</QtyInPackage><UnitOfMeasurePrice>0.0149</UnitOfMeasurePrice><AllowDiscount>1</AllowDiscount><ItemStatus>1</ItemStatus><ItemPrice>14.90</ItemPrice></item><item><PriceUpdateDate>2016-06-07 15:18:20</PriceUpdateDate><ItemCode>7290002692478</ItemCode><ItemType>1</ItemType><ItemName>שמן זית כתית מעולה מ</ItemName><ManufacturerName>עץ הזית</ManufacturerName><ManufactureCountry>ישראל</ManufactureCountry><ManufacturerItemDescription>שמן זית כתית מעולה מ</ManufacturerItemDescription><SoldByWeight/><Quantity>750.00</Quantity><UnitOfMeasure>מ"ל</UnitOfMeasure><QtyInPackage>לא ידוע</QtyInPackage><UnitOfMeasurePrice>0.0532</UnitOfMeasurePrice><AllowDiscount>1</AllowDiscount><ItemStatus>1</ItemStatus><ItemPrice>39.90</ItemPrice></item><item><PriceUpdateDate>2015-08-13 10:52:23</PriceUpdateDate><ItemCode>7290002703884</ItemCode><ItemType>1</ItemType><ItemName>דבש 350 גרם צנצנת זכ</ItemName><ManufacturerName>"המותג"</ManufacturerName><ManufactureCountry>לא ידוע</ManufactureCountry><ManufacturerItemDescription>דבש 350 גרם צנצנת זכ</ManufacturerItemDescription><SoldByWeight/><Quantity>350.00</Quantity><UnitOfMeasure>גרם     </UnitOfMeasure><QtyInPackage>לא ידוע</QtyInPackage><UnitOfMeasurePrice>0.0426</UnitOfMeasurePrice><AllowDiscount>1</AllowDiscount><ItemStatus>1</ItemStatus><ItemPrice>14.90</ItemPrice></item><item><PriceUpdateDate>2016-08-10 08:23:08</PriceUpdateDate><ItemCode>7290002703907</ItemCode><ItemType>1</ItemType><ItemName>דבש 250 גרם בקבוק לח</ItemName><ManufacturerName>"המותג"</ManufacturerName><ManufactureCountry>לא ידוע</ManufactureCountry><ManufacturerItemDescription>דבש 250 גרם בקבוק לח</ManufacturerItemDescription><SoldByWeight/><Quantity>250.00</Quantity><UnitOfMeasure>גרם     </UnitOfMeasure><QtyInPackage>לא ידוע</QtyInPackage><UnitOfMeasurePrice>0.0556</UnitOfMeasurePrice><AllowDiscount>1</AllowDiscount><ItemStatus>1</ItemStatus><ItemPrice>13.90</ItemPrice></item><item><PriceUpdateDate>2016-02-21 13:04:19</PriceUpdateDate><ItemCode>7290002715405</ItemCode><ItemType>3</ItemType><ItemName>דג בקלה בשקית</ItemName><ManufacturerName>דלידג</ManufacturerName><ManufactureCountry>ישראל</ManufactureCountry><ManufacturerItemDescription>דג בקלה בשקית</ManufacturerItemDescription><SoldByWeight/><Quantity>1.00</Quantity><UnitOfMeasure>ק"ג</UnitOfMeasure><QtyInPackage>לא ידוע</QtyInPackage><UnitOfMeasurePrice>19.9000</UnitOfMeasurePrice><AllowDiscount>1</AllowDiscount><ItemStatus>1</ItemStatus><ItemPrice>19.90</ItemPrice></item><item><PriceUpdateDate>2016-08-10 08:23:08</PriceUpdateDate><ItemCode>7290002715504</ItemCode><ItemType>1</ItemType><ItemName>מג'יק ארוחת אטריות ט</ItemName><ManufacturerName>מגיק</ManufacturerName><ManufactureCountry>ישראל</ManufactureCountry><ManufacturerItemDescription>תבשיל מגיק בכוס עוף 70 ג</ManufacturerItemDescription><SoldByWeight/><Quantity>14.00</Quantity><UnitOfMeasure>גרם     </UnitOfMeasure><QtyInPackage>לא ידוע</QtyInPackage><UnitOfMeasurePrice>0.4857</UnitOfMeasurePrice><AllowDiscount>1</AllowDiscount><ItemStatus>1</ItemStatus><ItemPrice>6.80</ItemPrice></item><item><PriceUpdateDate>2016-08-10 08:23:09</PriceUpdateDate><ItemCode>7290002715580</ItemCode><ItemType>1</ItemType><ItemName>מג'יק ארוחת אטריות ט</ItemName><ManufacturerName>מגיק</ManufacturerName><ManufactureCountry>ישראל</ManufactureCountry><ManufacturerItemDescription>תבשיל מגיק בכוס ירקות סינ</ManufacturerItemDescription><SoldByWeight/><Quantity>14.00</Quantity><UnitOfMeasure>גרם     </UnitOfMeasure><QtyInPackage>לא ידוע</QtyInPackage><UnitOfMeasurePrice>0.4857</UnitOfMeasurePrice><AllowDiscount>1</AllowDiscount><ItemStatus>1</ItemStatus><ItemPrice>6.80</ItemPrice></item><item><PriceUpdateDate>2016-05-31 07:02:31</PriceUpdateDate><ItemCode>7290002730262</ItemCode><ItemType>1</ItemType><ItemName>נוזל כלים פלמוליב אק</ItemName><ManufacturerName>פלמוליב</ManufacturerName><ManufactureCountry>יוון</ManufactureCountry><ManufacturerItemDescription>פלמוליב כלים קלאסי 750 מל</ManufacturerItemDescription><SoldByWeight/><Quantity>750.00</Quantity><UnitOfMeasure>מ"ל</UnitOfMeasure><QtyInPackage>לא ידוע</QtyInPackage><UnitOfMeasurePrice>0.0132</UnitOfMeasurePrice><AllowDiscount>1</AllowDiscount><ItemStatus>1</ItemStatus><ItemPrice>9.90</ItemPrice></item><item><PriceUpdateDate>2015-11-18 13:58:55</PriceUpdateDate><ItemCode>7290002730354</ItemCode><ItemType>1</ItemType><ItemName>תחבושת וניה מקסי 12</ItemName><ManufacturerName>וניה</ManufacturerName><ManufactureCountry>ישראל</ManufactureCountry><ManufacturerItemDescription>תחבושת וניה מקסי 12</ManufacturerItemDescription><SoldByWeight/><Quantity>12.00</Quantity><UnitOfMeasure>בודד</UnitOfMeasure><QtyInPackage>לא ידוע</QtyInPackage><UnitOfMeasurePrice>2.0333</UnitOfMeasurePrice><AllowDiscount>1</AllowDiscount><ItemStatus>1</ItemStatus><ItemPrice>24.40</ItemPrice></item><item><PriceUpdateDate>2014-11-10 06:29:24</PriceUpdateDate><ItemCode>7290002730521</ItemCode><ItemType>1</ItemType><ItemName>בלונס צמרונים לאוזני</ItemName><ManufacturerName>בלונס</ManufacturerName><ManufactureCountry>יוון</ManufactureCountry><ManufacturerItemDescription>צמרוני אוזניים בלונס</ManufacturerItemDescription><SoldByWeight/><Quantity>200.00</Quantity><UnitOfMeasure>יח'</UnitOfMeasure><QtyInPackage>לא ידוע</QtyInPackage><UnitOfMeasurePrice>0.0355</UnitOfMeasurePrice><AllowDiscount>1</AllowDiscount><ItemStatus>1</ItemStatus><ItemPrice>7.10</ItemPrice></item><item><PriceUpdateDate>2016-08-02 07:35:07</PriceUpdateDate><ItemCode>7290002730668</ItemCode><ItemType>1</ItemType><ItemName>מב משחת שיניים קולגי</ItemName><ManufacturerName>קולגייט</ManufacturerName><ManufactureCountry>פולין</ManufactureCountry><ManufacturerItemDescription>בקבוקי תינוקות  יה</ManufacturerItemDescription><SoldByWeight/><Quantity>100.00</Quantity><UnitOfMeasure>מ"ל</UnitOfMeasure><QtyInPackage>לא ידוע</QtyInPackage><UnitOfMeasurePrice>0.1590</UnitOfMeasurePrice><AllowDiscount>1</AllowDiscount><ItemStatus>1</ItemStatus><ItemPrice>15.90</ItemPrice></item><item><PriceUpdateDate>2016-05-31 07:02:31</PriceUpdateDate><ItemCode>7290002730675</ItemCode><ItemType>1</ItemType><ItemName>משחת שינים קולגייט א</ItemName><ManufacturerName>קולגייט</ManufacturerName><ManufactureCountry>פולין</ManufactureCountry><ManufacturerItemDescription>רולדת שוקולד    פה 350גר</ManufacturerItemDescription><SoldByWeight/><Quantity>100.00</Quantity><UnitOfMeasure>גרם     </UnitOfMeasure><QtyInPackage>לא ידוע</QtyInPackage><UnitOfMeasurePrice>0.0990</UnitOfMeasurePrice><AllowDiscount>0</AllowDiscount><ItemStatus>1</ItemStatus><ItemPrice>9.90</ItemPrice></item><item><PriceUpdateDate>2016-06-20 09:53:52</PriceUpdateDate><ItemCode>7290002730811</ItemCode><ItemType>1</ItemType><ItemName>קולגייט משפחתי ג'ל 1</ItemName><ManufacturerName>קולגייט</ManufacturerName><ManufactureCountry>פולין</ManufactureCountry><ManufacturerItemDescription>פרינוק מחית     פו"ע190ג</ManufacturerItemDescription><SoldByWeight/><Quantity>130.00</Quantity><UnitOfMeasure>גרם     </UnitOfMeasure><QtyInPackage>לא ידוע</QtyInPackage><UnitOfMeasurePrice>0.1223</UnitOfMeasurePrice><AllowDiscount>1</AllowDiscount><ItemStatus>1</ItemStatus><ItemPrice>15.90</ItemPrice></item><item><PriceUpdateDate>2016-05-01 08:13:24</PriceUpdateDate><ItemCode>7290002730927</ItemCode><ItemType>1</ItemType><ItemName>סבון מוצק פלמוליב רב</ItemName><ManufacturerName>פלמוליב</ManufacturerName><ManufactureCountry>ישראל</ManufactureCountry><ManufacturerItemDescription>סבון פלמוליב 4יחדבש100*4</ManufacturerItemDescription><SoldByWeight/><Quantity>100.00</Quantity><UnitOfMeasure>גרם     </UnitOfMeasure><QtyInPackage>לא ידוע</QtyInPackage><UnitOfMeasurePrice>0.1960</UnitOfMeasurePrice><AllowDiscount>1</AllowDiscount><ItemStatus>1</ItemStatus><ItemPrice>19.60</ItemPrice></item><item><PriceUpdateDate>2014-11-10 06:29:24</PriceUpdateDate><ItemCode>7290002730941</ItemCode><ItemType>1</ItemType><ItemName>צמר גפן בלונס פרוס 1</ItemName><ManufacturerName>בלונס</ManufacturerName><ManufactureCountry>יוון</ManufactureCountry><ManufacturerItemDescription>צמר גפן פרוס    ונס100"ג</ManufacturerItemDescription><SoldByWeight/><Quantity>100.00</Quantity><UnitOfMeasure>גרם     </UnitOfMeasure><QtyInPackage>לא ידוע</QtyInPackage><UnitOfMeasurePrice>0.0710</UnitOfMeasurePrice><AllowDiscount>1</AllowDiscount><ItemStatus>1</ItemStatus><ItemPrice>7.10</ItemPrice></item><item><PriceUpdateDate>2015-12-01 12:34:49</PriceUpdateDate><ItemCode>7290002731467</ItemCode><ItemType>1</ItemType><ItemName>פיצה דקה עגולה בודד</ItemName><ManufacturerName>שלושת האופים</ManufacturerName><ManufactureCountry>ישראל</ManufactureCountry><ManufacturerItemDescription>פיצה דקה עגולה בודד</ManufacturerItemDescription><SoldByWeight/><Quantity>0.00</Quantity><UnitOfMeasure>יח'</UnitOfMeasure><QtyInPackage>לא ידוע</QtyInPackage><UnitOfMeasurePrice>0.0000</UnitOfMeasurePrice><AllowDiscount>1</AllowDiscount><ItemStatus>1</ItemStatus><ItemPrice>2.50</ItemPrice></item><item><PriceUpdateDate>2015-12-01 12:34:49</PriceUpdateDate><ItemCode>7290002731474</ItemCode><ItemType>1</ItemType><ItemName>פיצה בודד עם זתים</ItemName><ManufacturerName>שלושת האופים</ManufacturerName><ManufactureCountry>ישראל</ManufactureCountry><ManufacturerItemDescription>פיצה בודד עם זתים</ManufacturerItemDescription><SoldByWeight/><Quantity>0.00</Quantity><UnitOfMeasure>יח'</UnitOfMeasure><QtyInPackage>לא ידוע</QtyInPackage><UnitOfMeasurePrice>0.0000</UnitOfMeasurePrice><AllowDiscount>1</AllowDiscount><ItemStatus>1</ItemStatus><ItemPrice>2.50</ItemPrice></item><item><PriceUpdateDate>2016-08-10 08:23:09</PriceUpdateDate><ItemCode>7290002735724</ItemCode><ItemType>1</ItemType><ItemName>ג'חנון 750 גרם המותג</ItemName><ManufacturerName>"המותג"</ManufacturerName><ManufactureCountry>ישראל</ManufactureCountry><ManufacturerItemDescription>ג'חנון 750 גרם המותג</ManufacturerItemDescription><SoldByWeight/><Quantity>750.00</Quantity><UnitOfMeasure>גרם     </UnitOfMeasure><QtyInPackage>לא ידוע</QtyInPackage><UnitOfMeasurePrice>0.0172</UnitOfMeasurePrice><AllowDiscount>1</AllowDiscount><ItemStatus>1</ItemStatus><ItemPrice>12.90</ItemPrice></item><item><PriceUpdateDate>2015-07-28 09:25:22</PriceUpdateDate><ItemCode>7290002735755</ItemCode><ItemType>1</ItemType><ItemName>בצק עלים מרודד 1 ק"ג</ItemName><ManufacturerName>"המותג"</ManufacturerName><ManufactureCountry>ישראל</ManufactureCountry><ManufacturerItemDescription>בצק עלים מרודד 1 ק"ג</ManufacturerItemDescription><SoldByWeight/><Quantity>1000.00</Quantity><UnitOfMeasure>גרם     </UnitOfMeasure><QtyInPackage>לא ידוע</QtyInPackage><UnitOfMeasurePrice>0.0139</UnitOfMeasurePrice><AllowDiscount>1</AllowDiscount><ItemStatus>1</ItemStatus><ItemPrice>13.90</ItemPrice></item><item><PriceUpdateDate>2015-07-28 09:25:22</PriceUpdateDate><ItemCode>7290002735762</ItemCode><ItemType>1</ItemType><ItemName>בורקס במילוי תפוח אד</ItemName><ManufacturerName>"המותג"</ManufacturerName><ManufactureCountry>ישראל</ManufactureCountry><ManufacturerItemDescription>בורקס במילוי תפוח אד</ManufacturerItemDescription><SoldByWeight/><Quantity>800.00</Quantity><UnitOfMeasure>גרם     </UnitOfMeasure><QtyInPackage>לא ידוע</QtyInPackage><UnitOfMeasurePrice>0.0174</UnitOfMeasurePrice><AllowDiscount>1</AllowDiscount><ItemStatus>1</ItemStatus><ItemPrice>13.90</ItemPrice></item><item><PriceUpdateDate>2015-07-28 09:25:22</PriceUpdateDate><ItemCode>7290002735779</ItemCode><ItemType>1</ItemType><ItemName>בורקס במילוי גבינה 8</ItemName><ManufacturerName>"המותג"</ManufacturerName><ManufactureCountry>ישראל</ManufactureCountry><ManufacturerItemDescription>בורקס במילוי גבינה 8</ManufacturerItemDescription><SoldByWeight/><Quantity>800.00</Quantity><UnitOfMeasure>גרם     </UnitOfMeasure><QtyInPackage>לא ידוע</QtyInPackage><UnitOfMeasurePrice>0.0186</UnitOfMeasurePrice><AllowDiscount>1</AllowDiscount><ItemStatus>1</ItemStatus><ItemPrice>14.90</ItemPrice></item><item><PriceUpdateDate>2016-06-28 09:28:58</PriceUpdateDate><ItemCode>7290002741077</ItemCode><ItemType>1</ItemType><ItemName>כריות צוקולדה 750 גר</ItemName><ManufacturerName>כריות</ManufacturerName><ManufactureCountry>ישראל</ManufactureCountry><ManufacturerItemDescription>כריות צוקולדה 750 גר</ManufacturerItemDescription><SoldByWeight/><Quantity>750.00</Quantity><UnitOfMeasure>גרם     </UnitOfMeasure><QtyInPackage>לא ידוע</QtyInPackage><UnitOfMeasurePrice>0.0380</UnitOfMeasurePrice><AllowDiscount>1</AllowDiscount><ItemStatus>1</ItemStatus><ItemPrice>28.50</ItemPrice></item><item><PriceUpdateDate>2016-08-10 08:23:09</PriceUpdateDate><ItemCode>7290002741091</ItemCode><ItemType>1</ItemType><ItemName>חטיף דגנים שוגי פצפו</ItemName><ManufacturerName>שוגי</ManufacturerName><ManufactureCountry>ישראל</ManufactureCountry><ManufacturerItemDescription>חטיף דגנים פצפוצי שוקו 18</ManufacturerItemDescription><SoldByWeight/><Quantity>184.00</Quantity><UnitOfMeasure>גרם     </UnitOfMeasure><QtyInPackage>לא ידוע</QtyInPackage><UnitOfMeasurePrice>0.1245</UnitOfMeasurePrice><AllowDiscount>1</AllowDiscount><ItemStatus>1</ItemStatus><ItemPrice>22.90</ItemPrice></item><item><PriceUpdateDate>2014-11-10 06:30:27</PriceUpdateDate><ItemCode>7290002750291</ItemCode><ItemType>3</ItemType><ItemName>מאפה פילו אגוזים</ItemName><ManufacturerName>פילסברי</ManufacturerName><ManufactureCountry>ישראל</ManufactureCountry><ManufacturerItemDescription>מאפה פילו אגוזים</ManufacturerItemDescription><SoldByWeight/><Quantity>1.00</Quantity><UnitOfMeasure>ק"ג</UnitOfMeasure><QtyInPackage>לא ידוע</QtyInPackage><UnitOfMeasurePrice>46.0000</UnitOfMeasurePrice><AllowDiscount>1</AllowDiscount><ItemStatus>1</ItemStatus><ItemPrice>46.00</ItemPrice></item><item><PriceUpdateDate>2015-10-11 20:34:18</PriceUpdateDate><ItemCode>7290002750963</ItemCode><ItemType>1</ItemType><ItemName>באגט רוסטיק</ItemName><ManufacturerName>פילסברי</ManufacturerName><ManufactureCountry>ישראל</ManufactureCountry><ManufacturerItemDescription>באגט רוסטיק</ManufacturerItemDescription><SoldByWeight/><Quantity>1000.00</Quantity><UnitOfMeasure>קג</UnitOfMeasure><QtyInPackage>לא ידוע</QtyInPackage><UnitOfMeasurePrice>0.0070</UnitOfMeasurePrice><AllowDiscount>1</AllowDiscount><ItemStatus>1</ItemStatus><ItemPrice>7.00</ItemPrice></item><item><PriceUpdateDate>2016-03-24 12:43:09</PriceUpdateDate><ItemCode>7290002752332</ItemCode><ItemType>1</ItemType><ItemName>סוכריות מנטוס פירות</ItemName><ManufacturerName>מנטוס</ManufacturerName><ManufactureCountry>הולנד</ManufactureCountry><ManufacturerItemDescription>סוכריות מנטוס   רות37.5ג</ManufacturerItemDescription><SoldByWeight/><Quantity>0.00</Quantity><UnitOfMeasure>יח'</UnitOfMeasure><QtyInPackage>לא ידוע</QtyInPackage><UnitOfMeasurePrice>0.0000</UnitOfMeasurePrice><AllowDiscount>1</AllowDiscount><ItemStatus>1</ItemStatus><ItemPrice>3.90</ItemPrice></item><item><PriceUpdateDate>2016-03-24 12:43:09</PriceUpdateDate><ItemCode>7290002752349</ItemCode><ItemType>1</ItemType><ItemName>סוכריות מנטוס מנטה ב</ItemName><ManufacturerName>מנטוס</ManufacturerName><ManufactureCountry>הולנד</ManufactureCountry><ManufacturerItemDescription>סוכריות מנטוס   37.5 גרם</ManufacturerItemDescription><SoldByWeight/><Quantity>0.00</Quantity><UnitOfMeasure>יח'</UnitOfMeasure><QtyInPackage>לא ידוע</QtyInPackage><UnitOfMeasurePrice>0.0000</UnitOfMeasurePrice><AllowDiscount>1</AllowDiscount><ItemStatus>1</ItemStatus><ItemPrice>3.90</ItemPrice></item><item><PriceUpdateDate>2015-12-22 08:56:10</PriceUpdateDate><ItemCode>7290002757122</ItemCode><ItemType>1</ItemType><ItemName>נודלס אטריות ביצים מ</ItemName><ManufacturerName>ויליגר</ManufacturerName><ManufactureCountry>לא ידוע</ManufactureCountry><ManufacturerItemDescription>נודלס אטריות ביצים מ</ManufacturerItemDescription><SoldByWeight/><Quantity>250.00</Quantity><UnitOfMeasure>גרם     </UnitOfMeasure><QtyInPackage>לא ידוע</QtyInPackage><UnitOfMeasurePrice>0.0236</UnitOfMeasurePrice><AllowDiscount>1</AllowDiscount><ItemStatus>1</ItemStatus><ItemPrice>5.90</ItemPrice></item><item><PriceUpdateDate>2016-08-02 07:39:17</PriceUpdateDate><ItemCode>7290002757139</ItemCode><ItemType>1</ItemType><ItemName>מב מלוואח שלושת האופ</ItemName><ManufacturerName>שלושת האופים</ManufacturerName><ManufactureCountry>ישראל</ManufactureCountry><ManufacturerItemDescription>מלאווח 700 גרם שלושת האופ</ManufacturerItemDescription><SoldByWeight/><Quantity>700.00</Quantity><UnitOfMeasure>גרם     </UnitOfMeasure><QtyInPackage>לא ידוע</QtyInPackage><UnitOfMeasurePrice>0.0184</UnitOfMeasurePrice><AllowDiscount>1</AllowDiscount><ItemStatus>1</ItemStatus><ItemPrice>12.90</ItemPrice></item><item><PriceUpdateDate>2015-11-18 13:58:55</PriceUpdateDate><ItemCode>7290002757511</ItemCode><ItemType>1</ItemType><ItemName>קציצות דג מבושלות 75</ItemName><ManufacturerName>דלידג</ManufacturerName><ManufactureCountry>ישראל</ManufactureCountry><ManufacturerItemDescription>קציצות דג לבישול 750 גרם</ManufacturerItemDescription><SoldByWeight/><Quantity>750.00</Quantity><UnitOfMeasure>גרם     </UnitOfMeasure><QtyInPackage>לא ידוע</QtyInPackage><UnitOfMeasurePrice>0.0439</UnitOfMeasurePrice><AllowDiscount>1</AllowDiscount><ItemStatus>1</ItemStatus><ItemPrice>32.90</ItemPrice></item><item><PriceUpdateDate>2016-03-01 06:13:21</PriceUpdateDate><ItemCode>7290002769712</ItemCode><ItemType>1</ItemType><ItemName>עוגיות הזהב תמרים 35</ItemName><ManufacturerName>עוגיות הזהב</ManufacturerName><ManufactureCountry>ישראל</ManufactureCountry><ManufacturerItemDescription>עוגיות הזהב תמרים 35</ManufacturerItemDescription><SoldByWeight/><Quantity>350.00</Quantity><UnitOfMeasure>גרם     </UnitOfMeasure><QtyInPackage>לא ידוע</QtyInPackage><UnitOfMeasurePrice>0.0426</UnitOfMeasurePrice><AllowDiscount>1</AllowDiscount><ItemStatus>1</ItemStatus><ItemPrice>14.90</ItemPrice></item><item><PriceUpdateDate>2015-11-18 13:58:56</PriceUpdateDate><ItemCode>7290002771128</ItemCode><ItemType>1</ItemType><ItemName>קפה אל נחלה 250 גרם</ItemName><ManufacturerName>קפה נחלה רפיק</ManufacturerName><ManufactureCountry>ישראל</ManufactureCountry><ManufacturerItemDescription>קפה תורכי נחלה250 גר</ManufacturerItemDescription><SoldByWeight/><Quantity>250.00</Quantity><UnitOfMeasure>גרם     </UnitOfMeasure><QtyInPackage>לא ידוע</QtyInPackage><UnitOfMeasurePrice>0.0772</UnitOfMeasurePrice><AllowDiscount>1</AllowDiscount><ItemStatus>1</ItemStatus><ItemPrice>19.30</ItemPrice></item><item><PriceUpdateDate>2016-08-02 07:39:18</PriceUpdateDate><ItemCode>7290002775775</ItemCode><ItemType>1</ItemType><ItemName>מב ריבת חלב עם קוקוס</ItemName><ManufacturerName>ריץ</ManufacturerName><ManufactureCountry>ישראל</ManufactureCountry><ManufacturerItemDescription>מב ריבת חלב עם קוקוס</ManufacturerItemDescription><SoldByWeight/><Quantity>1000.00</Quantity><UnitOfMeasure>גרם     </UnitOfMeasure><QtyInPackage>לא ידוע</QtyInPackage><UnitOfMeasurePrice>0.0499</UnitOfMeasurePrice><AllowDiscount>1</AllowDiscount><ItemStatus>1</ItemStatus><ItemPrice>49.90</ItemPrice></item><item><PriceUpdateDate>2016-08-02 07:39:18</PriceUpdateDate><ItemCode>7290002775782</ItemCode><ItemType>1</ItemType><ItemName>מב טורט מצופה שוקולד</ItemName><ManufacturerName>ריץ</ManufacturerName><ManufactureCountry>ישראל</ManufactureCountry><ManufacturerItemDescription>מב טורט מצופה שוקולד</ManufacturerItemDescription><SoldByWeight/><Quantity>1000.00</Quantity><UnitOfMeasure>גרם     </UnitOfMeasure><QtyInPackage>לא ידוע</QtyInPackage><UnitOfMeasurePrice>0.0499</UnitOfMeasurePrice><AllowDiscount>1</AllowDiscount><ItemStatus>1</ItemStatus><ItemPrice>49.90</ItemPrice></item><item><PriceUpdateDate>2016-08-02 07:39:18</PriceUpdateDate><ItemCode>7290002775799</ItemCode><ItemType>1</ItemType><ItemName>מב טורט היער השחור ר</ItemName><ManufacturerName>ריץ</ManufacturerName><ManufactureCountry>ישראל</ManufactureCountry><ManufacturerItemDescription>עוגת טורט היער השחור  ריץ</ManufacturerItemDescription><SoldByWeight/><Quantity>1000.00</Quantity><UnitOfMeasure>גרם     </UnitOfMeasure><QtyInPackage>לא ידוע</QtyInPackage><UnitOfMeasurePrice>0.0499</UnitOfMeasurePrice><AllowDiscount>1</AllowDiscount><ItemStatus>1</ItemStatus><ItemPrice>49.90</ItemPrice></item><item><PriceUpdateDate>2016-08-02 07:39:18</PriceUpdateDate><ItemCode>7290002775898</ItemCode><ItemType>1</ItemType><ItemName>מב עוגת מוס בלגי ריץ</ItemName><ManufacturerName>ריץ</ManufacturerName><ManufactureCountry>ישראל</ManufactureCountry><ManufacturerItemDescription>עוגת מוס בלגי  ריץ</ManufacturerItemDescription><SoldByWeight/><Quantity>850.00</Quantity><UnitOfMeasure>גרם     </UnitOfMeasure><QtyInPackage>לא ידוע</QtyInPackage><UnitOfMeasurePrice>0.0587</UnitOfMeasurePrice><AllowDiscount>1</AllowDiscount><ItemStatus>1</ItemStatus><ItemPrice>49.90</ItemPrice></item><item><PriceUpdateDate>2016-06-28 09:28:59</PriceUpdateDate><ItemCode>7290002782131</ItemCode><ItemType>1</ItemType><ItemName>מב דאו' ספריי פנינה</ItemName><ManufacturerName>פנינה רוזנבלום</ManufacturerName><ManufactureCountry>ישראל</ManufactureCountry><ManufacturerItemDescription>מב דאו' ספריי פנינה</ManufacturerItemDescription><SoldByWeight/><Quantity>150.00</Quantity><UnitOfMeasure>מ"ל</UnitOfMeasure><QtyInPackage>לא ידוע</QtyInPackage><UnitOfMeasurePrice>0.1460</UnitOfMeasurePrice><AllowDiscount>1</AllowDiscount><ItemStatus>1</ItemStatus><ItemPrice>21.90</ItemPrice></item><item><PriceUpdateDate>2016-06-28 09:28:59</PriceUpdateDate><ItemCode>7290002782735</ItemCode><ItemType>1</ItemType><ItemName>מב דאו' ספריי פנינהל</ItemName><ManufacturerName>פנינה רוזנבלום</ManufacturerName><ManufactureCountry>ישראל</ManufactureCountry><ManufacturerItemDescription>מב דאו' ספריי פנינהל</ManufacturerItemDescription><SoldByWeight/><Quantity>180.00</Quantity><UnitOfMeasure>מ"ל</UnitOfMeasure><QtyInPackage>לא ידוע</QtyInPackage><UnitOfMeasurePrice>0.0828</UnitOfMeasurePrice><AllowDiscount>1</AllowDiscount><ItemStatus>1</ItemStatus><ItemPrice>14.90</ItemPrice></item><item><PriceUpdateDate>2016-06-28 09:28:59</PriceUpdateDate><ItemCode>7290002782742</ItemCode><ItemType>1</ItemType><ItemName>מב דאו' ספריי פנינהל</ItemName><ManufacturerName>פנינה רוזנבלום</ManufacturerName><ManufactureCountry>ישראל</ManufactureCountry><ManufacturerItemDescription>מב דאו' ספריי פנינהל</ManufacturerItemDescription><SoldByWeight/><Quantity>150.00</Quantity><UnitOfMeasure>מ"ל</UnitOfMeasure><QtyInPackage>לא ידוע</QtyInPackage><UnitOfMeasurePrice>0.0993</UnitOfMeasurePrice><AllowDiscount>1</AllowDiscount><ItemStatus>1</ItemStatus><ItemPrice>14.90</ItemPrice></item><item><PriceUpdateDate>2016-06-28 09:31:00</PriceUpdateDate><ItemCode>7290002782759</ItemCode><ItemType>1</ItemType><ItemName>מב קרם גוף פנינה 350</ItemName><ManufacturerName>פנינה רוזנבלום</ManufacturerName><ManufactureCountry>ישראל</ManufactureCountry><ManufacturerItemDescription>מב קרם גוף פנינה 350</ManufacturerItemDescription><SoldByWeight/><Quantity>350.00</Quantity><UnitOfMeasure>מ"ל</UnitOfMeasure><QtyInPackage>לא ידוע</QtyInPackage><UnitOfMeasurePrice>0.0600</UnitOfMeasurePrice><AllowDiscount>1</AllowDiscount><ItemStatus>1</ItemStatus><ItemPrice>21.00</ItemPrice></item><item><PriceUpdateDate>2015-11-18 13:58:56</PriceUpdateDate><ItemCode>7290002787167</ItemCode><ItemType>1</ItemType><ItemName>טונה ויליגר במים 140</ItemName><ManufacturerName>ויליגר</ManufacturerName><ManufactureCountry>ישראל</ManufactureCountry><ManufacturerItemDescription>טונה ויליגר במים 140</ManufacturerItemDescription><SoldByWeight/><Quantity>140.00</Quantity><UnitOfMeasure>גרם     </UnitOfMeasure><QtyInPackage>לא ידוע</QtyInPackage><UnitOfMeasurePrice>0.0507</UnitOfMeasurePrice><AllowDiscount>1</AllowDiscount><ItemStatus>1</ItemStatus><ItemPrice>7.10</ItemPrice></item><item><PriceUpdateDate>2016-03-01 06:17:27</PriceUpdateDate><ItemCode>7290002787693</ItemCode><ItemType>1</ItemType><ItemName>גבינת גאודה עלמה 150</ItemName><ManufacturerName>נטו סחר</ManufacturerName><ManufactureCountry>פולין</ManufactureCountry><ManufacturerItemDescription>כוס אימון לתינוקות טוליפ</ManufacturerItemDescription><SoldByWeight/><Quantity>150.00</Quantity><UnitOfMeasure>גרם     </UnitOfMeasure><QtyInPackage>לא ידוע</QtyInPackage><UnitOfMeasurePrice>0.0400</UnitOfMeasurePrice><AllowDiscount>1</AllowDiscount><ItemStatus>1</ItemStatus><ItemPrice>6.00</ItemPrice></item><item><PriceUpdateDate>2016-04-22 09:52:23</PriceUpdateDate><ItemCode>7290002787716</ItemCode><ItemType>1</ItemType><ItemName>חמאה מפוסטרת עלמה 10</ItemName><ManufacturerName>"עלמה"</ManufacturerName><ManufactureCountry>לא ידוע</ManufactureCountry><ManufacturerItemDescription>חמאה מפוסטרת עלמה 10</ManufacturerItemDescription><SoldByWeight/><Quantity>100.00</Quantity><UnitOfMeasure>גרם     </UnitOfMeasure><QtyInPackage>לא ידוע</QtyInPackage><UnitOfMeasurePrice>0.0360</UnitOfMeasurePrice><AllowDiscount>1</AllowDiscount><ItemStatus>1</ItemStatus><ItemPrice>3.60</ItemPrice></item><item><PriceUpdateDate>2016-08-02 07:35:08</PriceUpdateDate><ItemCode>7290002787761</ItemCode><ItemType>3</ItemType><ItemName>גבינה צהובה עלמה 26%</ItemName><ManufacturerName>"עלמה"</ManufacturerName><ManufactureCountry>פולין</ManufactureCountry><ManufacturerItemDescription>גבינה צהובה עלמה26% משקל</ManufacturerItemDescription><SoldByWeight/><Quantity>1.00</Quantity><UnitOfMeasure>ק"ג</UnitOfMeasure><QtyInPackage>לא ידוע</QtyInPackage><UnitOfMeasurePrice>35.0000</UnitOfMeasurePrice><AllowDiscount>1</AllowDiscount><ItemStatus>1</ItemStatus><ItemPrice>35.00</ItemPrice></item><item><PriceUpdateDate>2016-06-28 07:39:01</PriceUpdateDate><ItemCode>7290002787792</ItemCode><ItemType>3</ItemType><ItemName>מוצרלה נקניק "עלמה"</ItemName><ManufacturerName>"עלמה"</ManufacturerName><ManufactureCountry>פולין</ManufactureCountry><ManufacturerItemDescription>גבינה מוצרלה    ה משקל</ManufacturerItemDescription><SoldByWeight/><Quantity>1.00</Quantity><UnitOfMeasure>ק"ג</UnitOfMeasure><QtyInPackage>לא ידוע</QtyInPackage><UnitOfMeasurePrice>68.3000</UnitOfMeasurePrice><AllowDiscount>1</AllowDiscount><ItemStatus>1</ItemStatus><ItemPrice>68.30</ItemPrice></item><item><PriceUpdateDate>2016-03-01 06:17:27</PriceUpdateDate><ItemCode>7290002787822</ItemCode><ItemType>1</ItemType><ItemName>גבינת גאודה עלמה 400</ItemName><ManufacturerName>"עלמה"</ManufacturerName><ManufactureCountry>לא ידוע</ManufactureCountry><ManufacturerItemDescription>גבינת גאודה עלמה 400</ManufacturerItemDescription><SoldByWeight/><Quantity>400.00</Quantity><UnitOfMeasure>גרם     </UnitOfMeasure><QtyInPackage>לא ידוע</QtyInPackage><UnitOfMeasurePrice>0.0400</UnitOfMeasurePrice><AllowDiscount>1</AllowDiscount><ItemStatus>1</ItemStatus><ItemPrice>16.00</ItemPrice></item><item><PriceUpdateDate>2016-05-01 08:13:25</PriceUpdateDate><ItemCode>7290002805151</ItemCode><ItemType>1</ItemType><ItemName>סיף פנטסטיק לרצפות 4</ItemName><ManufacturerName>סיף-פנטסטיק</ManufacturerName><ManufactureCountry>ישראל</ManufactureCountry><ManufacturerItemDescription>סיף פנטסטיק לרצפות 4</ManufacturerItemDescription><SoldByWeight/><Quantity>4000.00</Quantity><UnitOfMeasure>מ"ל</UnitOfMeasure><QtyInPackage>לא ידוע</QtyInPackage><UnitOfMeasurePrice>0.0060</UnitOfMeasurePrice><AllowDiscount>1</AllowDiscount><ItemStatus>1</ItemStatus><ItemPrice>24.00</ItemPrice></item><item><PriceUpdateDate>2016-08-03 11:58:28</PriceUpdateDate><ItemCode>7290002812522</ItemCode><ItemType>1</ItemType><ItemName>ס.פרלמנט ארוך בודד</ItemName><ManufacturerName>פארלמנט</ManufacturerName><ManufactureCountry>ישראל</ManufactureCountry><ManufacturerItemDescription>ס.פרלמנט ארוך בודד</ManufacturerItemDescription><SoldByWeight/><Quantity>0.00</Quantity><UnitOfMeasure>יח'</UnitOfMeasure><QtyInPackage>לא ידוע</QtyInPackage><UnitOfMeasurePrice>0.0000</UnitOfMeasurePrice><AllowDiscount>1</AllowDiscount><ItemStatus>1</ItemStatus><ItemPrice>36.90</ItemPrice></item><item><PriceUpdateDate>2016-08-02 07:35:08</PriceUpdateDate><ItemCode>7290002814528</ItemCode><ItemType>1</ItemType><ItemName>מנקה אסלות סנט מוריץ</ItemName><ManufacturerName>סנט מוריץ</ManufacturerName><ManufactureCountry>ישראל</ManufactureCountry><ManufacturerItemDescription>מנקה אסלות סנט מוריץ</ManufacturerItemDescription><SoldByWeight/><Quantity>1000.00</Quantity><UnitOfMeasure>מ"ל</UnitOfMeasure><QtyInPackage>לא ידוע</QtyInPackage><UnitOfMeasurePrice>0.0079</UnitOfMeasurePrice><AllowDiscount>1</AllowDiscount><ItemStatus>1</ItemStatus><ItemPrice>7.90</ItemPrice></item><item><PriceUpdateDate>2016-08-03 11:58:28</PriceUpdateDate><ItemCode>7290002814928</ItemCode><ItemType>1</ItemType><ItemName>ס.פרלמנט קצר בודד</ItemName><ManufacturerName>פארלמנט</ManufacturerName><ManufactureCountry>ישראל</ManufactureCountry><ManufacturerItemDescription>ס.פרלמנט קצר בודד</ManufacturerItemDescription><SoldByWeight/><Quantity>0.00</Quantity><UnitOfMeasure>יח'</UnitOfMeasure><QtyInPackage>לא ידוע</QtyInPackage><UnitOfMeasurePrice>0.0000</UnitOfMeasurePrice><AllowDiscount>1</AllowDiscount><ItemStatus>1</ItemStatus><ItemPrice>36.90</ItemPrice></item><item><PriceUpdateDate>2016-08-02 07:39:19</PriceUpdateDate><ItemCode>7290002814931</ItemCode><ItemType>1</ItemType><ItemName>מב נוזל לניקוי רצפות</ItemName><ManufacturerName>סנט מוריץ</ManufacturerName><ManufactureCountry>ישראל</ManufactureCountry><ManufacturerItemDescription>מב נוזל לניקוי רצפות</ManufacturerItemDescription><SoldByWeight/><Quantity>4000.00</Quantity><UnitOfMeasure>מ"ל</UnitOfMeasure><QtyInPackage>לא ידוע</QtyInPackage><UnitOfMeasurePrice>0.0032</UnitOfMeasurePrice><AllowDiscount>1</AllowDiscount><ItemStatus>1</ItemStatus><ItemPrice>12.90</ItemPrice></item><item><PriceUpdateDate>2016-02-11 08:21:16</PriceUpdateDate><ItemCode>7290002824183</ItemCode><ItemType>1</ItemType><ItemName>גבינת סקי 5% 500 גרם</ItemName><ManufacturerName>שטראוס</ManufacturerName><ManufactureCountry>ישראל</ManufactureCountry><ManufacturerItemDescription>גבינה סקי 500 5% גרם</ManufacturerItemDescription><SoldByWeight/><Quantity>500.00</Quantity><UnitOfMeasure>גרם     </UnitOfMeasure><QtyInPackage>לא ידוע</QtyInPackage><UnitOfMeasurePrice>0.0184</UnitOfMeasurePrice><AllowDiscount>0</AllowDiscount><ItemStatus>1</ItemStatus><ItemPrice>9.20</ItemPrice></item><item><PriceUpdateDate>2015-10-11 20:34:18</PriceUpdateDate><ItemCode>7290002824466</ItemCode><ItemType>1</ItemType><ItemName>דנונה טבעי 0% 200 גר</ItemName><ManufacturerName>דנונה</ManufacturerName><ManufactureCountry>ישראל</ManufactureCountry><ManufacturerItemDescription>דנונה 200 -0% גרם</ManufacturerItemDescription><SoldByWeight/><Quantity>200.00</Quantity><UnitOfMeasure>גרם     </UnitOfMeasure><QtyInPackage>לא ידוע</QtyInPackage><UnitOfMeasurePrice>0.0200</UnitOfMeasurePrice><AllowDiscount>1</AllowDiscount><ItemStatus>1</ItemStatus><ItemPrice>4.00</ItemPrice></item><item><PriceUpdateDate>2016-02-11 08:21:16</PriceUpdateDate><ItemCode>7290002824640</ItemCode><ItemType>1</ItemType><ItemName>גבינת סקי 5% 250 גרם</ItemName><ManufacturerName>שטראוס</ManufacturerName><ManufactureCountry>ישראל</ManufactureCountry><ManufacturerItemDescription>גבינה סקי 250 5% גר   .פי</ManufacturerItemDescription><SoldByWeight/><Quantity>250.00</Quantity><UnitOfMeasure>גרם     </UnitOfMeasure><QtyInPackage>לא ידוע</QtyInPackage><UnitOfMeasurePrice>0.0184</UnitOfMeasurePrice><AllowDiscount>1</AllowDiscount><ItemStatus>1</ItemStatus><ItemPrice>4.60</ItemPrice></item><item><PriceUpdateDate>2016-08-02 07:35:08</PriceUpdateDate><ItemCode>7290002825722</ItemCode><ItemType>1</ItemType><ItemName>סלט כרוב אדום אחלה 5</ItemName><ManufacturerName>אחלה</ManufacturerName><ManufactureCountry>ישראל</ManufactureCountry><ManufacturerItemDescription>סלט 500כרוב אדום אחלה</ManufacturerItemDescription><SoldByWeight/><Quantity>500.00</Quantity><UnitOfMeasure>גרם     </UnitOfMeasure><QtyInPackage>לא ידוע</QtyInPackage><UnitOfMeasurePrice>0.0298</UnitOfMeasurePrice><AllowDiscount>1</AllowDiscount><ItemStatus>1</ItemStatus><ItemPrice>14.90</ItemPrice></item><item><PriceUpdateDate>2015-10-22 10:37:19</PriceUpdateDate><ItemCode>7290002830184</ItemCode><ItemType>3</ItemType><ItemName>פילה לברק</ItemName><ManufacturerName>דלידג</ManufacturerName><ManufactureCountry>ישראל</ManufactureCountry><ManufacturerItemDescription>פילה לברק</ManufacturerItemDescription><SoldByWeight/><Quantity>1.00</Quantity><UnitOfMeasure>ק"ג</UnitOfMeasure><QtyInPackage>לא ידוע</QtyInPackage><UnitOfMeasurePrice>50.9000</UnitOfMeasurePrice><AllowDiscount>1</AllowDiscount><ItemStatus>1</ItemStatus><ItemPrice>50.90</ItemPrice></item><item><PriceUpdateDate>2016-05-01 08:13:25</PriceUpdateDate><ItemCode>7290002830207</ItemCode><ItemType>1</ItemType><ItemName>גפילטע פיש דלידג 520</ItemName><ManufacturerName>לא ממותג</ManufacturerName><ManufactureCountry>ישראל</ManufactureCountry><ManufacturerItemDescription>גפילטע פיש בצנצנת 520 גרם</ManufacturerItemDescription><SoldByWeight/><Quantity>520.00</Quantity><UnitOfMeasure>גרם     </UnitOfMeasure><QtyInPackage>לא ידוע</QtyInPackage><UnitOfMeasurePrice>0.0306</UnitOfMeasurePrice><AllowDiscount>0</AllowDiscount><ItemStatus>1</ItemStatus><ItemPrice>15.90</ItemPrice></item><item><PriceUpdateDate>2016-06-28 09:28:59</PriceUpdateDate><ItemCode>7290002830948</ItemCode><ItemType>1</ItemType><ItemName>מון בלאן עיזים 120 ג</ItemName><ManufacturerName>מון בלאן</ManufacturerName><ManufactureCountry>ישראל</ManufactureCountry><ManufacturerItemDescription>גבינה מון בלאן עיזים 120</ManufacturerItemDescription><SoldByWeight/><Quantity>120.00</Quantity><UnitOfMeasure>גרם     </UnitOfMeasure><QtyInPackage>לא ידוע</QtyInPackage><UnitOfMeasurePrice>0.1208</UnitOfMeasurePrice><AllowDiscount>1</AllowDiscount><ItemStatus>1</ItemStatus><ItemPrice>14.50</ItemPrice></item><item><PriceUpdateDate>2016-08-03 11:58:28</PriceUpdateDate><ItemCode>7290002833525</ItemCode><ItemType>1</ItemType><ItemName>ס.מרלבורו רד קצר בוק</ItemName><ManufacturerName>מרלבורו</ManufacturerName><ManufactureCountry>ישראל</ManufactureCountry><ManufacturerItemDescription>ס.מרלבורו רד קצר בוק</ManufacturerItemDescription><SoldByWeight/><Quantity>0.00</Quantity><UnitOfMeasure>יח'</UnitOfMeasure><QtyInPackage>לא ידוע</QtyInPackage><UnitOfMeasurePrice>0.0000</UnitOfMeasurePrice><AllowDiscount>1</AllowDiscount><ItemStatus>1</ItemStatus><ItemPrice>33.90</ItemPrice></item><item><PriceUpdateDate>2016-08-03 11:58:28</PriceUpdateDate><ItemCode>7290002852724</ItemCode><ItemType>1</ItemType><ItemName>ס.אל אם בלו קצר בודד</ItemName><ManufacturerName>אל אם</ManufacturerName><ManufactureCountry>ישראל</ManufactureCountry><ManufacturerItemDescription>ס.אל אם בלו קצר בודד</ManufacturerItemDescription><SoldByWeight/><Quantity>0.00</Quantity><UnitOfMeasure>יח'</UnitOfMeasure><QtyInPackage>לא ידוע</QtyInPackage><UnitOfMeasurePrice>0.0000</UnitOfMeasurePrice><AllowDiscount>1</AllowDiscount><ItemStatus>1</ItemStatus><ItemPrice>30.50</ItemPrice></item><item><PriceUpdateDate>2016-08-03 11:58:28</PriceUpdateDate><ItemCode>7290002854528</ItemCode><ItemType>1</ItemType><ItemName>ס.אל אם רד קצר בודד</ItemName><ManufacturerName>אל אם</ManufacturerName><ManufactureCountry>ישראל</ManufactureCountry><ManufacturerItemDescription>ס.אל אם רד קצר בודד</ManufacturerItemDescription><SoldByWeight/><Quantity>0.00</Quantity><UnitOfMeasure>יח'</UnitOfMeasure><QtyInPackage>לא ידוע</QtyInPackage><UnitOfMeasurePrice>0.0000</UnitOfMeasurePrice><AllowDiscount>1</AllowDiscount><ItemStatus>1</ItemStatus><ItemPrice>30.50</ItemPrice></item><item><PriceUpdateDate>2016-03-18 09:09:02</PriceUpdateDate><ItemCode>7290002866909</ItemCode><ItemType>3</ItemType><ItemName>דג סול ארוז</ItemName><ManufacturerName>דלידג</ManufacturerName><ManufactureCountry>לא ידוע</ManufactureCountry><ManufacturerItemDescription>דג סול ארוז</ManufacturerItemDescription><SoldByWeight/><Quantity>1.00</Quantity><UnitOfMeasure>ק"ג</UnitOfMeasure><QtyInPackage>לא ידוע</QtyInPackage><UnitOfMeasurePrice>22.9000</UnitOfMeasurePrice><AllowDiscount>1</AllowDiscount><ItemStatus>1</ItemStatus><ItemPrice>22.90</ItemPrice></item><item><PriceUpdateDate>2015-10-22 10:37:19</PriceUpdateDate><ItemCode>7290002868446</ItemCode><ItemType>1</ItemType><ItemName>גבינה מותכת למריחה 1</ItemName><ManufacturerName>טרה</ManufacturerName><ManufactureCountry>ישראל</ManufactureCountry><ManufacturerItemDescription>גבינה מותכת למריחה 1</ManufacturerItemDescription><SoldByWeight/><Quantity>100.00</Quantity><UnitOfMeasure>גרם     </UnitOfMeasure><QtyInPackage>לא ידוע</QtyInPackage><UnitOfMeasurePrice>0.0710</UnitOfMeasurePrice><AllowDiscount>1</AllowDiscount><ItemStatus>1</ItemStatus><ItemPrice>7.10</ItemPrice></item><item><PriceUpdateDate>2015-11-18 14:01:17</PriceUpdateDate><ItemCode>7290002868996</ItemCode><ItemType>1</ItemType><ItemName>קוטג' 5% טרה 250 גרם</ItemName><ManufacturerName>טרה</ManufacturerName><ManufactureCountry>ישראל</ManufactureCountry><ManufacturerItemDescription>קוטג מועשר 250 5% גרם</ManufacturerItemDescription><SoldByWeight/><Quantity>250.00</Quantity><UnitOfMeasure>גרם     </UnitOfMeasure><QtyInPackage>לא ידוע</QtyInPackage><UnitOfMeasurePrice>0.0228</UnitOfMeasurePrice><AllowDiscount>1</AllowDiscount><ItemStatus>1</ItemStatus><ItemPrice>5.70</ItemPrice></item><item><PriceUpdateDate>2015-11-24 11:09:37</PriceUpdateDate><ItemCode>7290002871248</ItemCode><ItemType>1</ItemType><ItemName>בירה טובורג בקבוק חו</ItemName><ManufacturerName>טובורג רד</ManufacturerName><ManufactureCountry>ישראל</ManufactureCountry><ManufacturerItemDescription>בירה טובורג0.5 ל.בקבוק חו</ManufacturerItemDescription><SoldByWeight/><Quantity>500.00</Quantity><UnitOfMeasure>מ"ל</UnitOfMeasure><QtyInPackage>לא ידוע</QtyInPackage><UnitOfMeasurePrice>0.0170</UnitOfMeasurePrice><AllowDiscount>1</AllowDiscount><ItemStatus>1</ItemStatus><ItemPrice>8.50</ItemPrice></item><item><PriceUpdateDate>2016-05-31 07:02:33</PriceUpdateDate><ItemCode>7290002871446</ItemCode><ItemType>1</ItemType><ItemName>מיץ פריגת ענבים 1.5</ItemName><ManufacturerName>פריגת</ManufacturerName><ManufactureCountry>ישראל</ManufactureCountry><ManufacturerItemDescription>משקל פריגת ענבים</ManufacturerItemDescription><SoldByWeight/><Quantity>1500.00</Quantity><UnitOfMeasure>מ"ל</UnitOfMeasure><QtyInPackage>לא ידוע</QtyInPackage><UnitOfMeasurePrice>0.0045</UnitOfMeasurePrice><AllowDiscount>0</AllowDiscount><ItemStatus>1</ItemStatus><ItemPrice>6.80</ItemPrice></item><item><PriceUpdateDate>2016-05-31 07:02:33</PriceUpdateDate><ItemCode>7290002871460</ItemCode><ItemType>1</ItemType><ItemName>מיץ פריגת תפוזים 1.5</ItemName><ManufacturerName>פריגת</ManufacturerName><ManufactureCountry>ישראל</ManufactureCountry><ManufacturerItemDescription>משקל פריגת תפוזים</ManufacturerItemDescription><SoldByWeight/><Quantity>1500.00</Quantity><UnitOfMeasure>מ"ל</UnitOfMeasure><QtyInPackage>לא ידוע</QtyInPackage><UnitOfMeasurePrice>0.0045</UnitOfMeasurePrice><AllowDiscount>0</AllowDiscount><ItemStatus>1</ItemStatus><ItemPrice>6.80</ItemPrice></item><item><PriceUpdateDate>2016-05-31 07:02:33</PriceUpdateDate><ItemCode>7290002871477</ItemCode><ItemType>1</ItemType><ItemName>מיץ פריגת אשכוליות 1</ItemName><ManufacturerName>פריגת</ManufacturerName><ManufactureCountry>ישראל</ManufactureCountry><ManufacturerItemDescription>משקל פריגת אשכוליות</ManufacturerItemDescription><SoldByWeight/><Quantity>1500.00</Quantity><UnitOfMeasure>מ"ל</UnitOfMeasure><QtyInPackage>לא ידוע</QtyInPackage><UnitOfMeasurePrice>0.0045</UnitOfMeasurePrice><AllowDiscount>0</AllowDiscount><ItemStatus>1</ItemStatus><ItemPrice>6.80</ItemPrice></item><item><PriceUpdateDate>2016-05-31 07:02:34</PriceUpdateDate><ItemCode>7290002871491</ItemCode><ItemType>1</ItemType><ItemName>מיץ פריגת אשכוליות</ItemName><ManufacturerName>פריגת</ManufacturerName><ManufactureCountry>ישראל</ManufactureCountry><ManufacturerItemDescription>משקל פריגת דיאט אשכוליות</ManufacturerItemDescription><SoldByWeight/><Quantity>1500.00</Quantity><UnitOfMeasure>מ"ל</UnitOfMeasure><QtyInPackage>לא ידוע</QtyInPackage><UnitOfMeasurePrice>0.0045</UnitOfMeasurePrice><AllowDiscount>0</AllowDiscount><ItemStatus>1</ItemStatus><ItemPrice>6.80</ItemPrice></item><item><PriceUpdateDate>2016-01-10 12:59:32</PriceUpdateDate><ItemCode>7290002881230</ItemCode><ItemType>1</ItemType><ItemName>לפתן אננס חתוך 825 ג</ItemName><ManufacturerName>לא ידוע</ManufacturerName><ManufactureCountry>ישראל</ManufactureCountry><ManufacturerItemDescription>לפתן אננס חתוך 825 ג</ManufacturerItemDescription><SoldByWeight/><Quantity>490.00</Quantity><UnitOfMeasure>גרם     </UnitOfMeasure><QtyInPackage>לא ידוע</QtyInPackage><UnitOfMeasurePrice>0.0167</UnitOfMeasurePrice><AllowDiscount>1</AllowDiscount><ItemStatus>1</ItemStatus><ItemPrice>8.20</ItemPrice></item><item><PriceUpdateDate>2015-11-18 13:58:57</PriceUpdateDate><ItemCode>7290002881414</ItemCode><ItemType>1</ItemType><ItemName>איטריות נודלס עבה  4</ItemName><ManufacturerName>לא ממותג</ManufacturerName><ManufactureCountry>ישראל</ManufactureCountry><ManufacturerItemDescription>איטריות נודלס עבה  4</ManufacturerItemDescription><SoldByWeight/><Quantity>400.00</Quantity><UnitOfMeasure>גרם     </UnitOfMeasure><QtyInPackage>לא ידוע</QtyInPackage><UnitOfMeasurePrice>0.0163</UnitOfMeasurePrice><AllowDiscount>1</AllowDiscount><ItemStatus>1</ItemStatus><ItemPrice>6.50</ItemPrice></item><item><PriceUpdateDate>2016-08-02 07:39:19</PriceUpdateDate><ItemCode>7290002881506</ItemCode><ItemType>1</ItemType><ItemName>מב חמאת בוטנים רגיל</ItemName><ManufacturerName>תומר</ManufacturerName><ManufactureCountry>ישראל</ManufactureCountry><ManufacturerItemDescription>מב חמאת בוטנים רגיל</ManufacturerItemDescription><SoldByWeight/><Quantity>510.00</Quantity><UnitOfMeasure>גרם     </UnitOfMeasure><QtyInPackage>לא ידוע</QtyInPackage><UnitOfMeasurePrice>0.0233</UnitOfMeasurePrice><AllowDiscount>1</AllowDiscount><ItemStatus>1</ItemStatus><ItemPrice>11.90</ItemPrice></item><item><PriceUpdateDate>2016-08-02 07:39:19</PriceUpdateDate><ItemCode>7290002881513</ItemCode><ItemType>1</ItemType><ItemName>מב חמאת בוטנים עם שב</ItemName><ManufacturerName>תומר</ManufacturerName><ManufactureCountry>ישראל</ManufactureCountry><ManufacturerItemDescription>מב חמאת בוטנים עם שב</ManufacturerItemDescription><SoldByWeight/><Quantity>510.00</Quantity><UnitOfMeasure>גרם     </UnitOfMeasure><QtyInPackage>לא ידוע</QtyInPackage><UnitOfMeasurePrice>0.0233</UnitOfMeasurePrice><AllowDiscount>1</AllowDiscount><ItemStatus>1</ItemStatus><ItemPrice>11.90</ItemPrice></item><item><PriceUpdateDate>2016-06-28 09:29:00</PriceUpdateDate><ItemCode>7290002881551</ItemCode><ItemType>1</ItemType><ItemName>עלי גפן ממולאים 400</ItemName><ManufacturerName>תומר</ManufacturerName><ManufactureCountry>ישראל</ManufactureCountry><ManufacturerItemDescription>עלי גפן ממולאים 400</ManufacturerItemDescription><SoldByWeight/><Quantity>360.00</Quantity><UnitOfMeasure>גרם     </UnitOfMeasure><QtyInPackage>לא ידוע</QtyInPackage><UnitOfMeasurePrice>0.0294</UnitOfMeasurePrice><AllowDiscount>1</AllowDiscount><ItemStatus>1</ItemStatus><ItemPrice>10.60</ItemPrice></item><item><PriceUpdateDate>2015-11-18 13:58:57</PriceUpdateDate><ItemCode>7290002881575</ItemCode><ItemType>1</ItemType><ItemName>עלי גפן צינצנת 400 ג</ItemName><ManufacturerName>לא ידוע</ManufacturerName><ManufactureCountry>ישראל</ManufactureCountry><ManufacturerItemDescription>עלי גפן צינצנת 400 ג</ManufacturerItemDescription><SoldByWeight/><Quantity>250.00</Quantity><UnitOfMeasure>גרם     </UnitOfMeasure><QtyInPackage>לא ידוע</QtyInPackage><UnitOfMeasurePrice>0.0460</UnitOfMeasurePrice><AllowDiscount>1</AllowDiscount><ItemStatus>1</ItemStatus><ItemPrice>11.50</ItemPrice></item><item><PriceUpdateDate>2016-03-17 09:36:51</PriceUpdateDate><ItemCode>7290002881766</ItemCode><ItemType>1</ItemType><ItemName>פטריות חתוכות שלישיי</ItemName><ManufacturerName>תומר</ManufacturerName><ManufactureCountry>ישראל</ManufactureCountry><ManufacturerItemDescription>פטריות חתוכות שלישיי</ManufacturerItemDescription><SoldByWeight/><Quantity>870.00</Quantity><UnitOfMeasure>גרם     </UnitOfMeasure><QtyInPackage>לא ידוע</QtyInPackage><UnitOfMeasurePrice>0.0125</UnitOfMeasurePrice><AllowDiscount>1</AllowDiscount><ItemStatus>1</ItemStatus><ItemPrice>10.90</ItemPrice></item><item><PriceUpdateDate>2016-08-10 08:23:46</PriceUpdateDate><ItemCode>7290002881865</ItemCode><ItemType>1</ItemType><ItemName>פטריות חתוך 8 אונס 4</ItemName><ManufacturerName>תומר</ManufacturerName><ManufactureCountry>ישראל</ManufactureCountry><ManufacturerItemDescription>פטריות חתוך 8 אונס 4</ManufacturerItemDescription><SoldByWeight/><Quantity>230.00</Quantity><UnitOfMeasure>גרם     </UnitOfMeasure><QtyInPackage>לא ידוע</QtyInPackage><UnitOfMeasurePrice>0.0257</UnitOfMeasurePrice><AllowDiscount>1</AllowDiscount><ItemStatus>1</ItemStatus><ItemPrice>5.90</ItemPrice></item><item><PriceUpdateDate>2016-08-03 11:58:28</PriceUpdateDate><ItemCode>7290002881920</ItemCode><ItemType>1</ItemType><ItemName>ס.מרלבורו גולד ארוך</ItemName><ManufacturerName>מרלבורו</ManufacturerName><ManufactureCountry>ישראל</ManufactureCountry><ManufacturerItemDescription>ס.מרלבורו גולד ארוך</ManufacturerItemDescription><SoldByWeight/><Quantity>0.00</Quantity><UnitOfMeasure>יח'</UnitOfMeasure><QtyInPackage>לא ידוע</QtyInPackage><UnitOfMeasurePrice>0.0000</UnitOfMeasurePrice><AllowDiscount>1</AllowDiscount><ItemStatus>1</ItemStatus><ItemPrice>33.90</ItemPrice></item><item><PriceUpdateDate>2016-08-03 11:58:28</PriceUpdateDate><ItemCode>7290002886925</ItemCode><ItemType>1</ItemType><ItemName>ס.מרלבורו גולד קצר ב</ItemName><ManufacturerName>מרלבורו</ManufacturerName><ManufactureCountry>ישראל</ManufactureCountry><ManufacturerItemDescription>ס.מרלבורו גולד קצר ב</ManufacturerItemDescription><SoldByWeight/><Quantity>0.00</Quantity><UnitOfMeasure>יח'</UnitOfMeasure><QtyInPackage>לא ידוע</QtyInPackage><UnitOfMeasurePrice>0.0000</UnitOfMeasurePrice><AllowDiscount>1</AllowDiscount><ItemStatus>1</ItemStatus><ItemPrice>33.90</ItemPrice></item><item><PriceUpdateDate>2016-06-28 09:29:00</PriceUpdateDate><ItemCode>7290002900092</ItemCode><ItemType>1</ItemType><ItemName>סטייק בורגר 400 גרם</ItemName><ManufacturerName>טירת צבי</ManufacturerName><ManufactureCountry>ישראל</ManufactureCountry><ManufacturerItemDescription>סטייק בורגר 400 גרם</ManufacturerItemDescription><SoldByWeight/><Quantity>400.00</Quantity><UnitOfMeasure>גרם     </UnitOfMeasure><QtyInPackage>לא ידוע</QtyInPackage><UnitOfMeasurePrice>0.0592</UnitOfMeasurePrice><AllowDiscount>1</AllowDiscount><ItemStatus>1</ItemStatus><ItemPrice>23.70</ItemPrice></item><item><PriceUpdateDate>2016-06-28 09:29:00</PriceUpdateDate><ItemCode>7290002900214</ItemCode><ItemType>1</ItemType><ItemName>קבב מזרחי טירת צבי 4</ItemName><ManufacturerName>טירת צבי</ManufacturerName><ManufactureCountry>ישראל</ManufactureCountry><ManufacturerItemDescription>קבב מזרחי טירת צבי 4</ManufacturerItemDescription><SoldByWeight/><Quantity>450.00</Quantity><UnitOfMeasure>גרם     </UnitOfMeasure><QtyInPackage>לא ידוע</QtyInPackage><UnitOfMeasurePrice>0.0527</UnitOfMeasurePrice><AllowDiscount>1</AllowDiscount><ItemStatus>1</ItemStatus><ItemPrice>23.70</ItemPrice></item><item><PriceUpdateDate>2014-11-10 06:30:09</PriceUpdateDate><ItemCode>7290002920168</ItemCode><ItemType>3</ItemType><ItemName>גבינת רולדה עיזים טב</ItemName><ManufacturerName>גד</ManufacturerName><ManufactureCountry>ישראל</ManufactureCountry><ManufacturerItemDescription>גבינת רולדה עיזים טב</ManufacturerItemDescription><SoldByWeight/><Quantity>1.00</Quantity><UnitOfMeasure>ק"ג</UnitOfMeasure><QtyInPackage>לא ידוע</QtyInPackage><UnitOfMeasurePrice>141.0000</UnitOfMeasurePrice><AllowDiscount>1</AllowDiscount><ItemStatus>1</ItemStatus><ItemPrice>141.00</ItemPrice></item><item><PriceUpdateDate>2016-06-16 13:18:04</PriceUpdateDate><ItemCode>7290002920311</ItemCode><ItemType>3</ItemType><ItemName>גבינת ברי עיזים גד ב</ItemName><ManufacturerName>גד</ManufacturerName><ManufactureCountry>ישראל</ManufactureCountry><ManufacturerItemDescription>גבינת ברי עיזים גד ב</ManufacturerItemDescription><SoldByWeight/><Quantity>1.00</Quantity><UnitOfMeasure>ק"ג</UnitOfMeasure><QtyInPackage>לא ידוע</QtyInPackage><UnitOfMeasurePrice>129.0000</UnitOfMeasurePrice><AllowDiscount>1</AllowDiscount><ItemStatus>1</ItemStatus><ItemPrice>129.00</ItemPrice></item><item><PriceUpdateDate>2016-05-31 06:55:24</PriceUpdateDate><ItemCode>7290002929642</ItemCode><ItemType>1</ItemType><ItemName>רביעיית טונה ויליגר</ItemName><ManufacturerName>ויליגר</ManufacturerName><ManufactureCountry>ישראל</ManufactureCountry><ManufacturerItemDescription>רביעיית טונה ויליגר</ManufacturerItemDescription><SoldByWeight/><Quantity>560.00</Quantity><UnitOfMeasure>גרם     </UnitOfMeasure><QtyInPackage>לא ידוע</QtyInPackage><UnitOfMeasurePrice>0.0462</UnitOfMeasurePrice><AllowDiscount>1</AllowDiscount><ItemStatus>1</ItemStatus><ItemPrice>25.90</ItemPrice></item><item><PriceUpdateDate>2014-11-10 06:30:33</PriceUpdateDate><ItemCode>7290002939450</ItemCode><ItemType>1</ItemType><ItemName>שניצל אמריקאי עטרה 6</ItemName><ManufacturerName>עטרה</ManufacturerName><ManufactureCountry>ישראל</ManufactureCountry><ManufacturerItemDescription>שניצל אמריקאי עטרה 6</ManufacturerItemDescription><SoldByWeight/><Quantity>600.00</Quantity><UnitOfMeasure>גרם     </UnitOfMeasure><QtyInPackage>לא ידוע</QtyInPackage><UnitOfMeasurePrice>0.0367</UnitOfMeasurePrice><AllowDiscount>1</AllowDiscount><ItemStatus>1</ItemStatus><ItemPrice>22.00</ItemPrice></item><item><PriceUpdateDate>2016-01-04 21:06:16</PriceUpdateDate><ItemCode>7290002986683</ItemCode><ItemType>1</ItemType><ItemName>עוגיות פריכות גרנולה</ItemName><ManufacturerName>גטניו</ManufacturerName><ManufactureCountry>ישראל</ManufactureCountry><ManufacturerItemDescription>עוגיות פריכות גרנולה</ManufacturerItemDescription><SoldByWeight/><Quantity>225.00</Quantity><UnitOfMeasure>גרם     </UnitOfMeasure><QtyInPackage>לא ידוע</QtyInPackage><UnitOfMeasurePrice>0.0351</UnitOfMeasurePrice><AllowDiscount>1</AllowDiscount><ItemStatus>1</ItemStatus><ItemPrice>7.90</ItemPrice></item><item><PriceUpdateDate>2016-05-16 10:08:42</PriceUpdateDate><ItemCode>7290002987963</ItemCode><ItemType>1</ItemType><ItemName>חומוס אחלה 1 ק''ג</ItemName><ManufacturerName>אחלה</ManufacturerName><ManufactureCountry>ישראל</ManufactureCountry><ManufacturerItemDescription>סלט 1000חומוס אחלה</ManufacturerItemDescription><SoldByWeight/><Quantity>1000.00</Quantity><UnitOfMeasure>גרם     </UnitOfMeasure><QtyInPackage>לא ידוע</QtyInPackage><UnitOfMeasurePrice>0.0159</UnitOfMeasurePrice><AllowDiscount>1</AllowDiscount><ItemStatus>1</ItemStatus><ItemPrice>15.90</ItemPrice></item><item><PriceUpdateDate>2016-03-01 06:13:24</PriceUpdateDate><ItemCode>7290003009145</ItemCode><ItemType>1</ItemType><ItemName>סירופ פריגתענבים 750</ItemName><ManufacturerName>פריגת</ManufacturerName><ManufactureCountry>ישראל</ManufactureCountry><ManufacturerItemDescription>סירופ פריגתענבים 750</ManufacturerItemDescription><SoldByWeight/><Quantity>750.00</Quantity><UnitOfMeasure>מ"ל</UnitOfMeasure><QtyInPackage>לא ידוע</QtyInPackage><UnitOfMeasurePrice>0.0185</UnitOfMeasurePrice><AllowDiscount>1</AllowDiscount><ItemStatus>1</ItemStatus><ItemPrice>13.90</ItemPrice></item><item><PriceUpdateDate>2015-11-17 14:08:23</PriceUpdateDate><ItemCode>7290003009329</ItemCode><ItemType>1</ItemType><ItemName>בוטן אמריקאי גת שקית</ItemName><ManufacturerName>ליימן חטיבת המותגים</ManufacturerName><ManufactureCountry>ישראל</ManufactureCountry><ManufacturerItemDescription>בוטן אמריקאי מצופה 200 גר</ManufacturerItemDescription><SoldByWeight/><Quantity>200.00</Quantity><UnitOfMeasure>גרם     </UnitOfMeasure><QtyInPackage>לא ידוע</QtyInPackage><UnitOfMeasurePrice>0.0380</UnitOfMeasurePrice><AllowDiscount>0</AllowDiscount><ItemStatus>1</ItemStatus><ItemPrice>7.60</ItemPrice></item><item><PriceUpdateDate>2015-11-17 14:08:23</PriceUpdateDate><ItemCode>7290003009336</ItemCode><ItemType>1</ItemType><ItemName>קבוקים גת שקית 200 ג</ItemName><ManufacturerName>ליימן חטיבת המותגים</ManufacturerName><ManufactureCountry>ישראל</ManufactureCountry><ManufacturerItemDescription>קבוקים מצופים 200 גרם</ManufacturerItemDescription><SoldByWeight/><Quantity>200.00</Quantity><UnitOfMeasure>גרם     </UnitOfMeasure><QtyInPackage>לא ידוע</QtyInPackage><UnitOfMeasurePrice>0.0380</UnitOfMeasurePrice><AllowDiscount>0</AllowDiscount><ItemStatus>1</ItemStatus><ItemPrice>7.60</ItemPrice></item><item><PriceUpdateDate>2016-05-31 07:02:34</PriceUpdateDate><ItemCode>7290003023165</ItemCode><ItemType>1</ItemType><ItemName>שוקו כד 1.5% יטבתה 2</ItemName><ManufacturerName>יטבתה</ManufacturerName><ManufactureCountry>ישראל</ManufactureCountry><ManufacturerItemDescription>שוקו2 ל.בכד פלסטיק</ManufacturerItemDescription><SoldByWeight/><Quantity>2000.00</Quantity><UnitOfMeasure>מ"ל</UnitOfMeasure><QtyInPackage>לא ידוע</QtyInPackage><UnitOfMeasurePrice>0.0099</UnitOfMeasurePrice><AllowDiscount>1</AllowDiscount><ItemStatus>1</ItemStatus><ItemPrice>19.90</ItemPrice></item><item><PriceUpdateDate>2015-11-18 13:58:59</PriceUpdateDate><ItemCode>7290003023196</ItemCode><ItemType>1</ItemType><ItemName>מוקה שקית 225 מ''ל</ItemName><ManufacturerName>יטבתה</ManufacturerName><ManufactureCountry>ישראל</ManufactureCountry><ManufacturerItemDescription>מוקה שקית 225 מ''ל</ManufacturerItemDescription><SoldByWeight/><Quantity>225.00</Quantity><UnitOfMeasure>מ"ל</UnitOfMeasure><QtyInPackage>לא ידוע</QtyInPackage><UnitOfMeasurePrice>0.0124</UnitOfMeasurePrice><AllowDiscount>1</AllowDiscount><ItemStatus>1</ItemStatus><ItemPrice>2.80</ItemPrice></item><item><PriceUpdateDate>2016-08-02 07:39:19</PriceUpdateDate><ItemCode>7290003026036</ItemCode><ItemType>1</ItemType><ItemName>מב סבון נוזלי קמיל ב</ItemName><ManufacturerName>לא ידוע</ManufacturerName><ManufactureCountry>ישראל</ManufactureCountry><ManufacturerItemDescription>מב סבון נוזלי קמיל ב</ManufacturerItemDescription><SoldByWeight/><Quantity>1000.00</Quantity><UnitOfMeasure>מ"ל</UnitOfMeasure><QtyInPackage>לא ידוע</QtyInPackage><UnitOfMeasurePrice>0.0219</UnitOfMeasurePrice><AllowDiscount>1</AllowDiscount><ItemStatus>1</ItemStatus><ItemPrice>21.90</ItemPrice></item><item><PriceUpdateDate>2016-08-02 07:35:09</PriceUpdateDate><ItemCode>7290003029181</ItemCode><ItemType>1</ItemType><ItemName>שוקו יטבתה בקבוק 1 ל</ItemName><ManufacturerName>יטבתה</ManufacturerName><ManufactureCountry>ישראל</ManufactureCountry><ManufacturerItemDescription>שוקו יוטבתה1 ל.בקבוק</ManufacturerItemDescription><SoldByWeight/><Quantity>1000.00</Quantity><UnitOfMeasure>מ"ל</UnitOfMeasure><QtyInPackage>לא ידוע</QtyInPackage><UnitOfMeasurePrice>0.0119</UnitOfMeasurePrice><AllowDiscount>1</AllowDiscount><ItemStatus>1</ItemStatus><ItemPrice>11.90</ItemPrice></item><item><PriceUpdateDate>2016-08-02 07:35:09</PriceUpdateDate><ItemCode>7290003029372</ItemCode><ItemType>1</ItemType><ItemName>משקה בננה יטבתה 1 לי</ItemName><ManufacturerName>יטבתה</ManufacturerName><ManufactureCountry>ישראל</ManufactureCountry><ManufacturerItemDescription>משקה חלב בננה 1  ליטר בקב</ManufacturerItemDescription><SoldByWeight/><Quantity>1000.00</Quantity><UnitOfMeasure>מ"ל</UnitOfMeasure><QtyInPackage>לא ידוע</QtyInPackage><UnitOfMeasurePrice>0.0119</UnitOfMeasurePrice><AllowDiscount>1</AllowDiscount><ItemStatus>1</ItemStatus><ItemPrice>11.90</ItemPrice></item><item><PriceUpdateDate>2016-03-17 09:36:52</PriceUpdateDate><ItemCode>7290003029433</ItemCode><ItemType>1</ItemType><ItemName>שוקו יטבתה עם פקק 25</ItemName><ManufacturerName>יטבתה</ManufacturerName><ManufactureCountry>ישראל</ManufactureCountry><ManufacturerItemDescription>שוקו יטבתה ספורטאים 250 מ</ManufacturerItemDescription><SoldByWeight/><Quantity>250.00</Quantity><UnitOfMeasure>מ"ל</UnitOfMeasure><QtyInPackage>לא ידוע</QtyInPackage><UnitOfMeasurePrice>0.0212</UnitOfMeasurePrice><AllowDiscount>1</AllowDiscount><ItemStatus>1</ItemStatus><ItemPrice>5.30</ItemPrice></item><item><PriceUpdateDate>2016-08-02 07:35:09</PriceUpdateDate><ItemCode>7290003029532</ItemCode><ItemType>1</ItemType><ItemName>מוקה יטבתה 1 ליטר</ItemName><ManufacturerName>יטבתה</ManufacturerName><ManufactureCountry>ישראל</ManufactureCountry><ManufacturerItemDescription>מוקה יוטבתה 1 ליטר</ManufacturerItemDescription><SoldByWeight/><Quantity>1000.00</Quantity><UnitOfMeasure>מ"ל</UnitOfMeasure><QtyInPackage>לא ידוע</QtyInPackage><UnitOfMeasurePrice>0.0119</UnitOfMeasurePrice><AllowDiscount>1</AllowDiscount><ItemStatus>1</ItemStatus><ItemPrice>11.90</ItemPrice></item><item><PriceUpdateDate>2014-11-10 06:30:46</PriceUpdateDate><ItemCode>7290003029617</ItemCode><ItemType>1</ItemType><ItemName>שמנת מועשרת 15% יטבת</ItemName><ManufacturerName>יטבתה</ManufacturerName><ManufactureCountry>ישראל</ManufactureCountry><ManufacturerItemDescription>שמנת מועשרת 15% יטבת</ManufacturerItemDescription><SoldByWeight/><Quantity>100.00</Quantity><UnitOfMeasure>מ"ל</UnitOfMeasure><QtyInPackage>לא ידוע</QtyInPackage><UnitOfMeasurePrice>0.0190</UnitOfMeasurePrice><AllowDiscount>1</AllowDiscount><ItemStatus>1</ItemStatus><ItemPrice>1.90</ItemPrice></item><item><PriceUpdateDate>2016-05-31 07:02:34</PriceUpdateDate><ItemCode>7290003029792</ItemCode><ItemType>1</ItemType><ItemName>שוקו בשקית מארז 8* 2</ItemName><ManufacturerName>יטבתה</ManufacturerName><ManufactureCountry>ישראל</ManufactureCountry><ManufacturerItemDescription>מארז שוקו יוטבתה שמיניה</ManufacturerItemDescription><SoldByWeight/><Quantity>1800.00</Quantity><UnitOfMeasure>מ"ל</UnitOfMeasure><QtyInPackage>לא ידוע</QtyInPackage><UnitOfMeasurePrice>0.0110</UnitOfMeasurePrice><AllowDiscount>1</AllowDiscount><ItemStatus>1</ItemStatus><ItemPrice>19.80</ItemPrice></item><item><PriceUpdateDate>2016-06-15 08:32:04</PriceUpdateDate><ItemCode>7290003029815</ItemCode><ItemType>1</ItemType><ItemName>חלב מועשר 3% מהדרין</ItemName><ManufacturerName>יטבתה</ManufacturerName><ManufactureCountry>ישראל</ManufactureCountry><ManufacturerItemDescription>חלב מועשר 2 3% ליטר</ManufacturerItemDescription><SoldByWeight/><Quantity>2000.00</Quantity><UnitOfMeasure>מ"ל</UnitOfMeasure><QtyInPackage>לא ידוע</QtyInPackage><UnitOfMeasurePrice>0.0080</UnitOfMeasurePrice><AllowDiscount>1</AllowDiscount><ItemStatus>1</ItemStatus><ItemPrice>15.90</ItemPrice></item><item><PriceUpdateDate>2016-08-02 07:35:09</PriceUpdateDate><ItemCode>7290003029907</ItemCode><ItemType>1</ItemType><ItemName>אייס קפה יטבתה 1 ליט</ItemName><ManufacturerName>יטבתה</ManufacturerName><ManufactureCountry>ישראל</ManufactureCountry><ManufacturerItemDescription>קפה יטבתה 1 ליטר</ManufacturerItemDescription><SoldByWeight/><Quantity>1000.00</Quantity><UnitOfMeasure>מ"ל</UnitOfMeasure><QtyInPackage>לא ידוע</QtyInPackage><UnitOfMeasurePrice>0.0119</UnitOfMeasurePrice><AllowDiscount>1</AllowDiscount><ItemStatus>1</ItemStatus><ItemPrice>11.90</ItemPrice></item><item><PriceUpdateDate>2015-11-17 14:06:38</PriceUpdateDate><ItemCode>7290003047635</ItemCode><ItemType>1</ItemType><ItemName>תה ליפטון 25 שקיקים</ItemName><ManufacturerName>ליפטון</ManufacturerName><ManufactureCountry>הודו</ManufactureCountry><ManufacturerItemDescription>נשכן            ת נובי</ManufacturerItemDescription><SoldByWeight/><Quantity>50.00</Quantity><UnitOfMeasure>גרם     </UnitOfMeasure><QtyInPackage>לא ידוע</QtyInPackage><UnitOfMeasurePrice>0.1540</UnitOfMeasurePrice><AllowDiscount>1</AllowDiscount><ItemStatus>1</ItemStatus><ItemPrice>7.70</ItemPrice></item><item><PriceUpdateDate>2014-11-10 06:30:38</PriceUpdateDate><ItemCode>7290003067015</ItemCode><ItemType>3</ItemType><ItemName>חציל קלוי על האש</ItemName><ManufacturerName>סלטי שמיר</ManufacturerName><ManufactureCountry>ישראל</ManufactureCountry><ManufacturerItemDescription>חציל קלוי על האש</ManufacturerItemDescription><SoldByWeight/><Quantity>1.00</Quantity><UnitOfMeasure>ק"ג</UnitOfMeasure><QtyInPackage>לא ידוע</QtyInPackage><UnitOfMeasurePrice>46.0000</UnitOfMeasurePrice><AllowDiscount>1</AllowDiscount><ItemStatus>1</ItemStatus><ItemPrice>46.00</ItemPrice></item><item><PriceUpdateDate>2016-03-16 18:08:49</PriceUpdateDate><ItemCode>7290003119110</ItemCode><ItemType>1</ItemType><ItemName>קוקה קולה שישייה. 1.</ItemName><ManufacturerName>קוקה קולה</ManufacturerName><ManufactureCountry>ישראל</ManufactureCountry><ManufacturerItemDescription>קוקה קולה 1.5 ל</ManufacturerItemDescription><SoldByWeight/><Quantity>9000.00</Quantity><UnitOfMeasure>מ"ל</UnitOfMeasure><QtyInPackage>לא ידוע</QtyInPackage><UnitOfMeasurePrice>0.0040</UnitOfMeasurePrice><AllowDiscount>1</AllowDiscount><ItemStatus>1</ItemStatus><ItemPrice>35.90</ItemPrice></item><item><PriceUpdateDate>2014-11-10 06:29:22</PriceUpdateDate><ItemCode>7290003120475</ItemCode><ItemType>1</ItemType><ItemName>בירה מאלטי בקבוק חוז</ItemName><ManufacturerName>מאלטי</ManufacturerName><ManufactureCountry>ישראל</ManufactureCountry><ManufacturerItemDescription>בירה טובורג מאלט0.5 ל.בקב</ManufacturerItemDescription><SoldByWeight/><Quantity>500.00</Quantity><UnitOfMeasure>מ"ל</UnitOfMeasure><QtyInPackage>לא ידוע</QtyInPackage><UnitOfMeasurePrice>0.0094</UnitOfMeasurePrice><AllowDiscount>1</AllowDiscount><ItemStatus>1</ItemStatus><ItemPrice>4.70</ItemPrice></item><item><PriceUpdateDate>2016-08-10 08:23:09</PriceUpdateDate><ItemCode>7290003121083</ItemCode><ItemType>1</ItemType><ItemName>מג'יק אטריות בט. בשר</ItemName><ManufacturerName>מגיק</ManufacturerName><ManufactureCountry>ישראל</ManufactureCountry><ManufacturerItemDescription>מג'יק אטריות בט. בשר</ManufacturerItemDescription><SoldByWeight/><Quantity>14.00</Quantity><UnitOfMeasure>גרם     </UnitOfMeasure><QtyInPackage>לא ידוע</QtyInPackage><UnitOfMeasurePrice>0.2786</UnitOfMeasurePrice><AllowDiscount>1</AllowDiscount><ItemStatus>1</ItemStatus><ItemPrice>3.90</ItemPrice></item><item><PriceUpdateDate>2015-11-17 14:08:23</PriceUpdateDate><ItemCode>7290003140237</ItemCode><ItemType>1</ItemType><ItemName>סילאן לחיץ קליית גת</ItemName><ManufacturerName>קליית גת</ManufacturerName><ManufactureCountry>ישראל</ManufactureCountry><ManufacturerItemDescription>סילאן לחיץ קליית גת</ManufacturerItemDescription><SoldByWeight/><Quantity>360.00</Quantity><UnitOfMeasure>גרם     </UnitOfMeasure><QtyInPackage>לא ידוע</QtyInPackage><UnitOfMeasurePrice>0.0422</UnitOfMeasurePrice><AllowDiscount>1</AllowDiscount><ItemStatus>1</ItemStatus><ItemPrice>15.20</ItemPrice></item><item><PriceUpdateDate>2016-05-16 14:06:45</PriceUpdateDate><ItemCode>7290003143146</ItemCode><ItemType>1</ItemType><ItemName>ממרח תמרים קליית גת</ItemName><ManufacturerName>לא ממותג</ManufacturerName><ManufactureCountry>ישראל</ManufactureCountry><ManufacturerItemDescription>ממרח תמרים קליית גת</ManufacturerItemDescription><SoldByWeight/><Quantity>450.00</Quantity><UnitOfMeasure>גרם     </UnitOfMeasure><QtyInPackage>לא ידוע</QtyInPackage><UnitOfMeasurePrice>0.0167</UnitOfMeasurePrice><AllowDiscount>1</AllowDiscount><ItemStatus>1</ItemStatus><ItemPrice>7.50</ItemPrice></item><item><PriceUpdateDate>2016-07-04 12:08:21</PriceUpdateDate><ItemCode>7290003143276</ItemCode><ItemType>1</ItemType><ItemName>מרשמלו מגולגל יוגטה</ItemName><ManufacturerName>יוגטה</ManufacturerName><ManufactureCountry>ישראל</ManufactureCountry><ManufacturerItemDescription>מרשמלו מגולגל יוגטה</ManufacturerItemDescription><SoldByWeight/><Quantity>180.00</Quantity><UnitOfMeasure>גרם     </UnitOfMeasure><QtyInPackage>לא ידוע</QtyInPackage><UnitOfMeasurePrice>0.0494</UnitOfMeasurePrice><AllowDiscount>1</AllowDiscount><ItemStatus>1</ItemStatus><ItemPrice>8.90</ItemPrice></item><item><PriceUpdateDate>2016-08-02 07:39:20</PriceUpdateDate><ItemCode>7290003143542</ItemCode><ItemType>1</ItemType><ItemName>מב אבקת שוקו צ'וקטה</ItemName><ManufacturerName>שוקולית</ManufacturerName><ManufactureCountry>ישראל</ManufactureCountry><ManufacturerItemDescription>שוקולית עלית 500 גרם</ManufacturerItemDescription><SoldByWeight/><Quantity>400.00</Quantity><UnitOfMeasure>גרם     </UnitOfMeasure><QtyInPackage>לא ידוע</QtyInPackage><UnitOfMeasurePrice>0.0198</UnitOfMeasurePrice><AllowDiscount>1</AllowDiscount><ItemStatus>1</ItemStatus><ItemPrice>7.90</ItemPrice></item><item><PriceUpdateDate>2015-03-06 08:15:24</PriceUpdateDate><ItemCode>7290003143870</ItemCode><ItemType>1</ItemType><ItemName>מטריות שוקולד במארז</ItemName><ManufacturerName>יוגטה</ManufacturerName><ManufactureCountry>ישראל</ManufactureCountry><ManufacturerItemDescription>מטריות שוקולד במארז</ManufacturerItemDescription><SoldByWeight/><Quantity>50.00</Quantity><UnitOfMeasure>גרם     </UnitOfMeasure><QtyInPackage>לא ידוע</QtyInPackage><UnitOfMeasurePrice>0.1980</UnitOfMeasurePrice><AllowDiscount>1</AllowDiscount><ItemStatus>1</ItemStatus><ItemPrice>9.90</ItemPrice></item><item><PriceUpdateDate>2016-05-31 06:55:26</PriceUpdateDate><ItemCode>7290003144020</ItemCode><ItemType>1</ItemType><ItemName>שוקולד צ'וקטה מריר 6</ItemName><ManufacturerName>יוגטה</ManufacturerName><ManufactureCountry>ישראל</ManufactureCountry><ManufacturerItemDescription>שוקולד צ'וקטה מריר 6</ManufacturerItemDescription><SoldByWeight/><Quantity>100.00</Quantity><UnitOfMeasure>גרם     </UnitOfMeasure><QtyInPackage>לא ידוע</QtyInPackage><UnitOfMeasurePrice>0.0590</UnitOfMeasurePrice><AllowDiscount>1</AllowDiscount><ItemStatus>1</ItemStatus><ItemPrice>5.90</ItemPrice></item><item><PriceUpdateDate>2016-06-28 09:29:01</PriceUpdateDate><ItemCode>7290003144068</ItemCode><ItemType>1</ItemType><ItemName>שוקולד מריר 60% מארז</ItemName><ManufacturerName>יוגטה</ManufacturerName><ManufactureCountry>ספרד</ManufactureCountry><ManufacturerItemDescription>טואלט דאק זוג   750*מ"ל</ManufacturerItemDescription><SoldByWeight/><Quantity>300.00</Quantity><UnitOfMeasure>גרם     </UnitOfMeasure><QtyInPackage>לא ידוע</QtyInPackage><UnitOfMeasurePrice>0.0540</UnitOfMeasurePrice><AllowDiscount>1</AllowDiscount><ItemStatus>1</ItemStatus><ItemPrice>16.20</ItemPrice></item><item><PriceUpdateDate>2016-08-02 07:39:20</PriceUpdateDate><ItemCode>7290003144082</ItemCode><ItemType>1</ItemType><ItemName>מב צ'וקטה עוגות אישי</ItemName><ManufacturerName>יוגטה</ManufacturerName><ManufactureCountry>ישראל</ManufactureCountry><ManufacturerItemDescription>מב צ'וקטה עוגות אישי</ManufacturerItemDescription><SoldByWeight/><Quantity>300.00</Quantity><UnitOfMeasure>גרם     </UnitOfMeasure><QtyInPackage>לא ידוע</QtyInPackage><UnitOfMeasurePrice>0.0363</UnitOfMeasurePrice><AllowDiscount>1</AllowDiscount><ItemStatus>1</ItemStatus><ItemPrice>10.90</ItemPrice></item><item><PriceUpdateDate>2016-08-02 07:35:09</PriceUpdateDate><ItemCode>7290003144204</ItemCode><ItemType>1</ItemType><ItemName>צ'וקטה עוגות אישיות</ItemName><ManufacturerName>יוגטה</ManufacturerName><ManufactureCountry>לא ידוע</ManufactureCountry><ManufacturerItemDescription>צ'וקטה עוגות אישיות</ManufacturerItemDescription><SoldByWeight/><Quantity>240.00</Quantity><UnitOfMeasure>גרם     </UnitOfMeasure><QtyInPackage>לא ידוע</QtyInPackage><UnitOfMeasurePrice>0.0663</UnitOfMeasurePrice><AllowDiscount>1</AllowDiscount><ItemStatus>1</ItemStatus><ItemPrice>15.90</ItemPrice></item><item><PriceUpdateDate>2016-08-02 07:39:20</PriceUpdateDate><ItemCode>7290003144310</ItemCode><ItemType>1</ItemType><ItemName>מב תערובת אגוזים וחמ</ItemName><ManufacturerName>קליית גת</ManufacturerName><ManufactureCountry>לא ידוע</ManufactureCountry><ManufacturerItemDescription>מב תערובת אגוזים וחמ</ManufacturerItemDescription><SoldByWeight/><Quantity>150.00</Quantity><UnitOfMeasure>גרם     </UnitOfMeasure><QtyInPackage>לא ידוע</QtyInPackage><UnitOfMeasurePrice>0.0927</UnitOfMeasurePrice><AllowDiscount>1</AllowDiscount><ItemStatus>1</ItemStatus><ItemPrice>13.90</ItemPrice></item><item><PriceUpdateDate>2016-08-02 07:35:09</PriceUpdateDate><ItemCode>7290003144341</ItemCode><ItemType>1</ItemType><ItemName>עוגת צ'וקטה רול קקאו</ItemName><ManufacturerName>יוגטה</ManufacturerName><ManufactureCountry>לא ידוע</ManufactureCountry><ManufacturerItemDescription>עוגת צ'וקטה רול קקאו</ManufacturerItemDescription><SoldByWeight/><Quantity>200.00</Quantity><UnitOfMeasure>גרם     </UnitOfMeasure><QtyInPackage>לא ידוע</QtyInPackage><UnitOfMeasurePrice>0.0395</UnitOfMeasurePrice><AllowDiscount>1</AllowDiscount><ItemStatus>1</ItemStatus><ItemPrice>7.90</ItemPrice></item><item><PriceUpdateDate>2016-08-02 07:35:10</PriceUpdateDate><ItemCode>7290003144426</ItemCode><ItemType>1</ItemType><ItemName>עוגת צ'וקטה רול אגוז</ItemName><ManufacturerName>יוגטה</ManufacturerName><ManufactureCountry>לא ידוע</ManufactureCountry><ManufacturerItemDescription>עוגת צ'וקטה רול אגוז</ManufacturerItemDescription><SoldByWeight/><Quantity>200.00</Quantity><UnitOfMeasure>גרם     </UnitOfMeasure><QtyInPackage>לא ידוע</QtyInPackage><UnitOfMeasurePrice>0.0395</UnitOfMeasurePrice><AllowDiscount>1</AllowDiscount><ItemStatus>1</ItemStatus><ItemPrice>7.90</ItemPrice></item><item><PriceUpdateDate>2016-03-22 11:45:13</PriceUpdateDate><ItemCode>7290003144518</ItemCode><ItemType>1</ItemType><ItemName>בונבוניירה טראפלס קק</ItemName><ManufacturerName>ליימן חטיבת המותגים</ManufacturerName><ManufactureCountry>לא ידוע</ManufactureCountry><ManufacturerItemDescription>בונבוניירה טראפלס קק</ManufacturerItemDescription><SoldByWeight/><Quantity>150.00</Quantity><UnitOfMeasure>גרם     </UnitOfMeasure><QtyInPackage>לא ידוע</QtyInPackage><UnitOfMeasurePrice>0.0667</UnitOfMeasurePrice><AllowDiscount>1</AllowDiscount><ItemStatus>1</ItemStatus><ItemPrice>10.00</ItemPrice></item><item><PriceUpdateDate>2016-06-28 09:29:01</PriceUpdateDate><ItemCode>7290003144617</ItemCode><ItemType>1</ItemType><ItemName>שוקולד חלב מארז 3*10</ItemName><ManufacturerName>יוגטה</ManufacturerName><ManufactureCountry>ספרד</ManufactureCountry><ManufacturerItemDescription>טואלט דאק זוג   750*מ"ל</ManufacturerItemDescription><SoldByWeight/><Quantity>300.00</Quantity><UnitOfMeasure>גרם     </UnitOfMeasure><QtyInPackage>לא ידוע</QtyInPackage><UnitOfMeasurePrice>0.0463</UnitOfMeasurePrice><AllowDiscount>1</AllowDiscount><ItemStatus>1</ItemStatus><ItemPrice>13.90</ItemPrice></item><item><PriceUpdateDate>2016-04-01 08:03:40</PriceUpdateDate><ItemCode>7290003144624</ItemCode><ItemType>1</ItemType><ItemName>מרשמלו תות שדה יוגטה</ItemName><ManufacturerName>יוגטה</ManufacturerName><ManufactureCountry>ישראל</ManufactureCountry><ManufacturerItemDescription>מרשמלו תות שדה יוגטה</ManufacturerItemDescription><SoldByWeight/><Quantity>90.00</Quantity><UnitOfMeasure>גרם     </UnitOfMeasure><QtyInPackage>לא ידוע</QtyInPackage><UnitOfMeasurePrice>0.0556</UnitOfMeasurePrice><AllowDiscount>1</AllowDiscount><ItemStatus>1</ItemStatus><ItemPrice>5.00</ItemPrice></item><item><PriceUpdateDate>2015-10-22 10:37:21</PriceUpdateDate><ItemCode>7290003153831</ItemCode><ItemType>1</ItemType><ItemName>חטיף שוש אפוי 80 גרם</ItemName><ManufacturerName>שוש</ManufacturerName><ManufactureCountry>ישראל</ManufactureCountry><ManufacturerItemDescription>חטיף שוש אפוי 80 גרם</ManufacturerItemDescription><SoldByWeight/><Quantity>80.00</Quantity><UnitOfMeasure>גרם     </UnitOfMeasure><QtyInPackage>לא ידוע</QtyInPackage><UnitOfMeasurePrice>0.0575</UnitOfMeasurePrice><AllowDiscount>1</AllowDiscount><ItemStatus>1</ItemStatus><ItemPrice>4.60</ItemPrice></item><item><PriceUpdateDate>2016-08-02 07:39:21</PriceUpdateDate><ItemCode>7290003185719</ItemCode><ItemType>1</ItemType><ItemName>מב קבב רומני 500 גרם</ItemName><ManufacturerName>טיבון ויל</ManufacturerName><ManufactureCountry>ישראל</ManufactureCountry><ManufacturerItemDescription>קבב רומני500 גר</ManufacturerItemDescription><SoldByWeight/><Quantity>500.00</Quantity><UnitOfMeasure>גרם     </UnitOfMeasure><QtyInPackage>לא ידוע</QtyInPackage><UnitOfMeasurePrice>0.0378</UnitOfMeasurePrice><AllowDiscount>1</AllowDiscount><ItemStatus>1</ItemStatus><ItemPrice>18.90</ItemPrice></item><item><PriceUpdateDate>2016-08-02 07:39:21</PriceUpdateDate><ItemCode>7290003185726</ItemCode><ItemType>1</ItemType><ItemName>מב קבב מזרחי 500 גרם</ItemName><ManufacturerName>טיבון ויל</ManufacturerName><ManufactureCountry>ישראל</ManufactureCountry><ManufacturerItemDescription>קבב מזרחי 500 גר</ManufacturerItemDescription><SoldByWeight/><Quantity>500.00</Quantity><UnitOfMeasure>גרם     </UnitOfMeasure><QtyInPackage>לא ידוע</QtyInPackage><UnitOfMeasurePrice>0.0378</UnitOfMeasurePrice><AllowDiscount>1</AllowDiscount><ItemStatus>1</ItemStatus><ItemPrice>18.90</ItemPrice></item><item><PriceUpdateDate>2015-11-18 13:59:01</PriceUpdateDate><ItemCode>7290003189045</ItemCode><ItemType>3</ItemType><ItemName>כפיר הולנדית 22%</ItemName><ManufacturerName>כפיר</ManufacturerName><ManufactureCountry>ישראל</ManufactureCountry><ManufacturerItemDescription>כפיר הולנדית 22%</ManufacturerItemDescription><SoldByWeight/><Quantity>1.00</Quantity><UnitOfMeasure>ק"ג</UnitOfMeasure><QtyInPackage>לא ידוע</QtyInPackage><UnitOfMeasurePrice>38.8000</UnitOfMeasurePrice><AllowDiscount>1</AllowDiscount><ItemStatus>1</ItemStatus><ItemPrice>38.80</ItemPrice></item><item><PriceUpdateDate>2015-11-18 13:59:01</PriceUpdateDate><ItemCode>7290003189199</ItemCode><ItemType>3</ItemType><ItemName>כפיר מקסיקני חריפה 2</ItemName><ManufacturerName>כפיר</ManufacturerName><ManufactureCountry>ישראל</ManufactureCountry><ManufacturerItemDescription>כפיר מקסיקני חריפה 2</ManufacturerItemDescription><SoldByWeight/><Quantity>1.00</Quantity><UnitOfMeasure>ק"ג</UnitOfMeasure><QtyInPackage>לא ידוע</QtyInPackage><UnitOfMeasurePrice>40.8000</UnitOfMeasurePrice><AllowDiscount>1</AllowDiscount><ItemStatus>1</ItemStatus><ItemPrice>40.80</ItemPrice></item><item><PriceUpdateDate>2015-10-22 10:37:21</PriceUpdateDate><ItemCode>7290003189274</ItemCode><ItemType>3</ItemType><ItemName>כפיר מעושנת 22% נקני</ItemName><ManufacturerName>כפיר</ManufacturerName><ManufactureCountry>ישראל</ManufactureCountry><ManufacturerItemDescription>כפיר מעושנת 22% נקני</ManufacturerItemDescription><SoldByWeight/><Quantity>1.00</Quantity><UnitOfMeasure>ק"ג</UnitOfMeasure><QtyInPackage>לא ידוע</QtyInPackage><UnitOfMeasurePrice>41.0000</UnitOfMeasurePrice><AllowDiscount>1</AllowDiscount><ItemStatus>1</ItemStatus><ItemPrice>41.00</ItemPrice></item><item><PriceUpdateDate>2015-09-21 08:59:31</PriceUpdateDate><ItemCode>7290003189380</ItemCode><ItemType>3</ItemType><ItemName>כפיר שום שמיר 22%</ItemName><ManufacturerName>כפיר</ManufacturerName><ManufactureCountry>ישראל</ManufactureCountry><ManufacturerItemDescription>כפיר שום שמיר 22%</ManufacturerItemDescription><SoldByWeight/><Quantity>1.00</Quantity><UnitOfMeasure>ק"ג</UnitOfMeasure><QtyInPackage>לא ידוע</QtyInPackage><UnitOfMeasurePrice>40.0000</UnitOfMeasurePrice><AllowDiscount>1</AllowDiscount><ItemStatus>1</ItemStatus><ItemPrice>40.00</ItemPrice></item><item><PriceUpdateDate>2015-03-16 08:56:56</PriceUpdateDate><ItemCode>7290003224128</ItemCode><ItemType>1</ItemType><ItemName>כיסוני תפוחי אדמה 80</ItemName><ManufacturerName>מאמא מרי</ManufacturerName><ManufactureCountry>ישראל</ManufactureCountry><ManufacturerItemDescription>כיסוני תפוחי אדמה 80</ManufacturerItemDescription><SoldByWeight/><Quantity>800.00</Quantity><UnitOfMeasure>גרם     </UnitOfMeasure><QtyInPackage>לא ידוע</QtyInPackage><UnitOfMeasurePrice>0.0161</UnitOfMeasurePrice><AllowDiscount>1</AllowDiscount><ItemStatus>1</ItemStatus><ItemPrice>12.90</ItemPrice></item><item><PriceUpdateDate>2015-11-18 13:59:01</PriceUpdateDate><ItemCode>7290003224135</ItemCode><ItemType>1</ItemType><ItemName>כיסוני בשר 800 גרם</ItemName><ManufacturerName>מאמא מרי</ManufacturerName><ManufactureCountry>ישראל</ManufactureCountry><ManufacturerItemDescription>כיסוני בשר 800 גרם</ManufacturerItemDescription><SoldByWeight/><Quantity>800.00</Quantity><UnitOfMeasure>גרם     </UnitOfMeasure><QtyInPackage>לא ידוע</QtyInPackage><UnitOfMeasurePrice>0.0216</UnitOfMeasurePrice><AllowDiscount>1</AllowDiscount><ItemStatus>1</ItemStatus><ItemPrice>17.30</ItemPrice></item><item><PriceUpdateDate>2015-11-18 13:59:01</PriceUpdateDate><ItemCode>7290003224272</ItemCode><ItemType>1</ItemType><ItemName>כיסונים מוסקובסקי 1</ItemName><ManufacturerName>מאמא מרי</ManufacturerName><ManufactureCountry>ישראל</ManufactureCountry><ManufacturerItemDescription>כיסונים מוסקובסקי 1</ManufacturerItemDescription><SoldByWeight/><Quantity>1000.00</Quantity><UnitOfMeasure>גרם     </UnitOfMeasure><QtyInPackage>לא ידוע</QtyInPackage><UnitOfMeasurePrice>0.0234</UnitOfMeasurePrice><AllowDiscount>1</AllowDiscount><ItemStatus>1</ItemStatus><ItemPrice>23.40</ItemPrice></item><item><PriceUpdateDate>2015-11-18 13:59:01</PriceUpdateDate><ItemCode>7290003224456</ItemCode><ItemType>1</ItemType><ItemName>כיסונים בשר סיבירסקי</ItemName><ManufacturerName>מאמא מרי</ManufacturerName><ManufactureCountry>ישראל</ManufactureCountry><ManufacturerItemDescription>כיסונים בשר סיבירסקי</ManufacturerItemDescription><SoldByWeight/><Quantity>1000.00</Quantity><UnitOfMeasure>גרם     </UnitOfMeasure><QtyInPackage>לא ידוע</QtyInPackage><UnitOfMeasurePrice>0.0234</UnitOfMeasurePrice><AllowDiscount>1</AllowDiscount><ItemStatus>1</ItemStatus><ItemPrice>23.40</ItemPrice></item><item><PriceUpdateDate>2016-03-08 12:12:51</PriceUpdateDate><ItemCode>7290003224555</ItemCode><ItemType>1</ItemType><ItemName>פטל אדום קפוא 300 גר</ItemName><ManufacturerName>מאמא מרי</ManufacturerName><ManufactureCountry>ישראל</ManufactureCountry><ManufacturerItemDescription>פטל אדום קפוא 300 גר</ManufacturerItemDescription><SoldByWeight/><Quantity>300.00</Quantity><UnitOfMeasure>גרם     </UnitOfMeasure><QtyInPackage>לא ידוע</QtyInPackage><UnitOfMeasurePrice>0.0630</UnitOfMeasurePrice><AllowDiscount>1</AllowDiscount><ItemStatus>1</ItemStatus><ItemPrice>18.90</ItemPrice></item><item><PriceUpdateDate>2015-03-16 08:56:56</PriceUpdateDate><ItemCode>7290003224654</ItemCode><ItemType>1</ItemType><ItemName>מיקס פירות יער קפוא</ItemName><ManufacturerName>מאמא מרי</ManufacturerName><ManufactureCountry>ישראל</ManufactureCountry><ManufacturerItemDescription>מיקס פירות יער קפוא</ManufacturerItemDescription><SoldByWeight/><Quantity>300.00</Quantity><UnitOfMeasure>גרם     </UnitOfMeasure><QtyInPackage>לא ידוע</QtyInPackage><UnitOfMeasurePrice>0.0363</UnitOfMeasurePrice><AllowDiscount>1</AllowDiscount><ItemStatus>1</ItemStatus><ItemPrice>10.90</ItemPrice></item><item><PriceUpdateDate>2016-08-02 07:39:21</PriceUpdateDate><ItemCode>7290003229109</ItemCode><ItemType>1</ItemType><ItemName>מב פסטרמה בפפריקה 40</ItemName><ManufacturerName>טירת צבי</ManufacturerName><ManufactureCountry>ישראל</ManufactureCountry><ManufacturerItemDescription>פסטרמה בפפריקה 400 גר</ManufacturerItemDescription><SoldByWeight/><Quantity>400.00</Quantity><UnitOfMeasure>גרם     </UnitOfMeasure><QtyInPackage>לא ידוע</QtyInPackage><UnitOfMeasurePrice>0.0672</UnitOfMeasurePrice><AllowDiscount>1</AllowDiscount><ItemStatus>1</ItemStatus><ItemPrice>26.90</ItemPrice></item><item><PriceUpdateDate>2016-08-02 07:39:21</PriceUpdateDate><ItemCode>7290003229116</ItemCode><ItemType>1</ItemType><ItemName>מב פסטרמה בדבש 400 ג</ItemName><ManufacturerName>טירת צבי</ManufacturerName><ManufactureCountry>ישראל</ManufactureCountry><ManufacturerItemDescription>פסטרמה בדבש 400 גר</ManufacturerItemDescription><SoldByWeight/><Quantity>400.00</Quantity><UnitOfMeasure>גרם     </UnitOfMeasure><QtyInPackage>לא ידוע</QtyInPackage><UnitOfMeasurePrice>0.0672</UnitOfMeasurePrice><AllowDiscount>1</AllowDiscount><ItemStatus>1</ItemStatus><ItemPrice>26.90</ItemPrice></item><item><PriceUpdateDate>2016-08-02 07:39:21</PriceUpdateDate><ItemCode>7290003229123</ItemCode><ItemType>1</ItemType><ItemName>מב נקניק פסטרמה על ג</ItemName><ManufacturerName>טירת צבי</ManufacturerName><ManufactureCountry>ישראל</ManufactureCountry><ManufacturerItemDescription>פסטרמה על גחלים 400 גר</ManufacturerItemDescription><SoldByWeight/><Quantity>400.00</Quantity><UnitOfMeasure>גרם     </UnitOfMeasure><QtyInPackage>לא ידוע</QtyInPackage><UnitOfMeasurePrice>0.0672</UnitOfMeasurePrice><AllowDiscount>1</AllowDiscount><ItemStatus>1</ItemStatus><ItemPrice>26.90</ItemPrice></item><item><PriceUpdateDate>2016-08-10 08:23:09</PriceUpdateDate><ItemCode>7290003229192</ItemCode><ItemType>1</ItemType><ItemName>נקניק כתף בקר מעושן</ItemName><ManufacturerName>טירת צבי</ManufacturerName><ManufactureCountry>ישראל</ManufactureCountry><ManufacturerItemDescription>כתף בקר מעושן 400 גר</ManufacturerItemDescription><SoldByWeight/><Quantity>400.00</Quantity><UnitOfMeasure>גרם     </UnitOfMeasure><QtyInPackage>לא ידוע</QtyInPackage><UnitOfMeasurePrice>0.0947</UnitOfMeasurePrice><AllowDiscount>1</AllowDiscount><ItemStatus>1</ItemStatus><ItemPrice>37.90</ItemPrice></item><item><PriceUpdateDate>2015-11-18 13:59:01</PriceUpdateDate><ItemCode>7290003229222</ItemCode><ItemType>1</ItemType><ItemName>סלמי תה משובח 300 גר</ItemName><ManufacturerName>טירת צבי</ManufacturerName><ManufactureCountry>ישראל</ManufactureCountry><ManufacturerItemDescription>סלמי תה משובח 300 גר</ManufacturerItemDescription><SoldByWeight/><Quantity>300.00</Quantity><UnitOfMeasure>גרם     </UnitOfMeasure><QtyInPackage>לא ידוע</QtyInPackage><UnitOfMeasurePrice>0.0817</UnitOfMeasurePrice><AllowDiscount>1</AllowDiscount><ItemStatus>1</ItemStatus><ItemPrice>24.50</ItemPrice></item><item><PriceUpdateDate>2016-03-29 07:04:27</PriceUpdateDate><ItemCode>7290003231607</ItemCode><ItemType>1</ItemType><ItemName>מרכך פינוק בתוספת קר</ItemName><ManufacturerName>פינוק</ManufacturerName><ManufactureCountry>ישראל</ManufactureCountry><ManufacturerItemDescription>מרכך פינוק בתוספת קר</ManufacturerItemDescription><SoldByWeight/><Quantity>700.00</Quantity><UnitOfMeasure>מ"ל</UnitOfMeasure><QtyInPackage>לא ידוע</QtyInPackage><UnitOfMeasurePrice>0.0184</UnitOfMeasurePrice><AllowDiscount>1</AllowDiscount><ItemStatus>1</ItemStatus><ItemPrice>12.90</ItemPrice></item><item><PriceUpdateDate>2016-08-10 08:23:09</PriceUpdateDate><ItemCode>7290003251308</ItemCode><ItemType>1</ItemType><ItemName>אצטון שוורץ 100 סמ"ק</ItemName><ManufacturerName>שוורץ</ManufacturerName><ManufactureCountry>ישראל</ManufactureCountry><ManufacturerItemDescription>אצטון</ManufacturerItemDescription><SoldByWeight/><Quantity>100.00</Quantity><UnitOfMeasure>מ"ל</UnitOfMeasure><QtyInPackage>לא ידוע</QtyInPackage><UnitOfMeasurePrice>0.0490</UnitOfMeasurePrice><AllowDiscount>1</AllowDiscount><ItemStatus>1</ItemStatus><ItemPrice>4.90</ItemPrice></item><item><PriceUpdateDate>2016-08-02 07:35:11</PriceUpdateDate><ItemCode>7290003268252</ItemCode><ItemType>1</ItemType><ItemName>לחם חיטה מלא לילדים</ItemName><ManufacturerName>דגנית עין בר</ManufacturerName><ManufactureCountry>לא ידוע</ManufactureCountry><ManufacturerItemDescription>לחם חיטה מלא לילדים</ManufacturerItemDescription><SoldByWeight/><Quantity>750.00</Quantity><UnitOfMeasure>גרם     </UnitOfMeasure><QtyInPackage>לא ידוע</QtyInPackage><UnitOfMeasurePrice>0.0231</UnitOfMeasurePrice><AllowDiscount>1</AllowDiscount><ItemStatus>1</ItemStatus><ItemPrice>17.30</ItemPrice></item><item><PriceUpdateDate>2016-06-28 09:31:03</PriceUpdateDate><ItemCode>7290003318100</ItemCode><ItemType>1</ItemType><ItemName>וופל מנעמים שוקו 200</ItemName><ManufacturerName>מנעמים</ManufacturerName><ManufactureCountry>ישראל</ManufactureCountry><ManufacturerItemDescription>וופל מנעמים שוקו 200</ManufacturerItemDescription><SoldByWeight/><Quantity>200.00</Quantity><UnitOfMeasure>גרם     </UnitOfMeasure><QtyInPackage>לא ידוע</QtyInPackage><UnitOfMeasurePrice>0.0195</UnitOfMeasurePrice><AllowDiscount>1</AllowDiscount><ItemStatus>1</ItemStatus><ItemPrice>3.90</ItemPrice></item><item><PriceUpdateDate>2016-06-28 09:31:03</PriceUpdateDate><ItemCode>7290003318155</ItemCode><ItemType>1</ItemType><ItemName>וופל מנעמים לימון 20</ItemName><ManufacturerName>מנעמים</ManufacturerName><ManufactureCountry>ישראל</ManufactureCountry><ManufacturerItemDescription>וופל מנעמים לימון 20</ManufacturerItemDescription><SoldByWeight/><Quantity>200.00</Quantity><UnitOfMeasure>גרם     </UnitOfMeasure><QtyInPackage>לא ידוע</QtyInPackage><UnitOfMeasurePrice>0.0195</UnitOfMeasurePrice><AllowDiscount>1</AllowDiscount><ItemStatus>1</ItemStatus><ItemPrice>3.90</ItemPrice></item><item><PriceUpdateDate>2016-06-28 09:31:03</PriceUpdateDate><ItemCode>7290003318599</ItemCode><ItemType>1</ItemType><ItemName>וופל מנעמים וניל 200</ItemName><ManufacturerName>מנעמית</ManufacturerName><ManufactureCountry>ישראל</ManufactureCountry><ManufacturerItemDescription>וופל מנעמים וניל 200</ManufacturerItemDescription><SoldByWeight/><Quantity>200.00</Quantity><UnitOfMeasure>גרם     </UnitOfMeasure><QtyInPackage>לא ידוע</QtyInPackage><UnitOfMeasurePrice>0.0195</UnitOfMeasurePrice><AllowDiscount>1</AllowDiscount><ItemStatus>1</ItemStatus><ItemPrice>3.90</ItemPrice></item><item><PriceUpdateDate>2016-03-17 09:36:52</PriceUpdateDate><ItemCode>7290003321155</ItemCode><ItemType>1</ItemType><ItemName>דנונה בר פקאן סיני מ</ItemName><ManufacturerName>דנונה</ManufacturerName><ManufactureCountry>ישראל</ManufactureCountry><ManufacturerItemDescription>דנונהדגנים פקאןסיני+שוקול</ManufacturerItemDescription><SoldByWeight/><Quantity>183.00</Quantity><UnitOfMeasure>גרם     </UnitOfMeasure><QtyInPackage>לא ידוע</QtyInPackage><UnitOfMeasurePrice>0.0246</UnitOfMeasurePrice><AllowDiscount>1</AllowDiscount><ItemStatus>1</ItemStatus><ItemPrice>4.50</ItemPrice></item><item><PriceUpdateDate>2015-12-07 10:52:41</PriceUpdateDate><ItemCode>7290003321292</ItemCode><ItemType>1</ItemType><ItemName>גבינת סקי 9% 250 גרם</ItemName><ManufacturerName>שטראוס</ManufacturerName><ManufactureCountry>ישראל</ManufactureCountry><ManufacturerItemDescription>גבינה סקי 250 9% גר</ManufacturerItemDescription><SoldByWeight/><Quantity>250.00</Quantity><UnitOfMeasure>גרם     </UnitOfMeasure><QtyInPackage>לא ידוע</QtyInPackage><UnitOfMeasurePrice>0.0192</UnitOfMeasurePrice><AllowDiscount>1</AllowDiscount><ItemStatus>1</ItemStatus><ItemPrice>4.80</ItemPrice></item><item><PriceUpdateDate>2016-06-28 09:31:03</PriceUpdateDate><ItemCode>7290003335190</ItemCode><ItemType>1</ItemType><ItemName>מב עלי גפן 400 גרם</ItemName><ManufacturerName>ויליגר</ManufacturerName><ManufactureCountry>ישראל</ManufactureCountry><ManufacturerItemDescription>מב עלי גפן 400 גרם</ManufacturerItemDescription><SoldByWeight/><Quantity>400.00</Quantity><UnitOfMeasure>גרם     </UnitOfMeasure><QtyInPackage>לא ידוע</QtyInPackage><UnitOfMeasurePrice>0.0198</UnitOfMeasurePrice><AllowDiscount>1</AllowDiscount><ItemStatus>1</ItemStatus><ItemPrice>7.90</ItemPrice></item><item><PriceUpdateDate>2016-06-28 09:31:03</PriceUpdateDate><ItemCode>7290003387205</ItemCode><ItemType>1</ItemType><ItemName>מב דאו' סטיק ספיד סט</ItemName><ManufacturerName>ספיד סטיק</ManufacturerName><ManufactureCountry>ארצות הברית</ManufactureCountry><ManufacturerItemDescription>מיזלי שקדים     ם 1 ק"ג</ManufacturerItemDescription><SoldByWeight/><Quantity>64.00</Quantity><UnitOfMeasure>גרם     </UnitOfMeasure><QtyInPackage>לא ידוע</QtyInPackage><UnitOfMeasurePrice>0.3109</UnitOfMeasurePrice><AllowDiscount>1</AllowDiscount><ItemStatus>1</ItemStatus><ItemPrice>19.90</ItemPrice></item><item><PriceUpdateDate>2016-08-10 08:23:09</PriceUpdateDate><ItemCode>7290003411566</ItemCode><ItemType>1</ItemType><ItemName>צמרונים 200 יח</ItemName><ManufacturerName>הנמל</ManufacturerName><ManufactureCountry>ישראל</ManufactureCountry><ManufacturerItemDescription>צמרונים 200 יח</ManufacturerItemDescription><SoldByWeight/><Quantity>0.00</Quantity><UnitOfMeasure>יח'</UnitOfMeasure><QtyInPackage>לא ידוע</QtyInPackage><UnitOfMeasurePrice>0.0000</UnitOfMeasurePrice><AllowDiscount>1</AllowDiscount><ItemStatus>1</ItemStatus><ItemPrice>3.30</ItemPrice></item><item><PriceUpdateDate>2016-08-10 08:23:09</PriceUpdateDate><ItemCode>7290003411689</ItemCode><ItemType>1</ItemType><ItemName>לפתניה חד פעמי לבן 2</ItemName><ManufacturerName>הנמל</ManufacturerName><ManufactureCountry>ישראל</ManufactureCountry><ManufacturerItemDescription>לפתניה חד פעמי לבן 2</ManufacturerItemDescription><SoldByWeight/><Quantity>25.00</Quantity><UnitOfMeasure>בודד</UnitOfMeasure><QtyInPackage>לא ידוע</QtyInPackage><UnitOfMeasurePrice>0.1720</UnitOfMeasurePrice><AllowDiscount>1</AllowDiscount><ItemStatus>1</ItemStatus><ItemPrice>4.30</ItemPrice></item><item><PriceUpdateDate>2016-03-17 09:36:52</PriceUpdateDate><ItemCode>7290003411948</ItemCode><ItemType>1</ItemType><ItemName>צמר גפן 100 גרם</ItemName><ManufacturerName>הנמל</ManufacturerName><ManufactureCountry>ישראל</ManufactureCountry><ManufacturerItemDescription>צמר גפן 100 גרם</ManufacturerItemDescription><SoldByWeight/><Quantity>100.00</Quantity><UnitOfMeasure>גרם     </UnitOfMeasure><QtyInPackage>לא ידוע</QtyInPackage><UnitOfMeasurePrice>0.0490</UnitOfMeasurePrice><AllowDiscount>1</AllowDiscount><ItemStatus>1</ItemStatus><ItemPrice>4.90</ItemPrice></item><item><PriceUpdateDate>2016-08-10 08:23:09</PriceUpdateDate><ItemCode>7290003411993</ItemCode><ItemType>1</ItemType><ItemName>גפרורים 10 יח'</ItemName><ManufacturerName>הנמל</ManufacturerName><ManufactureCountry>ישראל</ManufactureCountry><ManufacturerItemDescription>גפרורים 10 יח'</ManufacturerItemDescription><SoldByWeight/><Quantity>0.00</Quantity><UnitOfMeasure>יח'</UnitOfMeasure><QtyInPackage>לא ידוע</QtyInPackage><UnitOfMeasurePrice>0.0000</UnitOfMeasurePrice><AllowDiscount>1</AllowDiscount><ItemStatus>1</ItemStatus><ItemPrice>4.90</ItemPrice></item><item><PriceUpdateDate>2015-11-17 14:08:21</PriceUpdateDate><ItemCode>7290003423909</ItemCode><ItemType>1</ItemType><ItemName>חטיף קוקיס אנד קרים-</ItemName><ManufacturerName>הרשיז</ManufacturerName><ManufactureCountry>ישראל</ManufactureCountry><ManufacturerItemDescription>חטיף קוקיס אנד קרים-</ManufacturerItemDescription><SoldByWeight/><Quantity>43.00</Quantity><UnitOfMeasure>גרם     </UnitOfMeasure><QtyInPackage>לא ידוע</QtyInPackage><UnitOfMeasurePrice>0.1163</UnitOfMeasurePrice><AllowDiscount>1</AllowDiscount><ItemStatus>1</ItemStatus><ItemPrice>5.00</ItemPrice></item><item><PriceUpdateDate>2016-08-02 07:35:11</PriceUpdateDate><ItemCode>7290003427154</ItemCode><ItemType>1</ItemType><ItemName>שמן זית זיתא כתית מע</ItemName><ManufacturerName>זיתא</ManufacturerName><ManufactureCountry>ישראל</ManufactureCountry><ManufacturerItemDescription>שמן זית כתית מעולה 750 מל</ManufacturerItemDescription><SoldByWeight/><Quantity>750.00</Quantity><UnitOfMeasure>מ"ל</UnitOfMeasure><QtyInPackage>לא ידוע</QtyInPackage><UnitOfMeasurePrice>0.0532</UnitOfMeasurePrice><AllowDiscount>1</AllowDiscount><ItemStatus>1</ItemStatus><ItemPrice>39.90</ItemPrice></item><item><PriceUpdateDate>2016-08-10 08:23:09</PriceUpdateDate><ItemCode>7290003434053</ItemCode><ItemType>1</ItemType><ItemName>חטיפי הקפאה פופאייס</ItemName><ManufacturerName>לא ממותג</ManufacturerName><ManufactureCountry>ישראל</ManufactureCountry><ManufacturerItemDescription>משקה להקפאה סופר פופאייס</ManufacturerItemDescription><SoldByWeight/><Quantity>867.00</Quantity><UnitOfMeasure>גרם     </UnitOfMeasure><QtyInPackage>לא ידוע</QtyInPackage><UnitOfMeasurePrice>0.0075</UnitOfMeasurePrice><AllowDiscount>1</AllowDiscount><ItemStatus>1</ItemStatus><ItemPrice>6.50</ItemPrice></item><item><PriceUpdateDate>2016-06-28 09:29:02</PriceUpdateDate><ItemCode>7290003438617</ItemCode><ItemType>1</ItemType><ItemName>ממרח אריסה חריפה 140</ItemName><ManufacturerName>אוליביה</ManufacturerName><ManufactureCountry>ישראל</ManufactureCountry><ManufacturerItemDescription>ממרח אריסה חריפה 140</ManufacturerItemDescription><SoldByWeight/><Quantity>145.00</Quantity><UnitOfMeasure>גרם     </UnitOfMeasure><QtyInPackage>לא ידוע</QtyInPackage><UnitOfMeasurePrice>0.0821</UnitOfMeasurePrice><AllowDiscount>1</AllowDiscount><ItemStatus>1</ItemStatus><ItemPrice>11.90</ItemPrice></item><item><PriceUpdateDate>2015-11-17 14:08:21</PriceUpdateDate><ItemCode>7290003444009</ItemCode><ItemType>1</ItemType><ItemName>הרשי'ז -ריזס חטיף  ש</ItemName><ManufacturerName>הרשיז</ManufacturerName><ManufactureCountry>ישראל</ManufactureCountry><ManufacturerItemDescription>הרשי'ז -ריזס חטיף  ש</ManufacturerItemDescription><SoldByWeight/><Quantity>42.00</Quantity><UnitOfMeasure>גרם     </UnitOfMeasure><QtyInPackage>לא ידוע</QtyInPackage><UnitOfMeasurePrice>0.0952</UnitOfMeasurePrice><AllowDiscount>1</AllowDiscount><ItemStatus>1</ItemStatus><ItemPrice>4.00</ItemPrice></item><item><PriceUpdateDate>2016-05-01 08:13:28</PriceUpdateDate><ItemCode>7290003450022</ItemCode><ItemType>1</ItemType><ItemName>היינץ מיולייט היינץ</ItemName><ManufacturerName>היינץ</ManufacturerName><ManufactureCountry>ספרד</ManufactureCountry><ManufacturerItemDescription>מיזלי קראנץ     ירות 1 ק</ManufacturerItemDescription><SoldByWeight/><Quantity>430.00</Quantity><UnitOfMeasure>גרם     </UnitOfMeasure><QtyInPackage>לא ידוע</QtyInPackage><UnitOfMeasurePrice>0.0286</UnitOfMeasurePrice><AllowDiscount>0</AllowDiscount><ItemStatus>1</ItemStatus><ItemPrice>12.30</ItemPrice></item><item><PriceUpdateDate>2016-05-01 08:13:28</PriceUpdateDate><ItemCode>7290003450091</ItemCode><ItemType>1</ItemType><ItemName>מיונז היינץ אמיתי 43</ItemName><ManufacturerName>היינץ</ManufacturerName><ManufactureCountry>ספרד</ManufactureCountry><ManufacturerItemDescription>גרנולה אגוזים   ק"ג</ManufacturerItemDescription><SoldByWeight/><Quantity>430.00</Quantity><UnitOfMeasure>גרם     </UnitOfMeasure><QtyInPackage>לא ידוע</QtyInPackage><UnitOfMeasurePrice>0.0286</UnitOfMeasurePrice><AllowDiscount>0</AllowDiscount><ItemStatus>1</ItemStatus><ItemPrice>12.30</ItemPrice></item><item><PriceUpdateDate>2016-08-02 07:35:12</PriceUpdateDate><ItemCode>7290003450602</ItemCode><ItemType>1</ItemType><ItemName>היינץ חרדל אמיתי 255</ItemName><ManufacturerName>היינץ</ManufacturerName><ManufactureCountry>ארצות הברית</ManufactureCountry><ManufacturerItemDescription>כריות הנקה      דות הנקה</ManufacturerItemDescription><SoldByWeight/><Quantity>255.00</Quantity><UnitOfMeasure>גרם     </UnitOfMeasure><QtyInPackage>לא ידוע</QtyInPackage><UnitOfMeasurePrice>0.0467</UnitOfMeasurePrice><AllowDiscount>1</AllowDiscount><ItemStatus>1</ItemStatus><ItemPrice>11.90</ItemPrice></item><item><PriceUpdateDate>2014-11-10 06:30:43</PriceUpdateDate><ItemCode>7290003450701</ItemCode><ItemType>1</ItemType><ItemName>חומץ לסלט 355 מ"ל</ItemName><ManufacturerName>היינץ</ManufacturerName><ManufactureCountry>ישראל</ManufactureCountry><ManufacturerItemDescription>חומץ לסלט 355 מ"ל</ManufacturerItemDescription><SoldByWeight/><Quantity>355.00</Quantity><UnitOfMeasure>מ"ל</UnitOfMeasure><QtyInPackage>לא ידוע</QtyInPackage><UnitOfMeasurePrice>0.0338</UnitOfMeasurePrice><AllowDiscount>1</AllowDiscount><ItemStatus>1</ItemStatus><ItemPrice>12.00</ItemPrice></item><item><PriceUpdateDate>2016-03-29 07:04:29</PriceUpdateDate><ItemCode>7290003451296</ItemCode><ItemType>3</ItemType><ItemName>נסיכת נילוס פרוס בוו</ItemName><ManufacturerName>בלדי</ManufacturerName><ManufactureCountry>אוגנדה</ManufactureCountry><ManufacturerItemDescription>נסיכת הנילוס פרוס ארוז לק</ManufacturerItemDescription><SoldByWeight/><Quantity>1.00</Quantity><UnitOfMeasure>ק"ג</UnitOfMeasure><QtyInPackage>לא ידוע</QtyInPackage><UnitOfMeasurePrice>55.0000</UnitOfMeasurePrice><AllowDiscount>1</AllowDiscount><ItemStatus>1</ItemStatus><ItemPrice>55.00</ItemPrice></item><item><PriceUpdateDate>2016-06-28 09:31:04</PriceUpdateDate><ItemCode>7290003457991</ItemCode><ItemType>1</ItemType><ItemName>מב מאגדת קורנטו קלאס</ItemName><ManufacturerName>שטראוס גלידה</ManufacturerName><ManufactureCountry>ישראל</ManufactureCountry><ManufacturerItemDescription>טילון קורנטו קלאסיקו משפח</ManufacturerItemDescription><SoldByWeight/><Quantity>360.00</Quantity><UnitOfMeasure>גרם     </UnitOfMeasure><QtyInPackage>לא ידוע</QtyInPackage><UnitOfMeasurePrice>0.0692</UnitOfMeasurePrice><AllowDiscount>1</AllowDiscount><ItemStatus>1</ItemStatus><ItemPrice>24.90</ItemPrice></item><item><PriceUpdateDate>2014-11-10 06:30:38</PriceUpdateDate><ItemCode>7290003461356</ItemCode><ItemType>3</ItemType><ItemName>סלט סלק במשקל</ItemName><ManufacturerName>סלטי שמיר</ManufacturerName><ManufactureCountry>ישראל</ManufactureCountry><ManufacturerItemDescription>סלט סלק במשקל</ManufacturerItemDescription><SoldByWeight/><Quantity>1.00</Quantity><UnitOfMeasure>ק"ג</UnitOfMeasure><QtyInPackage>לא ידוע</QtyInPackage><UnitOfMeasurePrice>27.0000</UnitOfMeasurePrice><AllowDiscount>1</AllowDiscount><ItemStatus>1</ItemStatus><ItemPrice>27.00</ItemPrice></item><item><PriceUpdateDate>2016-08-10 08:23:09</PriceUpdateDate><ItemCode>7290003514038</ItemCode><ItemType>1</ItemType><ItemName>קראנצ'וס גריל 70 גרם</ItemName><ManufacturerName>מנה</ManufacturerName><ManufactureCountry>ישראל</ManufactureCountry><ManufacturerItemDescription>חטיף קראנצוס גריל 70 גרם</ManufacturerItemDescription><SoldByWeight/><Quantity>70.00</Quantity><UnitOfMeasure>גרם     </UnitOfMeasure><QtyInPackage>לא ידוע</QtyInPackage><UnitOfMeasurePrice>0.0629</UnitOfMeasurePrice><AllowDiscount>1</AllowDiscount><ItemStatus>1</ItemStatus><ItemPrice>4.40</ItemPrice></item><item><PriceUpdateDate>2016-08-10 08:23:10</PriceUpdateDate><ItemCode>7290003514052</ItemCode><ItemType>1</ItemType><ItemName>קראנצ'וס פלאפל 70 גר</ItemName><ManufacturerName>מנה</ManufacturerName><ManufactureCountry>ישראל</ManufactureCountry><ManufacturerItemDescription>חטיף קראנצוס פלאפל 70 גרם</ManufacturerItemDescription><SoldByWeight/><Quantity>70.00</Quantity><UnitOfMeasure>גרם     </UnitOfMeasure><QtyInPackage>לא ידוע</QtyInPackage><UnitOfMeasurePrice>0.0629</UnitOfMeasurePrice><AllowDiscount>1</AllowDiscount><ItemStatus>1</ItemStatus><ItemPrice>4.40</ItemPrice></item><item><PriceUpdateDate>2016-08-10 08:23:10</PriceUpdateDate><ItemCode>7290003514069</ItemCode><ItemType>1</ItemType><ItemName>קראנצ'וס בצל 70 גרם</ItemName><ManufacturerName>מנה</ManufacturerName><ManufactureCountry>ישראל</ManufactureCountry><ManufacturerItemDescription>קראנצ'וס בצל 70 גרם</ManufacturerItemDescription><SoldByWeight/><Quantity>70.00</Quantity><UnitOfMeasure>גרם     </UnitOfMeasure><QtyInPackage>לא ידוע</QtyInPackage><UnitOfMeasurePrice>0.0629</UnitOfMeasurePrice><AllowDiscount>1</AllowDiscount><ItemStatus>1</ItemStatus><ItemPrice>4.40</ItemPrice></item><item><PriceUpdateDate>2016-08-10 08:23:10</PriceUpdateDate><ItemCode>7290003514151</ItemCode><ItemType>1</ItemType><ItemName>קראנצ'וס פיצה 70 גרם</ItemName><ManufacturerName>מנה</ManufacturerName><ManufactureCountry>ישראל</ManufactureCountry><ManufacturerItemDescription>קראנצ'וס פיצה 70 גרם</ManufacturerItemDescription><SoldByWeight/><Quantity>70.00</Quantity><UnitOfMeasure>גרם     </UnitOfMeasure><QtyInPackage>לא ידוע</QtyInPackage><UnitOfMeasurePrice>0.0629</UnitOfMeasurePrice><AllowDiscount>1</AllowDiscount><ItemStatus>1</ItemStatus><ItemPrice>4.40</ItemPrice></item><item><PriceUpdateDate>2015-10-11 20:34:20</PriceUpdateDate><ItemCode>7290003514571</ItemCode><ItemType>1</ItemType><ItemName>מנה פריכיות אורז עם</ItemName><ManufacturerName>מנה</ManufacturerName><ManufactureCountry>ישראל</ManufactureCountry><ManufacturerItemDescription>פריכונים אורז עם מלח100 ג</ManufacturerItemDescription><SoldByWeight/><Quantity>100.00</Quantity><UnitOfMeasure>גרם     </UnitOfMeasure><QtyInPackage>לא ידוע</QtyInPackage><UnitOfMeasurePrice>0.0720</UnitOfMeasurePrice><AllowDiscount>1</AllowDiscount><ItemStatus>1</ItemStatus><ItemPrice>7.20</ItemPrice></item><item><PriceUpdateDate>2015-10-11 20:34:20</PriceUpdateDate><ItemCode>7290003514588</ItemCode><ItemType>1</ItemType><ItemName>מנה פריכיות אורז ללא</ItemName><ManufacturerName>מנה</ManufacturerName><ManufactureCountry>ישראל</ManufactureCountry><ManufacturerItemDescription>פריכיות אורז ללא מלח100 ג</ManufacturerItemDescription><SoldByWeight/><Quantity>100.00</Quantity><UnitOfMeasure>גרם     </UnitOfMeasure><QtyInPackage>לא ידוע</QtyInPackage><UnitOfMeasurePrice>0.0720</UnitOfMeasurePrice><AllowDiscount>1</AllowDiscount><ItemStatus>1</ItemStatus><ItemPrice>7.20</ItemPrice></item><item><PriceUpdateDate>2015-11-18 13:59:04</PriceUpdateDate><ItemCode>7290003525461</ItemCode><ItemType>1</ItemType><ItemName>סלט טונה פיקנטי וילי</ItemName><ManufacturerName>ויליגר</ManufacturerName><ManufactureCountry>ישראל</ManufactureCountry><ManufacturerItemDescription>סלט טונה פיקנטי 160 גר</ManufacturerItemDescription><SoldByWeight/><Quantity>112.00</Quantity><UnitOfMeasure>גרם     </UnitOfMeasure><QtyInPackage>לא ידוע</QtyInPackage><UnitOfMeasurePrice>0.0545</UnitOfMeasurePrice><AllowDiscount>1</AllowDiscount><ItemStatus>1</ItemStatus><ItemPrice>6.10</ItemPrice></item><item><PriceUpdateDate>2015-11-18 13:59:04</PriceUpdateDate><ItemCode>7290003525478</ItemCode><ItemType>1</ItemType><ItemName>סלט טונה ויליגר 160</ItemName><ManufacturerName>ויליגר</ManufacturerName><ManufactureCountry>ישראל</ManufactureCountry><ManufacturerItemDescription>סלט טונה ויליגר 160 גר</ManufacturerItemDescription><SoldByWeight/><Quantity>160.00</Quantity><UnitOfMeasure>גרם     </UnitOfMeasure><QtyInPackage>לא ידוע</QtyInPackage><UnitOfMeasurePrice>0.0381</UnitOfMeasurePrice><AllowDiscount>1</AllowDiscount><ItemStatus>1</ItemStatus><ItemPrice>6.10</ItemPrice></item><item><PriceUpdateDate>2016-06-06 12:23:09</PriceUpdateDate><ItemCode>7290003550494</ItemCode><ItemType>3</ItemType><ItemName>פילה סלמון  סטרלינג</ItemName><ManufacturerName>דלידג</ManufacturerName><ManufactureCountry>ישראל</ManufactureCountry><ManufacturerItemDescription>פילה סלמון סטרלינג לקג</ManufacturerItemDescription><SoldByWeight/><Quantity>1.00</Quantity><UnitOfMeasure>ק"ג</UnitOfMeasure><QtyInPackage>לא ידוע</QtyInPackage><UnitOfMeasurePrice>74.9000</UnitOfMeasurePrice><AllowDiscount>1</AllowDiscount><ItemStatus>1</ItemStatus><ItemPrice>74.90</ItemPrice></item><item><PriceUpdateDate>2016-06-28 09:29:03</PriceUpdateDate><ItemCode>7290003578313</ItemCode><ItemType>1</ItemType><ItemName>ליפתן דובדבנים 680 ג</ItemName><ManufacturerName>.N.Y.C</ManufacturerName><ManufactureCountry>ישראל</ManufactureCountry><ManufacturerItemDescription>ליפתן דובדבנים 680 ג</ManufacturerItemDescription><SoldByWeight/><Quantity>350.00</Quantity><UnitOfMeasure>גרם     </UnitOfMeasure><QtyInPackage>לא ידוע</QtyInPackage><UnitOfMeasurePrice>0.0403</UnitOfMeasurePrice><AllowDiscount>1</AllowDiscount><ItemStatus>1</ItemStatus><ItemPrice>14.10</ItemPrice></item><item><PriceUpdateDate>2016-05-31 07:02:37</PriceUpdateDate><ItemCode>7290003608089</ItemCode><ItemType>1</ItemType><ItemName>ספרינג 1.5 ליטר טעם</ItemName><ManufacturerName>ספרינג</ManufacturerName><ManufactureCountry>ישראל</ManufactureCountry><ManufacturerItemDescription>ספרינג תות בננה 1.5 ל</ManufacturerItemDescription><SoldByWeight/><Quantity>1500.00</Quantity><UnitOfMeasure>מ"ל</UnitOfMeasure><QtyInPackage>לא ידוע</QtyInPackage><UnitOfMeasurePrice>0.0039</UnitOfMeasurePrice><AllowDiscount>1</AllowDiscount><ItemStatus>1</ItemStatus><ItemPrice>5.90</ItemPrice></item><item><PriceUpdateDate>2016-03-01 06:17:33</PriceUpdateDate><ItemCode>7290003608546</ItemCode><ItemType>1</ItemType><ItemName>תפוזינה תות בננה 1.5</ItemName><ManufacturerName>תפוזינה</ManufacturerName><ManufactureCountry>ישראל</ManufactureCountry><ManufacturerItemDescription>תפוזינה תות בננה 1.5</ManufacturerItemDescription><SoldByWeight/><Quantity>1500.00</Quantity><UnitOfMeasure>מ"ל</UnitOfMeasure><QtyInPackage>לא ידוע</QtyInPackage><UnitOfMeasurePrice>0.0050</UnitOfMeasurePrice><AllowDiscount>1</AllowDiscount><ItemStatus>1</ItemStatus><ItemPrice>7.50</ItemPrice></item><item><PriceUpdateDate>2016-08-10 08:23:10</PriceUpdateDate><ItemCode>7290003608560</ItemCode><ItemType>1</ItemType><ItemName>בקבוק אר סי קולה 1.5</ItemName><ManufacturerName>R.C</ManufacturerName><ManufactureCountry>ישראל</ManufactureCountry><ManufacturerItemDescription>בקבוק אר סי קולה 1.5</ManufacturerItemDescription><SoldByWeight/><Quantity>1500.00</Quantity><UnitOfMeasure>מ"ל</UnitOfMeasure><QtyInPackage>לא ידוע</QtyInPackage><UnitOfMeasurePrice>0.0039</UnitOfMeasurePrice><AllowDiscount>1</AllowDiscount><ItemStatus>1</ItemStatus><ItemPrice>5.90</ItemPrice></item><item><PriceUpdateDate>2015-10-22 10:37:22</PriceUpdateDate><ItemCode>7290003608621</ItemCode><ItemType>1</ItemType><ItemName>אר סי קולה שישייה 1.</ItemName><ManufacturerName>R.C</ManufacturerName><ManufactureCountry>ישראל</ManufactureCountry><ManufacturerItemDescription>אר סי קולה שישייה 1.</ManufacturerItemDescription><SoldByWeight/><Quantity>9000.00</Quantity><UnitOfMeasure>מ"ל</UnitOfMeasure><QtyInPackage>לא ידוע</QtyInPackage><UnitOfMeasurePrice>0.0027</UnitOfMeasurePrice><AllowDiscount>1</AllowDiscount><ItemStatus>1</ItemStatus><ItemPrice>24.40</ItemPrice></item><item><PriceUpdateDate>2016-03-01 06:17:33</PriceUpdateDate><ItemCode>7290003608898</ItemCode><ItemType>1</ItemType><ItemName>תפוזינה תפוזים דיאט</ItemName><ManufacturerName>תפוזינה</ManufacturerName><ManufactureCountry>ישראל</ManufactureCountry><ManufacturerItemDescription>תפוזינה תפוזים דיאט</ManufacturerItemDescription><SoldByWeight/><Quantity>1500.00</Quantity><UnitOfMeasure>מ"ל</UnitOfMeasure><QtyInPackage>לא ידוע</QtyInPackage><UnitOfMeasurePrice>0.0050</UnitOfMeasurePrice><AllowDiscount>1</AllowDiscount><ItemStatus>1</ItemStatus><ItemPrice>7.50</ItemPrice></item><item><PriceUpdateDate>2016-05-31 07:02:37</PriceUpdateDate><ItemCode>7290003643004</ItemCode><ItemType>1</ItemType><ItemName>אורז בסמטי 1 ק"ג</ItemName><ManufacturerName>סוגת</ManufacturerName><ManufactureCountry>ישראל</ManufactureCountry><ManufacturerItemDescription>אורז בסמטי קלאסי1 קג</ManufacturerItemDescription><SoldByWeight/><Quantity>1000.00</Quantity><UnitOfMeasure>גרם     </UnitOfMeasure><QtyInPackage>לא ידוע</QtyInPackage><UnitOfMeasurePrice>0.0119</UnitOfMeasurePrice><AllowDiscount>1</AllowDiscount><ItemStatus>1</ItemStatus><ItemPrice>11.90</ItemPrice></item><item><PriceUpdateDate>2015-11-17 14:07:13</PriceUpdateDate><ItemCode>7290003643127</ItemCode><ItemType>1</ItemType><ItemName>אבקת אפיה סוגת 100 ג</ItemName><ManufacturerName>סוגת</ManufacturerName><ManufactureCountry>ישראל</ManufactureCountry><ManufacturerItemDescription>אבקת אפיה סוגת 100 ג</ManufacturerItemDescription><SoldByWeight/><Quantity>100.00</Quantity><UnitOfMeasure>גרם     </UnitOfMeasure><QtyInPackage>לא ידוע</QtyInPackage><UnitOfMeasurePrice>0.0340</UnitOfMeasurePrice><AllowDiscount>1</AllowDiscount><ItemStatus>1</ItemStatus><ItemPrice>3.40</ItemPrice></item><item><PriceUpdateDate>2015-11-17 14:07:13</PriceUpdateDate><ItemCode>7290003643134</ItemCode><ItemType>1</ItemType><ItemName>סוכר וניל סוגת 100 ג</ItemName><ManufacturerName>סוגת</ManufacturerName><ManufactureCountry>ישראל</ManufactureCountry><ManufacturerItemDescription>סוכר וניל סוגת 100 ג</ManufacturerItemDescription><SoldByWeight/><Quantity>100.00</Quantity><UnitOfMeasure>גרם     </UnitOfMeasure><QtyInPackage>לא ידוע</QtyInPackage><UnitOfMeasurePrice>0.0350</UnitOfMeasurePrice><AllowDiscount>1</AllowDiscount><ItemStatus>1</ItemStatus><ItemPrice>3.50</ItemPrice></item><item><PriceUpdateDate>2015-10-22 10:37:22</PriceUpdateDate><ItemCode>7290003643141</ItemCode><ItemType>1</ItemType><ItemName>סודה לשתיה סוגת 50 ג</ItemName><ManufacturerName>סוגת</ManufacturerName><ManufactureCountry>ישראל</ManufactureCountry><ManufacturerItemDescription>סודה לשתיה סוגת 50 ג</ManufacturerItemDescription><SoldByWeight/><Quantity>50.00</Quantity><UnitOfMeasure>גרם     </UnitOfMeasure><QtyInPackage>לא ידוע</QtyInPackage><UnitOfMeasurePrice>0.0360</UnitOfMeasurePrice><AllowDiscount>1</AllowDiscount><ItemStatus>1</ItemStatus><ItemPrice>1.80</ItemPrice></item><item><PriceUpdateDate>2014-11-10 06:29:20</PriceUpdateDate><ItemCode>7290003643158</ItemCode><ItemType>1</ItemType><ItemName>קורנפלור 200 גרם</ItemName><ManufacturerName>סוגת</ManufacturerName><ManufactureCountry>ישראל</ManufactureCountry><ManufacturerItemDescription>קורנפלור 200 גרם</ManufacturerItemDescription><SoldByWeight/><Quantity>200.00</Quantity><UnitOfMeasure>גרם     </UnitOfMeasure><QtyInPackage>לא ידוע</QtyInPackage><UnitOfMeasurePrice>0.0185</UnitOfMeasurePrice><AllowDiscount>1</AllowDiscount><ItemStatus>1</ItemStatus><ItemPrice>3.70</ItemPrice></item><item><PriceUpdateDate>2015-11-17 14:07:13</PriceUpdateDate><ItemCode>7290003643172</ItemCode><ItemType>1</ItemType><ItemName>אבקת סוכר סוגת 100 ג</ItemName><ManufacturerName>סוגת</ManufacturerName><ManufactureCountry>ישראל</ManufactureCountry><ManufacturerItemDescription>אבקת סוכר סוגת 100 ג</ManufacturerItemDescription><SoldByWeight/><Quantity>100.00</Quantity><UnitOfMeasure>גרם     </UnitOfMeasure><QtyInPackage>לא ידוע</QtyInPackage><UnitOfMeasurePrice>0.0250</UnitOfMeasurePrice><AllowDiscount>1</AllowDiscount><ItemStatus>1</ItemStatus><ItemPrice>2.50</ItemPrice></item><item><PriceUpdateDate>2014-11-10 06:29:20</PriceUpdateDate><ItemCode>7290003643295</ItemCode><ItemType>1</ItemType><ItemName>אורז אורזיל 1 קג</ItemName><ManufacturerName>אורזיל</ManufacturerName><ManufactureCountry>ישראל</ManufactureCountry><ManufacturerItemDescription>אורז אורזיל 1 קג</ManufacturerItemDescription><SoldByWeight/><Quantity>1000.00</Quantity><UnitOfMeasure>גרם     </UnitOfMeasure><QtyInPackage>לא ידוע</QtyInPackage><UnitOfMeasurePrice>0.0081</UnitOfMeasurePrice><AllowDiscount>1</AllowDiscount><ItemStatus>1</ItemStatus><ItemPrice>8.10</ItemPrice></item><item><PriceUpdateDate>2016-05-09 10:58:55</PriceUpdateDate><ItemCode>7290003643325</ItemCode><ItemType>1</ItemType><ItemName>קוסקוס בינוני סוגת 3</ItemName><ManufacturerName>סוגת</ManufacturerName><ManufactureCountry>ישראל</ManufactureCountry><ManufacturerItemDescription>קוסקוס בינוני סוגת 3</ManufacturerItemDescription><SoldByWeight/><Quantity>350.00</Quantity><UnitOfMeasure>גרם     </UnitOfMeasure><QtyInPackage>לא ידוע</QtyInPackage><UnitOfMeasurePrice>0.0197</UnitOfMeasurePrice><AllowDiscount>1</AllowDiscount><ItemStatus>1</ItemStatus><ItemPrice>6.90</ItemPrice></item><item><PriceUpdateDate>2016-02-08 10:37:34</PriceUpdateDate><ItemCode>7290003643387</ItemCode><ItemType>1</ItemType><ItemName>סוכר לבן 1 ק''ג צנצנ</ItemName><ManufacturerName>סוגת</ManufacturerName><ManufactureCountry>ישראל</ManufactureCountry><ManufacturerItemDescription>סוכר1 קג בצנצנת פלסטיק</ManufacturerItemDescription><SoldByWeight/><Quantity>1000.00</Quantity><UnitOfMeasure>גרם     </UnitOfMeasure><QtyInPackage>לא ידוע</QtyInPackage><UnitOfMeasurePrice>0.0079</UnitOfMeasurePrice><AllowDiscount>1</AllowDiscount><ItemStatus>1</ItemStatus><ItemPrice>7.90</ItemPrice></item><item><PriceUpdateDate>2016-06-28 09:29:03</PriceUpdateDate><ItemCode>7290003643646</ItemCode><ItemType>1</ItemType><ItemName>סוכר דמררה 1 ק''ג צנ</ItemName><ManufacturerName>סוגת</ManufacturerName><ManufactureCountry>ישראל</ManufactureCountry><ManufacturerItemDescription>סוכר דמררה1 קג.צנצנת</ManufacturerItemDescription><SoldByWeight/><Quantity>1000.00</Quantity><UnitOfMeasure>גרם     </UnitOfMeasure><QtyInPackage>לא ידוע</QtyInPackage><UnitOfMeasurePrice>0.0140</UnitOfMeasurePrice><AllowDiscount>1</AllowDiscount><ItemStatus>1</ItemStatus><ItemPrice>14.00</ItemPrice></item><item><PriceUpdateDate>2016-08-02 07:35:12</PriceUpdateDate><ItemCode>7290003643714</ItemCode><ItemType>1</ItemType><ItemName>חומוס סוגת 500 גרם</ItemName><ManufacturerName>סוגת</ManufacturerName><ManufactureCountry>ישראל</ManufactureCountry><ManufacturerItemDescription>חומוס 500 גרם</ManufacturerItemDescription><SoldByWeight/><Quantity>500.00</Quantity><UnitOfMeasure>גרם     </UnitOfMeasure><QtyInPackage>לא ידוע</QtyInPackage><UnitOfMeasurePrice>0.0198</UnitOfMeasurePrice><AllowDiscount>1</AllowDiscount><ItemStatus>1</ItemStatus><ItemPrice>9.90</ItemPrice></item><item><PriceUpdateDate>2016-08-02 07:35:12</PriceUpdateDate><ItemCode>7290003643738</ItemCode><ItemType>1</ItemType><ItemName>חיטה סוגת 500 גרם</ItemName><ManufacturerName>סוגת</ManufacturerName><ManufactureCountry>ישראל</ManufactureCountry><ManufacturerItemDescription>חיטה 500 גרם</ManufacturerItemDescription><SoldByWeight/><Quantity>500.00</Quantity><UnitOfMeasure>גרם     </UnitOfMeasure><QtyInPackage>לא ידוע</QtyInPackage><UnitOfMeasurePrice>0.0146</UnitOfMeasurePrice><AllowDiscount>1</AllowDiscount><ItemStatus>1</ItemStatus><ItemPrice>7.30</ItemPrice></item><item><PriceUpdateDate>2016-03-17 09:36:53</PriceUpdateDate><ItemCode>7290003643752</ItemCode><ItemType>1</ItemType><ItemName>עדשים ירוקים סוגת 50</ItemName><ManufacturerName>סוגת</ManufacturerName><ManufactureCountry>ישראל</ManufactureCountry><ManufacturerItemDescription>עדשים ירוקות 500 גרם</ManufacturerItemDescription><SoldByWeight/><Quantity>500.00</Quantity><UnitOfMeasure>גרם     </UnitOfMeasure><QtyInPackage>לא ידוע</QtyInPackage><UnitOfMeasurePrice>0.0118</UnitOfMeasurePrice><AllowDiscount>1</AllowDiscount><ItemStatus>1</ItemStatus><ItemPrice>5.90</ItemPrice></item><item><PriceUpdateDate>2016-08-02 07:35:12</PriceUpdateDate><ItemCode>7290003643769</ItemCode><ItemType>1</ItemType><ItemName>עדשים אדומים סוגת 50</ItemName><ManufacturerName>סוגת</ManufacturerName><ManufactureCountry>ישראל</ManufactureCountry><ManufacturerItemDescription>עדשים אדומות 500 גרם</ManufacturerItemDescription><SoldByWeight/><Quantity>500.00</Quantity><UnitOfMeasure>גרם     </UnitOfMeasure><QtyInPackage>לא ידוע</QtyInPackage><UnitOfMeasurePrice>0.0158</UnitOfMeasurePrice><AllowDiscount>1</AllowDiscount><ItemStatus>1</ItemStatus><ItemPrice>7.90</ItemPrice></item><item><PriceUpdateDate>2015-11-17 14:07:13</PriceUpdateDate><ItemCode>7290003643776</ItemCode><ItemType>1</ItemType><ItemName>פופקורן סוגת 500 גרם</ItemName><ManufacturerName>סוגת</ManufacturerName><ManufactureCountry>ישראל</ManufactureCountry><ManufacturerItemDescription>פופקורן 500 גרם</ManufacturerItemDescription><SoldByWeight/><Quantity>500.00</Quantity><UnitOfMeasure>גרם     </UnitOfMeasure><QtyInPackage>לא ידוע</QtyInPackage><UnitOfMeasurePrice>0.0156</UnitOfMeasurePrice><AllowDiscount>1</AllowDiscount><ItemStatus>1</ItemStatus><ItemPrice>7.80</ItemPrice></item><item><PriceUpdateDate>2014-11-10 06:29:20</PriceUpdateDate><ItemCode>7290003643783</ItemCode><ItemType>1</ItemType><ItemName>קוקוס טחון 100 גרם</ItemName><ManufacturerName>סוגת</ManufacturerName><ManufactureCountry>ישראל</ManufactureCountry><ManufacturerItemDescription>קוקוס 100 גרם</ManufacturerItemDescription><SoldByWeight/><Quantity>100.00</Quantity><UnitOfMeasure>גרם     </UnitOfMeasure><QtyInPackage>לא ידוע</QtyInPackage><UnitOfMeasurePrice>0.0460</UnitOfMeasurePrice><AllowDiscount>1</AllowDiscount><ItemStatus>1</ItemStatus><ItemPrice>4.60</ItemPrice></item><item><PriceUpdateDate>2016-03-29 07:04:30</PriceUpdateDate><ItemCode>7290003643806</ItemCode><ItemType>1</ItemType><ItemName>שעועית לבנה 500 גרם</ItemName><ManufacturerName>סוגת</ManufacturerName><ManufactureCountry>ישראל</ManufactureCountry><ManufacturerItemDescription>שעועית לבנה 500  גרם</ManufacturerItemDescription><SoldByWeight/><Quantity>500.00</Quantity><UnitOfMeasure>גרם     </UnitOfMeasure><QtyInPackage>לא ידוע</QtyInPackage><UnitOfMeasurePrice>0.0280</UnitOfMeasurePrice><AllowDiscount>1</AllowDiscount><ItemStatus>1</ItemStatus><ItemPrice>14.00</ItemPrice></item><item><PriceUpdateDate>2015-11-17 14:07:13</PriceUpdateDate><ItemCode>7290003643820</ItemCode><ItemType>1</ItemType><ItemName>סוגת חומוס ענק 500 ג</ItemName><ManufacturerName>סוגת</ManufacturerName><ManufactureCountry>ישראל</ManufactureCountry><ManufacturerItemDescription>סוגת חומוס ענק 500 ג</ManufacturerItemDescription><SoldByWeight/><Quantity>500.00</Quantity><UnitOfMeasure>גרם     </UnitOfMeasure><QtyInPackage>לא ידוע</QtyInPackage><UnitOfMeasurePrice>0.0240</UnitOfMeasurePrice><AllowDiscount>1</AllowDiscount><ItemStatus>1</ItemStatus><ItemPrice>12.00</ItemPrice></item><item><PriceUpdateDate>2016-08-02 07:35:12</PriceUpdateDate><ItemCode>7290003648207</ItemCode><ItemType>3</ItemType><ItemName>מטיאס הולנדי בשמן במ</ItemName><ManufacturerName>סלטי שמיר</ManufacturerName><ManufactureCountry>ישראל</ManufactureCountry><ManufacturerItemDescription>מטיאס הולנדי בשמן במ</ManufacturerItemDescription><SoldByWeight/><Quantity>1.00</Quantity><UnitOfMeasure>ק"ג</UnitOfMeasure><QtyInPackage>לא ידוע</QtyInPackage><UnitOfMeasurePrice>66.0000</UnitOfMeasurePrice><AllowDiscount>1</AllowDiscount><ItemStatus>1</ItemStatus><ItemPrice>66.00</ItemPrice></item><item><PriceUpdateDate>2015-11-18 13:59:06</PriceUpdateDate><ItemCode>7290003648214</ItemCode><ItemType>3</ItemType><ItemName>הרינג כבוש עם בצל</ItemName><ManufacturerName>סלטי שמיר</ManufacturerName><ManufactureCountry>ישראל</ManufactureCountry><ManufacturerItemDescription>הרינג כבוש עם בצל</ManufacturerItemDescription><SoldByWeight/><Quantity>1.00</Quantity><UnitOfMeasure>ק"ג</UnitOfMeasure><QtyInPackage>לא ידוע</QtyInPackage><UnitOfMeasurePrice>66.3000</UnitOfMeasurePrice><AllowDiscount>1</AllowDiscount><ItemStatus>1</ItemStatus><ItemPrice>66.30</ItemPrice></item><item><PriceUpdateDate>2015-05-01 08:09:57</PriceUpdateDate><ItemCode>7290003648221</ItemCode><ItemType>3</ItemType><ItemName>מקרל פרוס בשמן</ItemName><ManufacturerName>סלטי שמיר</ManufacturerName><ManufactureCountry>ישראל</ManufactureCountry><ManufacturerItemDescription>מקרל פרוס בשמן</ManufacturerItemDescription><SoldByWeight/><Quantity>1.00</Quantity><UnitOfMeasure>ק"ג</UnitOfMeasure><QtyInPackage>לא ידוע</QtyInPackage><UnitOfMeasurePrice>95.0000</UnitOfMeasurePrice><AllowDiscount>1</AllowDiscount><ItemStatus>1</ItemStatus><ItemPrice>95.00</ItemPrice></item><item><PriceUpdateDate>2016-03-17 09:36:53</PriceUpdateDate><ItemCode>7290003667109</ItemCode><ItemType>1</ItemType><ItemName>פאנטה אורנג' 1.5 ליט</ItemName><ManufacturerName>פאנטה אורנג</ManufacturerName><ManufactureCountry>ישראל</ManufactureCountry><ManufacturerItemDescription>פאנטה אורנג1.5 ל</ManufacturerItemDescription><SoldByWeight/><Quantity>1500.00</Quantity><UnitOfMeasure>מ"ל</UnitOfMeasure><QtyInPackage>לא ידוע</QtyInPackage><UnitOfMeasurePrice>0.0046</UnitOfMeasurePrice><AllowDiscount>1</AllowDiscount><ItemStatus>1</ItemStatus><ItemPrice>6.90</ItemPrice></item><item><PriceUpdateDate>2016-05-31 07:02:37</PriceUpdateDate><ItemCode>7290003667369</ItemCode><ItemType>1</ItemType><ItemName>מיץ פריגת תות בננה 1</ItemName><ManufacturerName>פריגת</ManufacturerName><ManufactureCountry>ישראל</ManufactureCountry><ManufacturerItemDescription>מיץ פריגת תות בננה 1</ManufacturerItemDescription><SoldByWeight/><Quantity>1500.00</Quantity><UnitOfMeasure>מ"ל</UnitOfMeasure><QtyInPackage>לא ידוע</QtyInPackage><UnitOfMeasurePrice>0.0045</UnitOfMeasurePrice><AllowDiscount>0</AllowDiscount><ItemStatus>1</ItemStatus><ItemPrice>6.80</ItemPrice></item><item><PriceUpdateDate>2016-03-17 09:36:53</PriceUpdateDate><ItemCode>7290003667673</ItemCode><ItemType>1</ItemType><ItemName>פאנטה דיאט 1.5 ליטר</ItemName><ManufacturerName>דיאט פאנטה אורנג</ManufacturerName><ManufactureCountry>ישראל</ManufactureCountry><ManufacturerItemDescription>פאנטה אורנג דיאט1.5 ל</ManufacturerItemDescription><SoldByWeight/><Quantity>1500.00</Quantity><UnitOfMeasure>מ"ל</UnitOfMeasure><QtyInPackage>לא ידוע</QtyInPackage><UnitOfMeasurePrice>0.0046</UnitOfMeasurePrice><AllowDiscount>1</AllowDiscount><ItemStatus>1</ItemStatus><ItemPrice>6.90</ItemPrice></item><item><PriceUpdateDate>2016-06-28 09:29:04</PriceUpdateDate><ItemCode>7290003681334</ItemCode><ItemType>1</ItemType><ItemName>קוקוס מיה 400 גרם</ItemName><ManufacturerName>מיה</ManufacturerName><ManufactureCountry>ישראל</ManufactureCountry><ManufacturerItemDescription>קוקוס מיה 400 גרם</ManufacturerItemDescription><SoldByWeight/><Quantity>400.00</Quantity><UnitOfMeasure>גרם     </UnitOfMeasure><QtyInPackage>לא ידוע</QtyInPackage><UnitOfMeasurePrice>0.0317</UnitOfMeasurePrice><AllowDiscount>1</AllowDiscount><ItemStatus>1</ItemStatus><ItemPrice>12.70</ItemPrice></item><item><PriceUpdateDate>2015-06-01 13:03:40</PriceUpdateDate><ItemCode>7290003681365</ItemCode><ItemType>1</ItemType><ItemName>קישוט לעוגה צבעוני ב</ItemName><ManufacturerName>מיה</ManufacturerName><ManufactureCountry>ישראל</ManufactureCountry><ManufacturerItemDescription>קישוט לעוגה צבעוני ב</ManufacturerItemDescription><SoldByWeight/><Quantity>70.00</Quantity><UnitOfMeasure>גרם     </UnitOfMeasure><QtyInPackage>לא ידוע</QtyInPackage><UnitOfMeasurePrice>0.0729</UnitOfMeasurePrice><AllowDiscount>1</AllowDiscount><ItemStatus>1</ItemStatus><ItemPrice>5.10</ItemPrice></item><item><PriceUpdateDate>2015-08-17 21:00:44</PriceUpdateDate><ItemCode>7290003681716</ItemCode><ItemType>1</ItemType><ItemName>גריסי פנינה 500 גרם</ItemName><ManufacturerName>מיה</ManufacturerName><ManufactureCountry>ישראל</ManufactureCountry><ManufacturerItemDescription>גריסי פנינה 500 גר</ManufacturerItemDescription><SoldByWeight/><Quantity>500.00</Quantity><UnitOfMeasure>גרם     </UnitOfMeasure><QtyInPackage>לא ידוע</QtyInPackage><UnitOfMeasurePrice>0.0138</UnitOfMeasurePrice><AllowDiscount>1</AllowDiscount><ItemStatus>1</ItemStatus><ItemPrice>6.90</ItemPrice></item><item><PriceUpdateDate>2016-08-02 07:35:12</PriceUpdateDate><ItemCode>7290003681945</ItemCode><ItemType>1</ItemType><ItemName>מיץ לימון טבעי 500 מ</ItemName><ManufacturerName>מיה</ManufacturerName><ManufactureCountry>ישראל</ManufactureCountry><ManufacturerItemDescription>מיץ לימון טבעי 500 מ</ManufacturerItemDescription><SoldByWeight/><Quantity>500.00</Quantity><UnitOfMeasure>מ"ל</UnitOfMeasure><QtyInPackage>לא ידוע</QtyInPackage><UnitOfMeasurePrice>0.0300</UnitOfMeasurePrice><AllowDiscount>1</AllowDiscount><ItemStatus>1</ItemStatus><ItemPrice>15.00</ItemPrice></item><item><PriceUpdateDate>2015-10-22 10:37:22</PriceUpdateDate><ItemCode>7290003715107</ItemCode><ItemType>1</ItemType><ItemName>בוטנים קלופים 400 גר</ItemName><ManufacturerName>זארובי</ManufacturerName><ManufactureCountry>ישראל</ManufactureCountry><ManufacturerItemDescription>בוטנים קלופים 400 גר</ManufacturerItemDescription><SoldByWeight/><Quantity>400.00</Quantity><UnitOfMeasure>גרם     </UnitOfMeasure><QtyInPackage>לא ידוע</QtyInPackage><UnitOfMeasurePrice>0.0333</UnitOfMeasurePrice><AllowDiscount>1</AllowDiscount><ItemStatus>1</ItemStatus><ItemPrice>13.30</ItemPrice></item><item><PriceUpdateDate>2014-11-10 06:31:16</PriceUpdateDate><ItemCode>7290003715299</ItemCode><ItemType>1</ItemType><ItemName>מעורב מובחר 350 גרם</ItemName><ManufacturerName>זארובי</ManufacturerName><ManufactureCountry>ישראל</ManufactureCountry><ManufacturerItemDescription>מעורב מובחר 350 גרם</ManufacturerItemDescription><SoldByWeight/><Quantity>350.00</Quantity><UnitOfMeasure>גרם     </UnitOfMeasure><QtyInPackage>לא ידוע</QtyInPackage><UnitOfMeasurePrice>0.0569</UnitOfMeasurePrice><AllowDiscount>1</AllowDiscount><ItemStatus>1</ItemStatus><ItemPrice>19.90</ItemPrice></item><item><PriceUpdateDate>2016-01-14 10:29:50</PriceUpdateDate><ItemCode>7290003715329</ItemCode><ItemType>1</ItemType><ItemName>בוטן קליפה 350 גרם</ItemName><ManufacturerName>זארובי</ManufacturerName><ManufactureCountry>ישראל</ManufactureCountry><ManufacturerItemDescription>בוטן קליפה 350 גרם</ManufacturerItemDescription><SoldByWeight/><Quantity>350.00</Quantity><UnitOfMeasure>גרם     </UnitOfMeasure><QtyInPackage>לא ידוע</QtyInPackage><UnitOfMeasurePrice>0.0311</UnitOfMeasurePrice><AllowDiscount>1</AllowDiscount><ItemStatus>1</ItemStatus><ItemPrice>10.90</ItemPrice></item><item><PriceUpdateDate>2015-10-22 10:37:23</PriceUpdateDate><ItemCode>7290003715435</ItemCode><ItemType>1</ItemType><ItemName>אגוז מלך 100 גרם</ItemName><ManufacturerName>לא ממותג</ManufacturerName><ManufactureCountry>ישראל</ManufactureCountry><ManufacturerItemDescription>אגוז מלך 100 גרם</ManufacturerItemDescription><SoldByWeight/><Quantity>100.00</Quantity><UnitOfMeasure>גרם     </UnitOfMeasure><QtyInPackage>לא ידוע</QtyInPackage><UnitOfMeasurePrice>0.1280</UnitOfMeasurePrice><AllowDiscount>1</AllowDiscount><ItemStatus>1</ItemStatus><ItemPrice>12.80</ItemPrice></item><item><PriceUpdateDate>2016-06-02 11:51:20</PriceUpdateDate><ItemCode>7290003715596</ItemCode><ItemType>1</ItemType><ItemName>אגוז מלך 300 גרם</ItemName><ManufacturerName>זארובי</ManufacturerName><ManufactureCountry>ישראל</ManufactureCountry><ManufacturerItemDescription>אגוז מלך 300 גרם</ManufacturerItemDescription><SoldByWeight/><Quantity>300.00</Quantity><UnitOfMeasure>גרם     </UnitOfMeasure><QtyInPackage>לא ידוע</QtyInPackage><UnitOfMeasurePrice>0.0963</UnitOfMeasurePrice><AllowDiscount>1</AllowDiscount><ItemStatus>1</ItemStatus><ItemPrice>28.90</ItemPrice></item><item><PriceUpdateDate>2015-10-22 10:37:23</PriceUpdateDate><ItemCode>7290003715688</ItemCode><ItemType>1</ItemType><ItemName>שקד מולבן 100 גרם</ItemName><ManufacturerName>לא ממותג</ManufacturerName><ManufactureCountry>ישראל</ManufactureCountry><ManufacturerItemDescription>שקד מולבן 100 גרם</ManufacturerItemDescription><SoldByWeight/><Quantity>100.00</Quantity><UnitOfMeasure>גרם     </UnitOfMeasure><QtyInPackage>לא ידוע</QtyInPackage><UnitOfMeasurePrice>0.1280</UnitOfMeasurePrice><AllowDiscount>1</AllowDiscount><ItemStatus>1</ItemStatus><ItemPrice>12.80</ItemPrice></item><item><PriceUpdateDate>2016-06-28 09:29:04</PriceUpdateDate><ItemCode>7290003744428</ItemCode><ItemType>1</ItemType><ItemName>אובלטים קימל 300 גרם</ItemName><ManufacturerName>לא ממותג</ManufacturerName><ManufactureCountry>ישראל</ManufactureCountry><ManufacturerItemDescription>אובלטים קימל 300 גרם</ManufacturerItemDescription><SoldByWeight/><Quantity>300.00</Quantity><UnitOfMeasure>גרם     </UnitOfMeasure><QtyInPackage>לא ידוע</QtyInPackage><UnitOfMeasurePrice>0.0440</UnitOfMeasurePrice><AllowDiscount>1</AllowDiscount><ItemStatus>1</ItemStatus><ItemPrice>13.20</ItemPrice></item><item><PriceUpdateDate>2016-08-10 08:23:10</PriceUpdateDate><ItemCode>7290003804351</ItemCode><ItemType>1</ItemType><ItemName>קנור מרק פטריות מוקר</ItemName><ManufacturerName>קנור</ManufacturerName><ManufactureCountry>ישראל</ManufactureCountry><ManufacturerItemDescription>מרקנור פטריות מוקרם פרווה</ManufacturerItemDescription><SoldByWeight/><Quantity>400.00</Quantity><UnitOfMeasure>גרם     </UnitOfMeasure><QtyInPackage>לא ידוע</QtyInPackage><UnitOfMeasurePrice>0.0722</UnitOfMeasurePrice><AllowDiscount>1</AllowDiscount><ItemStatus>1</ItemStatus><ItemPrice>28.90</ItemPrice></item><item><PriceUpdateDate>2016-08-10 08:23:10</PriceUpdateDate><ItemCode>7290003804375</ItemCode><ItemType>1</ItemType><ItemName>תיבוליות בניחוח צלי</ItemName><ManufacturerName>קנור</ManufacturerName><ManufactureCountry>ישראל</ManufactureCountry><ManufacturerItemDescription>תיבוליות בניחוח צלי</ManufacturerItemDescription><SoldByWeight/><Quantity>72.00</Quantity><UnitOfMeasure>גרם     </UnitOfMeasure><QtyInPackage>לא ידוע</QtyInPackage><UnitOfMeasurePrice>0.1653</UnitOfMeasurePrice><AllowDiscount>1</AllowDiscount><ItemStatus>1</ItemStatus><ItemPrice>11.90</ItemPrice></item><item><PriceUpdateDate>2016-08-10 08:23:10</PriceUpdateDate><ItemCode>7290003804382</ItemCode><ItemType>1</ItemType><ItemName>תיבוליות פטריות 72 ג</ItemName><ManufacturerName>קנור</ManufacturerName><ManufactureCountry>ישראל</ManufactureCountry><ManufacturerItemDescription>תיבוליות פטריות 72 ג</ManufacturerItemDescription><SoldByWeight/><Quantity>72.00</Quantity><UnitOfMeasure>גרם     </UnitOfMeasure><QtyInPackage>לא ידוע</QtyInPackage><UnitOfMeasurePrice>0.1653</UnitOfMeasurePrice><AllowDiscount>1</AllowDiscount><ItemStatus>1</ItemStatus><ItemPrice>11.90</ItemPrice></item><item><PriceUpdateDate>2016-03-29 07:04:32</PriceUpdateDate><ItemCode>7290003804924</ItemCode><ItemType>1</ItemType><ItemName>מרכך פינוק רימונים 7</ItemName><ManufacturerName>פינוק</ManufacturerName><ManufactureCountry>ישראל</ManufactureCountry><ManufacturerItemDescription>פינוק מרכך רימונים 700 מל</ManufacturerItemDescription><SoldByWeight/><Quantity>700.00</Quantity><UnitOfMeasure>מ"ל</UnitOfMeasure><QtyInPackage>לא ידוע</QtyInPackage><UnitOfMeasurePrice>0.0184</UnitOfMeasurePrice><AllowDiscount>1</AllowDiscount><ItemStatus>1</ItemStatus><ItemPrice>12.90</ItemPrice></item><item><PriceUpdateDate>2016-05-31 07:02:38</PriceUpdateDate><ItemCode>7290003805501</ItemCode><ItemType>1</ItemType><ItemName>פתית שוודי חסכוני בד</ItemName><ManufacturerName>פתית</ManufacturerName><ManufactureCountry>ישראל</ManufactureCountry><ManufacturerItemDescription>פתית שוודי חסכוני300 גר .</ManufacturerItemDescription><SoldByWeight/><Quantity>300.00</Quantity><UnitOfMeasure>גרם     </UnitOfMeasure><QtyInPackage>לא ידוע</QtyInPackage><UnitOfMeasurePrice>0.0590</UnitOfMeasurePrice><AllowDiscount>1</AllowDiscount><ItemStatus>1</ItemStatus><ItemPrice>17.70</ItemPrice></item><item><PriceUpdateDate>2015-12-24 09:43:29</PriceUpdateDate><ItemCode>7290003805525</ItemCode><ItemType>1</ItemType><ItemName>קורנפלקס תלמה בד"צ 7</ItemName><ManufacturerName>לא ממותג</ManufacturerName><ManufactureCountry>ישראל</ManufactureCountry><ManufacturerItemDescription>קורנפלקס תלמה בד"צ 7</ManufacturerItemDescription><SoldByWeight/><Quantity>750.00</Quantity><UnitOfMeasure>גרם     </UnitOfMeasure><QtyInPackage>לא ידוע</QtyInPackage><UnitOfMeasurePrice>0.0199</UnitOfMeasurePrice><AllowDiscount>0</AllowDiscount><ItemStatus>1</ItemStatus><ItemPrice>14.90</ItemPrice></item><item><PriceUpdateDate>2016-05-01 08:13:28</PriceUpdateDate><ItemCode>7290003805532</ItemCode><ItemType>1</ItemType><ItemName>דגני בוקר שוגי פיצי</ItemName><ManufacturerName>פיצי</ManufacturerName><ManufactureCountry>ישראל</ManufactureCountry><ManufacturerItemDescription>דגני בוקר שוגי פיצי</ManufacturerItemDescription><SoldByWeight/><Quantity>500.00</Quantity><UnitOfMeasure>גרם     </UnitOfMeasure><QtyInPackage>לא ידוע</QtyInPackage><UnitOfMeasurePrice>0.0458</UnitOfMeasurePrice><AllowDiscount>1</AllowDiscount><ItemStatus>1</ItemStatus><ItemPrice>22.90</ItemPrice></item><item><PriceUpdateDate>2016-05-31 07:02:38</PriceUpdateDate><ItemCode>7290003805587</ItemCode><ItemType>1</ItemType><ItemName>פתית חיטה מלאה 250 ג</ItemName><ManufacturerName>פתית</ManufacturerName><ManufactureCountry>ישראל</ManufactureCountry><ManufacturerItemDescription>פתית חיטה מלאה בדצ 250 גר</ManufacturerItemDescription><SoldByWeight/><Quantity>250.00</Quantity><UnitOfMeasure>גרם     </UnitOfMeasure><QtyInPackage>לא ידוע</QtyInPackage><UnitOfMeasurePrice>0.0708</UnitOfMeasurePrice><AllowDiscount>1</AllowDiscount><ItemStatus>1</ItemStatus><ItemPrice>17.70</ItemPrice></item><item><PriceUpdateDate>2016-05-31 07:02:39</PriceUpdateDate><ItemCode>7290003805709</ItemCode><ItemType>1</ItemType><ItemName>כריות נוגט בד"צ 750</ItemName><ManufacturerName>כריות</ManufacturerName><ManufactureCountry>ישראל</ManufactureCountry><ManufacturerItemDescription>כריות נוגט 750 גרם בדצ</ManufacturerItemDescription><SoldByWeight/><Quantity>750.00</Quantity><UnitOfMeasure>גרם     </UnitOfMeasure><QtyInPackage>לא ידוע</QtyInPackage><UnitOfMeasurePrice>0.0332</UnitOfMeasurePrice><AllowDiscount>1</AllowDiscount><ItemStatus>1</ItemStatus><ItemPrice>24.90</ItemPrice></item><item><PriceUpdateDate>2015-11-17 14:06:39</PriceUpdateDate><ItemCode>7290003806423</ItemCode><ItemType>1</ItemType><ItemName>תערובת עם פרורי לחם</ItemName><ManufacturerName>קנור</ManufacturerName><ManufactureCountry>ישראל</ManufactureCountry><ManufacturerItemDescription>תערובת עם פרורי לחם</ManufacturerItemDescription><SoldByWeight/><Quantity>180.00</Quantity><UnitOfMeasure>גרם     </UnitOfMeasure><QtyInPackage>לא ידוע</QtyInPackage><UnitOfMeasurePrice>0.0433</UnitOfMeasurePrice><AllowDiscount>1</AllowDiscount><ItemStatus>1</ItemStatus><ItemPrice>7.80</ItemPrice></item><item><PriceUpdateDate>2016-06-28 09:29:04</PriceUpdateDate><ItemCode>7290003807178</ItemCode><ItemType>1</ItemType><ItemName>רוטב קנור בסיגנון סי</ItemName><ManufacturerName>קנור</ManufacturerName><ManufactureCountry>ישראל</ManufactureCountry><ManufacturerItemDescription>רוטב קנור בסיגנון סי</ManufacturerItemDescription><SoldByWeight/><Quantity>300.00</Quantity><UnitOfMeasure>גרם     </UnitOfMeasure><QtyInPackage>לא ידוע</QtyInPackage><UnitOfMeasurePrice>0.0463</UnitOfMeasurePrice><AllowDiscount>1</AllowDiscount><ItemStatus>1</ItemStatus><ItemPrice>13.90</ItemPrice></item><item><PriceUpdateDate>2016-06-28 09:29:04</PriceUpdateDate><ItemCode>7290003807482</ItemCode><ItemType>1</ItemType><ItemName>רוטב קנור טריאקי 300</ItemName><ManufacturerName>קנור</ManufacturerName><ManufactureCountry>ישראל</ManufactureCountry><ManufacturerItemDescription>רוטב קנור טריאקי 300</ManufacturerItemDescription><SoldByWeight/><Quantity>300.00</Quantity><UnitOfMeasure>גרם     </UnitOfMeasure><QtyInPackage>לא ידוע</QtyInPackage><UnitOfMeasurePrice>0.0463</UnitOfMeasurePrice><AllowDiscount>1</AllowDiscount><ItemStatus>1</ItemStatus><ItemPrice>13.90</ItemPrice></item><item><PriceUpdateDate>2016-02-01 20:44:25</PriceUpdateDate><ItemCode>7290003808649</ItemCode><ItemType>1</ItemType><ItemName>שוקולד ורד גליל זוג</ItemName><ManufacturerName>ורד הגליל</ManufacturerName><ManufactureCountry>ישראל</ManufactureCountry><ManufacturerItemDescription>שוקולד ורד גליל זוג</ManufacturerItemDescription><SoldByWeight/><Quantity>200.00</Quantity><UnitOfMeasure>גרם     </UnitOfMeasure><QtyInPackage>לא ידוע</QtyInPackage><UnitOfMeasurePrice>0.0705</UnitOfMeasurePrice><AllowDiscount>1</AllowDiscount><ItemStatus>1</ItemStatus><ItemPrice>14.10</ItemPrice></item><item><PriceUpdateDate>2015-10-01 06:17:13</PriceUpdateDate><ItemCode>7290003864492</ItemCode><ItemType>1</ItemType><ItemName>סרדין בשמן חריף פתח</ItemName><ManufacturerName>.N.Y.C</ManufacturerName><ManufactureCountry>ישראל</ManufactureCountry><ManufacturerItemDescription>סרדין בשמן צמחי חריף 110</ManufacturerItemDescription><SoldByWeight/><Quantity>110.00</Quantity><UnitOfMeasure>גרם     </UnitOfMeasure><QtyInPackage>לא ידוע</QtyInPackage><UnitOfMeasurePrice>0.0436</UnitOfMeasurePrice><AllowDiscount>0</AllowDiscount><ItemStatus>1</ItemStatus><ItemPrice>4.80</ItemPrice></item><item><PriceUpdateDate>2016-02-16 20:38:19</PriceUpdateDate><ItemCode>7290003903955</ItemCode><ItemType>1</ItemType><ItemName>שוקולד פרה קרם חלב 1</ItemName><ManufacturerName>פרה</ManufacturerName><ManufactureCountry>ישראל</ManufactureCountry><ManufacturerItemDescription>שוקולד פרה קרם חלב 100 גר</ManufacturerItemDescription><SoldByWeight/><Quantity>100.00</Quantity><UnitOfMeasure>גרם     </UnitOfMeasure><QtyInPackage>לא ידוע</QtyInPackage><UnitOfMeasurePrice>0.0690</UnitOfMeasurePrice><AllowDiscount>0</AllowDiscount><ItemStatus>1</ItemStatus><ItemPrice>6.90</ItemPrice></item><item><PriceUpdateDate>2016-03-17 09:36:54</PriceUpdateDate><ItemCode>7290003904389</ItemCode><ItemType>1</ItemType><ItemName>שוקולד פרה מריר ללא</ItemName><ManufacturerName>פרה</ManufacturerName><ManufactureCountry>ישראל</ManufactureCountry><ManufacturerItemDescription>שוקולד פרה מריר ללא סוכר1</ManufacturerItemDescription><SoldByWeight/><Quantity>100.00</Quantity><UnitOfMeasure>גרם     </UnitOfMeasure><QtyInPackage>לא ידוע</QtyInPackage><UnitOfMeasurePrice>0.0950</UnitOfMeasurePrice><AllowDiscount>1</AllowDiscount><ItemStatus>1</ItemStatus><ItemPrice>9.50</ItemPrice></item><item><PriceUpdateDate>2016-02-16 20:38:19</PriceUpdateDate><ItemCode>7290003905331</ItemCode><ItemType>1</ItemType><ItemName>שוקולד פרה חלב אגוזי</ItemName><ManufacturerName>פרה</ManufacturerName><ManufactureCountry>ישראל</ManufactureCountry><ManufacturerItemDescription>שוקולד פרה חלב+אגוזים 100</ManufacturerItemDescription><SoldByWeight/><Quantity>100.00</Quantity><UnitOfMeasure>גרם     </UnitOfMeasure><QtyInPackage>לא ידוע</QtyInPackage><UnitOfMeasurePrice>0.0690</UnitOfMeasurePrice><AllowDiscount>0</AllowDiscount><ItemStatus>1</ItemStatus><ItemPrice>6.90</ItemPrice></item><item><PriceUpdateDate>2016-03-17 09:36:54</PriceUpdateDate><ItemCode>7290003905362</ItemCode><ItemType>1</ItemType><ItemName>שוקולד חלב פרה ללא ס</ItemName><ManufacturerName>פרה</ManufacturerName><ManufactureCountry>ישראל</ManufactureCountry><ManufacturerItemDescription>שוקולד חלב ללא סוכר 100 ג</ManufacturerItemDescription><SoldByWeight/><Quantity>100.00</Quantity><UnitOfMeasure>גרם     </UnitOfMeasure><QtyInPackage>לא ידוע</QtyInPackage><UnitOfMeasurePrice>0.0950</UnitOfMeasurePrice><AllowDiscount>1</AllowDiscount><ItemStatus>1</ItemStatus><ItemPrice>9.50</ItemPrice></item><item><PriceUpdateDate>2016-05-31 06:55:34</PriceUpdateDate><ItemCode>7290003938049</ItemCode><ItemType>1</ItemType><ItemName>נוזל הברקה למדיח שוי</ItemName><ManufacturerName>הפי</ManufacturerName><ManufactureCountry>ישראל</ManufactureCountry><ManufacturerItemDescription>נוזל הברקה למדיח שוי</ManufacturerItemDescription><SoldByWeight/><Quantity>500.00</Quantity><UnitOfMeasure>מ"ל</UnitOfMeasure><QtyInPackage>לא ידוע</QtyInPackage><UnitOfMeasurePrice>0.0544</UnitOfMeasurePrice><AllowDiscount>1</AllowDiscount><ItemStatus>1</ItemStatus><ItemPrice>27.20</ItemPrice></item><item><PriceUpdateDate>2016-08-10 08:23:10</PriceUpdateDate><ItemCode>7290003989096</ItemCode><ItemType>1</ItemType><ItemName>חציל פיקנטי 500 גרם</ItemName><ManufacturerName>אחלה</ManufacturerName><ManufactureCountry>ישראל</ManufactureCountry><ManufacturerItemDescription>סלט 500חציל פיקנטי אחלה</ManufacturerItemDescription><SoldByWeight/><Quantity>500.00</Quantity><UnitOfMeasure>גרם     </UnitOfMeasure><QtyInPackage>לא ידוע</QtyInPackage><UnitOfMeasurePrice>0.0374</UnitOfMeasurePrice><AllowDiscount>1</AllowDiscount><ItemStatus>1</ItemStatus><ItemPrice>18.70</ItemPrice></item><item><PriceUpdateDate>2016-06-28 09:29:04</PriceUpdateDate><ItemCode>7290004011284</ItemCode><ItemType>1</ItemType><ItemName>קצפת ריצ' פרווה 212</ItemName><ManufacturerName>ריצ</ManufacturerName><ManufactureCountry>ארצות הברית</ManufactureCountry><ManufacturerItemDescription>בייבי ביס       נה 50 גר</ManufacturerItemDescription><SoldByWeight/><Quantity>212.00</Quantity><UnitOfMeasure>מ"ל</UnitOfMeasure><QtyInPackage>לא ידוע</QtyInPackage><UnitOfMeasurePrice>0.0528</UnitOfMeasurePrice><AllowDiscount>1</AllowDiscount><ItemStatus>1</ItemStatus><ItemPrice>11.20</ItemPrice></item><item><PriceUpdateDate>2016-08-02 07:39:24</PriceUpdateDate><ItemCode>7290004011291</ItemCode><ItemType>1</ItemType><ItemName>מב קצפת ריצ' פרווה 4</ItemName><ManufacturerName>ריצ</ManufacturerName><ManufactureCountry>ארצות הברית</ManufactureCountry><ManufacturerItemDescription>דאק דיסק ג'ל    לה לבנדר</ManufacturerItemDescription><SoldByWeight/><Quantity>425.00</Quantity><UnitOfMeasure>מ"ל</UnitOfMeasure><QtyInPackage>לא ידוע</QtyInPackage><UnitOfMeasurePrice>0.0282</UnitOfMeasurePrice><AllowDiscount>1</AllowDiscount><ItemStatus>1</ItemStatus><ItemPrice>12.00</ItemPrice></item><item><PriceUpdateDate>2016-08-02 07:35:13</PriceUpdateDate><ItemCode>7290004011338</ItemCode><ItemType>1</ItemType><ItemName>מב קצפת ריצ' חלבי במ</ItemName><ManufacturerName>ריצ</ManufacturerName><ManufactureCountry>איטליה</ManufactureCountry><ManufacturerItemDescription>רייד בליסטר2X   וי+מכשיר</ManufacturerItemDescription><SoldByWeight/><Quantity>250.00</Quantity><UnitOfMeasure>גרם     </UnitOfMeasure><QtyInPackage>לא ידוע</QtyInPackage><UnitOfMeasurePrice>0.0436</UnitOfMeasurePrice><AllowDiscount>1</AllowDiscount><ItemStatus>1</ItemStatus><ItemPrice>10.90</ItemPrice></item><item><PriceUpdateDate>2016-08-02 07:35:13</PriceUpdateDate><ItemCode>7290004011345</ItemCode><ItemType>1</ItemType><ItemName>מב קצפת ריצ' פרווה ב</ItemName><ManufacturerName>ריצ</ManufacturerName><ManufactureCountry>ישראל</ManufactureCountry><ManufacturerItemDescription>קצפת ריצ פרווה במיכל 250</ManufacturerItemDescription><SoldByWeight/><Quantity>250.00</Quantity><UnitOfMeasure>גרם     </UnitOfMeasure><QtyInPackage>לא ידוע</QtyInPackage><UnitOfMeasurePrice>0.0436</UnitOfMeasurePrice><AllowDiscount>1</AllowDiscount><ItemStatus>1</ItemStatus><ItemPrice>10.90</ItemPrice></item><item><PriceUpdateDate>2016-08-02 07:39:24</PriceUpdateDate><ItemCode>7290004011819</ItemCode><ItemType>1</ItemType><ItemName>מב המבורגר ריב אנטרי</ItemName><ManufacturerName>אל גאוצו</ManufacturerName><ManufactureCountry>ישראל</ManufactureCountry><ManufacturerItemDescription>המבורגר ריב אנטריקוט 360</ManufacturerItemDescription><SoldByWeight/><Quantity>360.00</Quantity><UnitOfMeasure>גרם     </UnitOfMeasure><QtyInPackage>לא ידוע</QtyInPackage><UnitOfMeasurePrice>0.0608</UnitOfMeasurePrice><AllowDiscount>1</AllowDiscount><ItemStatus>1</ItemStatus><ItemPrice>21.90</ItemPrice></item><item><PriceUpdateDate>2016-08-02 07:35:14</PriceUpdateDate><ItemCode>7290004030414</ItemCode><ItemType>1</ItemType><ItemName>מיץ סחוט תפוזים 2 לי</ItemName><ManufacturerName>פריניב סחוט</ManufacturerName><ManufactureCountry>ישראל</ManufactureCountry><ManufacturerItemDescription>מיץ תפוזים 2 ליטר</ManufacturerItemDescription><SoldByWeight/><Quantity>2000.00</Quantity><UnitOfMeasure>מ"ל</UnitOfMeasure><QtyInPackage>לא ידוע</QtyInPackage><UnitOfMeasurePrice>0.0099</UnitOfMeasurePrice><AllowDiscount>1</AllowDiscount><ItemStatus>1</ItemStatus><ItemPrice>19.90</ItemPrice></item><item><PriceUpdateDate>2016-08-02 07:39:25</PriceUpdateDate><ItemCode>7290004030445</ItemCode><ItemType>1</ItemType><ItemName>מב מיץ סחוט תפוז 1 ל</ItemName><ManufacturerName>פריניב סחוט</ManufacturerName><ManufactureCountry>ישראל</ManufactureCountry><ManufacturerItemDescription>מיץ תפוזים1 ליטר</ManufacturerItemDescription><SoldByWeight/><Quantity>1000.00</Quantity><UnitOfMeasure>מ"ל</UnitOfMeasure><QtyInPackage>לא ידוע</QtyInPackage><UnitOfMeasurePrice>0.0099</UnitOfMeasurePrice><AllowDiscount>1</AllowDiscount><ItemStatus>1</ItemStatus><ItemPrice>9.90</ItemPrice></item><item><PriceUpdateDate>2015-10-01 06:17:13</PriceUpdateDate><ItemCode>7290004063016</ItemCode><ItemType>1</ItemType><ItemName>מלח שולחן 1 קג</ItemName><ManufacturerName>סלית</ManufacturerName><ManufactureCountry>ישראל</ManufactureCountry><ManufacturerItemDescription>מלח שולחן מעולה דק 1 קג פ</ManufacturerItemDescription><SoldByWeight/><Quantity>1000.00</Quantity><UnitOfMeasure>גרם     </UnitOfMeasure><QtyInPackage>לא ידוע</QtyInPackage><UnitOfMeasurePrice>0.0021</UnitOfMeasurePrice><AllowDiscount>1</AllowDiscount><ItemStatus>1</ItemStatus><ItemPrice>2.07</ItemPrice></item><item><PriceUpdateDate>2015-10-01 06:17:14</PriceUpdateDate><ItemCode>7290004063115</ItemCode><ItemType>1</ItemType><ItemName>מלח בישול 1 קג</ItemName><ManufacturerName>לא ממותג</ManufacturerName><ManufactureCountry>ישראל</ManufactureCountry><ManufacturerItemDescription>מלח בישול1 קג     פיקוח</ManufacturerItemDescription><SoldByWeight/><Quantity>1000.00</Quantity><UnitOfMeasure>גרם     </UnitOfMeasure><QtyInPackage>לא ידוע</QtyInPackage><UnitOfMeasurePrice>0.0021</UnitOfMeasurePrice><AllowDiscount>1</AllowDiscount><ItemStatus>1</ItemStatus><ItemPrice>2.07</ItemPrice></item><item><PriceUpdateDate>2014-11-10 06:30:09</PriceUpdateDate><ItemCode>7290004068363</ItemCode><ItemType>3</ItemType><ItemName>גבינת רולדה עיזים פפ</ItemName><ManufacturerName>גד</ManufacturerName><ManufactureCountry>ישראל</ManufactureCountry><ManufacturerItemDescription>גבינת רולדה עיזים פפ</ManufacturerItemDescription><SoldByWeight/><Quantity>1.00</Quantity><UnitOfMeasure>ק"ג</UnitOfMeasure><QtyInPackage>לא ידוע</QtyInPackage><UnitOfMeasurePrice>142.0000</UnitOfMeasurePrice><AllowDiscount>1</AllowDiscount><ItemStatus>1</ItemStatus><ItemPrice>142.00</ItemPrice></item><item><PriceUpdateDate>2016-06-16 13:18:04</PriceUpdateDate><ItemCode>7290004068585</ItemCode><ItemType>3</ItemType><ItemName>גבינת גאודה עיזים מש</ItemName><ManufacturerName>גד</ManufacturerName><ManufactureCountry>ישראל</ManufactureCountry><ManufacturerItemDescription>גבינת גאודה עיזים מש</ManufacturerItemDescription><SoldByWeight/><Quantity>1.00</Quantity><UnitOfMeasure>ק"ג</UnitOfMeasure><QtyInPackage>לא ידוע</QtyInPackage><UnitOfMeasurePrice>129.0000</UnitOfMeasurePrice><AllowDiscount>1</AllowDiscount><ItemStatus>1</ItemStatus><ItemPrice>129.00</ItemPrice></item><item><PriceUpdateDate>2016-01-11 07:09:18</PriceUpdateDate><ItemCode>7290004078270</ItemCode><ItemType>1</ItemType><ItemName>נוזל כלים פלמוליב צי</ItemName><ManufacturerName>פלמוליב</ManufacturerName><ManufactureCountry>ישראל</ManufactureCountry><ManufacturerItemDescription>פלמוליב לכלים   מון1ליטר</ManufacturerItemDescription><SoldByWeight/><Quantity>1000.00</Quantity><UnitOfMeasure>מ"ל</UnitOfMeasure><QtyInPackage>לא ידוע</QtyInPackage><UnitOfMeasurePrice>0.0149</UnitOfMeasurePrice><AllowDiscount>1</AllowDiscount><ItemStatus>1</ItemStatus><ItemPrice>14.90</ItemPrice></item><item><PriceUpdateDate>2016-08-02 07:35:15</PriceUpdateDate><ItemCode>7290004078379</ItemCode><ItemType>1</ItemType><ItemName>מב משחת שיניים קולגי</ItemName><ManufacturerName>קולגייט</ManufacturerName><ManufactureCountry>פולין</ManufactureCountry><ManufacturerItemDescription>דאק סטריפ       בנדר10יח</ManufacturerItemDescription><SoldByWeight/><Quantity>100.00</Quantity><UnitOfMeasure>מ"ל</UnitOfMeasure><QtyInPackage>לא ידוע</QtyInPackage><UnitOfMeasurePrice>0.1590</UnitOfMeasurePrice><AllowDiscount>1</AllowDiscount><ItemStatus>1</ItemStatus><ItemPrice>15.90</ItemPrice></item><item><PriceUpdateDate>2015-11-18 13:59:07</PriceUpdateDate><ItemCode>7290004078690</ItemCode><ItemType>1</ItemType><ItemName>אג'קס לניקוי שרותים</ItemName><ManufacturerName>אג'קס</ManufacturerName><ManufactureCountry>צרפת</ManufactureCountry><ManufacturerItemDescription>אג'קס מרענן     750 מ"ל</ManufacturerItemDescription><SoldByWeight/><Quantity>750.00</Quantity><UnitOfMeasure>מ"ל</UnitOfMeasure><QtyInPackage>לא ידוע</QtyInPackage><UnitOfMeasurePrice>0.0245</UnitOfMeasurePrice><AllowDiscount>1</AllowDiscount><ItemStatus>1</ItemStatus><ItemPrice>18.40</ItemPrice></item><item><PriceUpdateDate>2016-08-10 08:23:10</PriceUpdateDate><ItemCode>7290004119133</ItemCode><ItemType>1</ItemType><ItemName>יוגורט כד 7% תנובה 1</ItemName><ManufacturerName>יוגורט כדים תנובה</ManufacturerName><ManufactureCountry>ישראל</ManufactureCountry><ManufacturerItemDescription>יוגורט כד 7% תנובה 1</ManufacturerItemDescription><SoldByWeight/><Quantity>1500.00</Quantity><UnitOfMeasure>מ"ל</UnitOfMeasure><QtyInPackage>לא ידוע</QtyInPackage><UnitOfMeasurePrice>0.0119</UnitOfMeasurePrice><AllowDiscount>1</AllowDiscount><ItemStatus>1</ItemStatus><ItemPrice>17.90</ItemPrice></item><item><PriceUpdateDate>2016-06-13 09:58:43</PriceUpdateDate><ItemCode>7290004119225</ItemCode><ItemType>1</ItemType><ItemName>יופלה אננס 3% 150 גר</ItemName><ManufacturerName>יופלה</ManufacturerName><ManufactureCountry>ישראל</ManufactureCountry><ManufacturerItemDescription>יופלה אננס 150 3% מל</ManufacturerItemDescription><SoldByWeight/><Quantity>150.00</Quantity><UnitOfMeasure>גרם     </UnitOfMeasure><QtyInPackage>לא ידוע</QtyInPackage><UnitOfMeasurePrice>0.0327</UnitOfMeasurePrice><AllowDiscount>1</AllowDiscount><ItemStatus>1</ItemStatus><ItemPrice>4.90</ItemPrice></item><item><PriceUpdateDate>2015-10-11 20:34:23</PriceUpdateDate><ItemCode>7290004119522</ItemCode><ItemType>1</ItemType><ItemName>שוקו תנובה בשקית 225</ItemName><ManufacturerName>שוק</ManufacturerName><ManufactureCountry>ישראל</ManufactureCountry><ManufacturerItemDescription>שוקו שוק בשקית 225 מל</ManufacturerItemDescription><SoldByWeight/><Quantity>225.00</Quantity><UnitOfMeasure>מ"ל</UnitOfMeasure><QtyInPackage>לא ידוע</QtyInPackage><UnitOfMeasurePrice>0.0129</UnitOfMeasurePrice><AllowDiscount>1</AllowDiscount><ItemStatus>1</ItemStatus><ItemPrice>2.90</ItemPrice></item><item><PriceUpdateDate>2015-10-22 10:37:24</PriceUpdateDate><ItemCode>7290004119928</ItemCode><ItemType>1</ItemType><ItemName>מעדן קרלו וניל 1.5%</ItemName><ManufacturerName>קרלו</ManufacturerName><ManufactureCountry>ישראל</ManufactureCountry><ManufacturerItemDescription>קרלו מעדן וניל125 3%מל</ManufacturerItemDescription><SoldByWeight/><Quantity>125.00</Quantity><UnitOfMeasure>גרם     </UnitOfMeasure><QtyInPackage>לא ידוע</QtyInPackage><UnitOfMeasurePrice>0.0240</UnitOfMeasurePrice><AllowDiscount>1</AllowDiscount><ItemStatus>1</ItemStatus><ItemPrice>3.00</ItemPrice></item><item><PriceUpdateDate>2015-10-11 20:34:23</PriceUpdateDate><ItemCode>7290004119973</ItemCode><ItemType>1</ItemType><ItemName>מעדן קרלו שוקו 1.5%</ItemName><ManufacturerName>קרלו</ManufacturerName><ManufactureCountry>ישראל</ManufactureCountry><ManufacturerItemDescription>קרלו מעדן שוקו125 3% מל</ManufacturerItemDescription><SoldByWeight/><Quantity>125.00</Quantity><UnitOfMeasure>מ"ל</UnitOfMeasure><QtyInPackage>לא ידוע</QtyInPackage><UnitOfMeasurePrice>0.0240</UnitOfMeasurePrice><AllowDiscount>1</AllowDiscount><ItemStatus>1</ItemStatus><ItemPrice>3.00</ItemPrice></item><item><PriceUpdateDate>2015-10-11 20:34:23</PriceUpdateDate><ItemCode>7290004120061</ItemCode><ItemType>1</ItemType><ItemName>מעדן קרלו שוניל 1.5%</ItemName><ManufacturerName>קרלו</ManufacturerName><ManufactureCountry>ישראל</ManufactureCountry><ManufacturerItemDescription>קרלו מעדן שוניל 125 1.5%</ManufacturerItemDescription><SoldByWeight/><Quantity>125.00</Quantity><UnitOfMeasure>גרם     </UnitOfMeasure><QtyInPackage>לא ידוע</QtyInPackage><UnitOfMeasurePrice>0.0248</UnitOfMeasurePrice><AllowDiscount>1</AllowDiscount><ItemStatus>1</ItemStatus><ItemPrice>3.10</ItemPrice></item><item><PriceUpdateDate>2016-08-02 07:35:15</PriceUpdateDate><ItemCode>7290004120566</ItemCode><ItemType>1</ItemType><ItemName>גבינה בולגרית 24% פי</ItemName><ManufacturerName>פיראוס</ManufacturerName><ManufactureCountry>ישראל</ManufactureCountry><ManufacturerItemDescription>גבינה בולגרית פיראוס250-2</ManufacturerItemDescription><SoldByWeight/><Quantity>250.00</Quantity><UnitOfMeasure>גרם     </UnitOfMeasure><QtyInPackage>לא ידוע</QtyInPackage><UnitOfMeasurePrice>0.0960</UnitOfMeasurePrice><AllowDiscount>1</AllowDiscount><ItemStatus>1</ItemStatus><ItemPrice>24.00</ItemPrice></item><item><PriceUpdateDate>2016-04-22 09:51:57</PriceUpdateDate><ItemCode>7290004120832</ItemCode><ItemType>1</ItemType><ItemName>חלב כד 3% מהדרין 2 ל</ItemName><ManufacturerName>חלב תנובה</ManufacturerName><ManufactureCountry>ישראל</ManufactureCountry><ManufacturerItemDescription>חלב כד 3% מהדרין 2 ל</ManufacturerItemDescription><SoldByWeight/><Quantity>2000.00</Quantity><UnitOfMeasure>מ"ל</UnitOfMeasure><QtyInPackage>לא ידוע</QtyInPackage><UnitOfMeasurePrice>0.0058</UnitOfMeasurePrice><AllowDiscount>1</AllowDiscount><ItemStatus>1</ItemStatus><ItemPrice>11.50</ItemPrice></item><item><PriceUpdateDate>2016-02-17 09:57:53</PriceUpdateDate><ItemCode>7290004121488</ItemCode><ItemType>1</ItemType><ItemName>יופלה דיאט אפרסק 0%</ItemName><ManufacturerName>יופלה</ManufacturerName><ManufactureCountry>ישראל</ManufactureCountry><ManufacturerItemDescription>יופלה דיאט אפרסק 150 גרם</ManufacturerItemDescription><SoldByWeight/><Quantity>150.00</Quantity><UnitOfMeasure>גרם     </UnitOfMeasure><QtyInPackage>לא ידוע</QtyInPackage><UnitOfMeasurePrice>0.0353</UnitOfMeasurePrice><AllowDiscount>1</AllowDiscount><ItemStatus>1</ItemStatus><ItemPrice>5.30</ItemPrice></item><item><PriceUpdateDate>2016-08-02 07:39:26</PriceUpdateDate><ItemCode>7290004121525</ItemCode><ItemType>1</ItemType><ItemName>מב מאגדת יופלה3% אפר</ItemName><ManufacturerName>יופלה</ManufacturerName><ManufactureCountry>ישראל</ManufactureCountry><ManufacturerItemDescription>מב מאגדת יופלה3% אפר</ManufacturerItemDescription><SoldByWeight/><Quantity>2880.00</Quantity><UnitOfMeasure>מ"ל</UnitOfMeasure><QtyInPackage>לא ידוע</QtyInPackage><UnitOfMeasurePrice>0.0086</UnitOfMeasurePrice><AllowDiscount>1</AllowDiscount><ItemStatus>1</ItemStatus><ItemPrice>24.90</ItemPrice></item><item><PriceUpdateDate>2016-06-13 09:58:43</PriceUpdateDate><ItemCode>7290004121754</ItemCode><ItemType>1</ItemType><ItemName>יופלה עוגת גבינה 3%</ItemName><ManufacturerName>יופלה</ManufacturerName><ManufactureCountry>ישראל</ManufactureCountry><ManufacturerItemDescription>יופלה עוגת קרם גבינה ותות</ManufacturerItemDescription><SoldByWeight/><Quantity>150.00</Quantity><UnitOfMeasure>גרם     </UnitOfMeasure><QtyInPackage>לא ידוע</QtyInPackage><UnitOfMeasurePrice>0.0327</UnitOfMeasurePrice><AllowDiscount>1</AllowDiscount><ItemStatus>1</ItemStatus><ItemPrice>4.90</ItemPrice></item><item><PriceUpdateDate>2016-06-15 08:32:04</PriceUpdateDate><ItemCode>7290004122089</ItemCode><ItemType>1</ItemType><ItemName>גבינת עמק פתיתים 200</ItemName><ManufacturerName>שף לבן</ManufacturerName><ManufactureCountry>ישראל</ManufactureCountry><ManufacturerItemDescription>פתיתי עמק למאפים 200 גרם</ManufacturerItemDescription><SoldByWeight/><Quantity>200.00</Quantity><UnitOfMeasure>גרם     </UnitOfMeasure><QtyInPackage>לא ידוע</QtyInPackage><UnitOfMeasurePrice>0.0730</UnitOfMeasurePrice><AllowDiscount>1</AllowDiscount><ItemStatus>1</ItemStatus><ItemPrice>14.60</ItemPrice></item><item><PriceUpdateDate>2016-06-15 08:32:04</PriceUpdateDate><ItemCode>7290004122119</ItemCode><ItemType>1</ItemType><ItemName>גבינת פתיתי פרמזן לפ</ItemName><ManufacturerName>שף לבן</ManufacturerName><ManufactureCountry>ישראל</ManufactureCountry><ManufacturerItemDescription>פרמזן פתיתים100 גר</ManufacturerItemDescription><SoldByWeight/><Quantity>1000.00</Quantity><UnitOfMeasure>גרם     </UnitOfMeasure><QtyInPackage>לא ידוע</QtyInPackage><UnitOfMeasurePrice>0.0122</UnitOfMeasurePrice><AllowDiscount>1</AllowDiscount><ItemStatus>1</ItemStatus><ItemPrice>12.20</ItemPrice></item><item><PriceUpdateDate>2016-08-10 08:23:10</PriceUpdateDate><ItemCode>7290004122195</ItemCode><ItemType>1</ItemType><ItemName>צהובה גוש חלב 28% פר</ItemName><ManufacturerName>גוש חלב</ManufacturerName><ManufactureCountry>ישראל</ManufactureCountry><ManufacturerItemDescription>צהובה גוש חלב 28% פר</ManufacturerItemDescription><SoldByWeight/><Quantity>200.00</Quantity><UnitOfMeasure>גרם     </UnitOfMeasure><QtyInPackage>לא ידוע</QtyInPackage><UnitOfMeasurePrice>0.0695</UnitOfMeasurePrice><AllowDiscount>1</AllowDiscount><ItemStatus>1</ItemStatus><ItemPrice>13.90</ItemPrice></item><item><PriceUpdateDate>2015-10-01 06:17:14</PriceUpdateDate><ItemCode>7290004122270</ItemCode><ItemType>1</ItemType><ItemName>גבינה עמק פרוס 200 ג</ItemName><ManufacturerName>עמק</ManufacturerName><ManufactureCountry>ישראל</ManufactureCountry><ManufacturerItemDescription>גבינה עמק פרוס פתיחה חוזר</ManufacturerItemDescription><SoldByWeight/><Quantity>200.00</Quantity><UnitOfMeasure>גרם     </UnitOfMeasure><QtyInPackage>לא ידוע</QtyInPackage><UnitOfMeasurePrice>0.0765</UnitOfMeasurePrice><AllowDiscount>1</AllowDiscount><ItemStatus>1</ItemStatus><ItemPrice>15.30</ItemPrice></item><item><PriceUpdateDate>2015-10-11 20:34:23</PriceUpdateDate><ItemCode>7290004122348</ItemCode><ItemType>1</ItemType><ItemName>גבינת עמק לייט 9% 20</ItemName><ManufacturerName>עמק</ManufacturerName><ManufactureCountry>ישראל</ManufactureCountry><ManufacturerItemDescription>גבינה קשה עמק לייט200 9%</ManufacturerItemDescription><SoldByWeight/><Quantity>200.00</Quantity><UnitOfMeasure>גרם     </UnitOfMeasure><QtyInPackage>לא ידוע</QtyInPackage><UnitOfMeasurePrice>0.0835</UnitOfMeasurePrice><AllowDiscount>1</AllowDiscount><ItemStatus>1</ItemStatus><ItemPrice>16.70</ItemPrice></item><item><PriceUpdateDate>2016-06-17 09:29:55</PriceUpdateDate><ItemCode>7290004122560</ItemCode><ItemType>1</ItemType><ItemName>פתיתי עמק למאפה השף</ItemName><ManufacturerName>שף לבן</ManufacturerName><ManufactureCountry>ישראל</ManufactureCountry><ManufacturerItemDescription>פתיתי עמק למאפה השף</ManufacturerItemDescription><SoldByWeight/><Quantity>500.00</Quantity><UnitOfMeasure>גרם     </UnitOfMeasure><QtyInPackage>לא ידוע</QtyInPackage><UnitOfMeasurePrice>0.0678</UnitOfMeasurePrice><AllowDiscount>1</AllowDiscount><ItemStatus>1</ItemStatus><ItemPrice>33.90</ItemPrice></item><item><PriceUpdateDate>2015-10-11 20:34:23</PriceUpdateDate><ItemCode>7290004122676</ItemCode><ItemType>1</ItemType><ItemName>גבינת חמד פיראוס ליי</ItemName><ManufacturerName>פיראוס</ManufacturerName><ManufactureCountry>ישראל</ManufactureCountry><ManufacturerItemDescription>גבינת חמד פיראוס ליי</ManufacturerItemDescription><SoldByWeight/><Quantity>250.00</Quantity><UnitOfMeasure>גרם     </UnitOfMeasure><QtyInPackage>לא ידוע</QtyInPackage><UnitOfMeasurePrice>0.0700</UnitOfMeasurePrice><AllowDiscount>1</AllowDiscount><ItemStatus>1</ItemStatus><ItemPrice>17.50</ItemPrice></item><item><PriceUpdateDate>2015-11-18 13:59:08</PriceUpdateDate><ItemCode>7290004122744</ItemCode><ItemType>1</ItemType><ItemName>יופלהתות בד''צ 150 מ</ItemName><ManufacturerName>יופלה בד"צ</ManufacturerName><ManufactureCountry>ישראל</ManufactureCountry><ManufacturerItemDescription>יופלהתות בד''צ 150 מ</ManufacturerItemDescription><SoldByWeight/><Quantity>150.00</Quantity><UnitOfMeasure>מ"ל</UnitOfMeasure><QtyInPackage>לא ידוע</QtyInPackage><UnitOfMeasurePrice>0.0313</UnitOfMeasurePrice><AllowDiscount>1</AllowDiscount><ItemStatus>1</ItemStatus><ItemPrice>4.70</ItemPrice></item><item><PriceUpdateDate>2016-08-10 08:23:47</PriceUpdateDate><ItemCode>7290004123284</ItemCode><ItemType>1</ItemType><ItemName>מב גבינה לבנה רכה 5%</ItemName><ManufacturerName>גבינות תנובה</ManufacturerName><ManufactureCountry>ישראל</ManufactureCountry><ManufacturerItemDescription>מב גבינה לבנה רכה 5%</ManufacturerItemDescription><SoldByWeight/><Quantity>250.00</Quantity><UnitOfMeasure>גרם     </UnitOfMeasure><QtyInPackage>לא ידוע</QtyInPackage><UnitOfMeasurePrice>0.0160</UnitOfMeasurePrice><AllowDiscount>1</AllowDiscount><ItemStatus>1</ItemStatus><ItemPrice>4.00</ItemPrice></item><item><PriceUpdateDate>2016-02-17 09:57:53</PriceUpdateDate><ItemCode>7290004124205</ItemCode><ItemType>1</ItemType><ItemName>יופלה דיאט תות 0% 15</ItemName><ManufacturerName>יופלה</ManufacturerName><ManufactureCountry>ישראל</ManufactureCountry><ManufacturerItemDescription>יופלה דיאט תות 150 מל</ManufacturerItemDescription><SoldByWeight/><Quantity>150.00</Quantity><UnitOfMeasure>גרם     </UnitOfMeasure><QtyInPackage>לא ידוע</QtyInPackage><UnitOfMeasurePrice>0.0353</UnitOfMeasurePrice><AllowDiscount>1</AllowDiscount><ItemStatus>1</ItemStatus><ItemPrice>5.30</ItemPrice></item><item><PriceUpdateDate>2016-06-13 09:58:43</PriceUpdateDate><ItemCode>7290004124892</ItemCode><ItemType>1</ItemType><ItemName>יופלה פירות יבשים 4%</ItemName><ManufacturerName>יופלה</ManufacturerName><ManufactureCountry>ישראל</ManufactureCountry><ManufacturerItemDescription>יופלה פירות יבשים 150 4%</ManufacturerItemDescription><SoldByWeight/><Quantity>150.00</Quantity><UnitOfMeasure>גרם     </UnitOfMeasure><QtyInPackage>לא ידוע</QtyInPackage><UnitOfMeasurePrice>0.0327</UnitOfMeasurePrice><AllowDiscount>1</AllowDiscount><ItemStatus>1</ItemStatus><ItemPrice>4.90</ItemPrice></item><item><PriceUpdateDate>2015-10-11 20:34:24</PriceUpdateDate><ItemCode>7290004125370</ItemCode><ItemType>1</ItemType><ItemName>שמנת תנובה 9% שומן</ItemName><ManufacturerName>חלב תנובה</ManufacturerName><ManufactureCountry>ישראל</ManufactureCountry><ManufacturerItemDescription>שמנת תנובה 200 9% מל</ManufacturerItemDescription><SoldByWeight/><Quantity>200.00</Quantity><UnitOfMeasure>מ"ל</UnitOfMeasure><QtyInPackage>לא ידוע</QtyInPackage><UnitOfMeasurePrice>0.0185</UnitOfMeasurePrice><AllowDiscount>1</AllowDiscount><ItemStatus>1</ItemStatus><ItemPrice>3.70</ItemPrice></item><item><PriceUpdateDate>2016-02-11 08:21:17</PriceUpdateDate><ItemCode>7290004125400</ItemCode><ItemType>1</ItemType><ItemName>אשל לבן 4.5% 200 מ"ל</ItemName><ManufacturerName>אשל</ManufacturerName><ManufactureCountry>ישראל</ManufactureCountry><ManufacturerItemDescription>שלי אשל200 מל מהדרין פיקו</ManufacturerItemDescription><SoldByWeight/><Quantity>200.00</Quantity><UnitOfMeasure>מ"ל</UnitOfMeasure><QtyInPackage>לא ידוע</QtyInPackage><UnitOfMeasurePrice>0.0078</UnitOfMeasurePrice><AllowDiscount>1</AllowDiscount><ItemStatus>1</ItemStatus><ItemPrice>1.55</ItemPrice></item><item><PriceUpdateDate>2016-02-11 08:21:17</PriceUpdateDate><ItemCode>7290004125417</ItemCode><ItemType>1</ItemType><ItemName>גיל לבן 3% 200 מ"ל ת</ItemName><ManufacturerName>גיל</ManufacturerName><ManufactureCountry>ישראל</ManufactureCountry><ManufacturerItemDescription>שלי גיל200 מל    פיקוח</ManufacturerItemDescription><SoldByWeight/><Quantity>200.00</Quantity><UnitOfMeasure>מ"ל</UnitOfMeasure><QtyInPackage>לא ידוע</QtyInPackage><UnitOfMeasurePrice>0.0070</UnitOfMeasurePrice><AllowDiscount>1</AllowDiscount><ItemStatus>1</ItemStatus><ItemPrice>1.40</ItemPrice></item><item><PriceUpdateDate>2016-02-11 08:21:17</PriceUpdateDate><ItemCode>7290004125455</ItemCode><ItemType>1</ItemType><ItemName>שמנת תנובה 15% 200 מ</ItemName><ManufacturerName>חלב תנובה</ManufacturerName><ManufactureCountry>ישראל</ManufactureCountry><ManufacturerItemDescription>שמנת תנובה200 15% מל  פיק</ManufacturerItemDescription><SoldByWeight/><Quantity>200.00</Quantity><UnitOfMeasure>מ"ל</UnitOfMeasure><QtyInPackage>לא ידוע</QtyInPackage><UnitOfMeasurePrice>0.0110</UnitOfMeasurePrice><AllowDiscount>1</AllowDiscount><ItemStatus>1</ItemStatus><ItemPrice>2.20</ItemPrice></item><item><PriceUpdateDate>2015-10-01 06:17:15</PriceUpdateDate><ItemCode>7290004125462</ItemCode><ItemType>1</ItemType><ItemName>שמנת חמוצה 15% 500 ג</ItemName><ManufacturerName>תנובה</ManufacturerName><ManufactureCountry>ישראל</ManufactureCountry><ManufacturerItemDescription>שמנת חמוצה 15% 500 ג</ManufacturerItemDescription><SoldByWeight/><Quantity>500.00</Quantity><UnitOfMeasure>מ"ל</UnitOfMeasure><QtyInPackage>לא ידוע</QtyInPackage><UnitOfMeasurePrice>0.0114</UnitOfMeasurePrice><AllowDiscount>1</AllowDiscount><ItemStatus>1</ItemStatus><ItemPrice>5.70</ItemPrice></item><item><PriceUpdateDate>2015-07-24 10:52:12</PriceUpdateDate><ItemCode>7290004125509</ItemCode><ItemType>1</ItemType><ItemName>שמנת אורגינל 15% חצי</ItemName><ManufacturerName>חלב תנובה</ManufacturerName><ManufactureCountry>ישראל</ManufactureCountry><ManufacturerItemDescription>שמנת תנובה 15% חצי מנה 10</ManufacturerItemDescription><SoldByWeight/><Quantity>100.00</Quantity><UnitOfMeasure>מ"ל</UnitOfMeasure><QtyInPackage>לא ידוע</QtyInPackage><UnitOfMeasurePrice>0.0190</UnitOfMeasurePrice><AllowDiscount>1</AllowDiscount><ItemStatus>1</ItemStatus><ItemPrice>1.90</ItemPrice></item><item><PriceUpdateDate>2016-08-02 07:39:26</PriceUpdateDate><ItemCode>7290004125578</ItemCode><ItemType>1</ItemType><ItemName>מב משקה סויה מעושר ב</ItemName><ManufacturerName>סו תנובה</ManufacturerName><ManufactureCountry>ישראל</ManufactureCountry><ManufacturerItemDescription>משקה סויה מועשר בסידן 1 ל</ManufacturerItemDescription><SoldByWeight/><Quantity>1000.00</Quantity><UnitOfMeasure>מ"ל</UnitOfMeasure><QtyInPackage>לא ידוע</QtyInPackage><UnitOfMeasurePrice>0.0089</UnitOfMeasurePrice><AllowDiscount>0</AllowDiscount><ItemStatus>1</ItemStatus><ItemPrice>8.90</ItemPrice></item><item><PriceUpdateDate>2016-08-02 07:39:26</PriceUpdateDate><ItemCode>7290004125585</ItemCode><ItemType>1</ItemType><ItemName>מב משקה סויה על הבוק</ItemName><ManufacturerName>סו תנובה</ManufacturerName><ManufactureCountry>ישראל</ManufactureCountry><ManufacturerItemDescription>משקה סויה על הבוקר וניל 1</ManufacturerItemDescription><SoldByWeight/><Quantity>1000.00</Quantity><UnitOfMeasure>מ"ל</UnitOfMeasure><QtyInPackage>לא ידוע</QtyInPackage><UnitOfMeasurePrice>0.0089</UnitOfMeasurePrice><AllowDiscount>0</AllowDiscount><ItemStatus>1</ItemStatus><ItemPrice>8.90</ItemPrice></item><item><PriceUpdateDate>2016-02-16 20:38:20</PriceUpdateDate><ItemCode>7290004125721</ItemCode><ItemType>1</ItemType><ItemName>שמנת לבישול15% השף ה</ItemName><ManufacturerName>שף לבן</ManufacturerName><ManufactureCountry>ישראל</ManufactureCountry><ManufacturerItemDescription>שמנת לבישול 250 15% מל</ManufacturerItemDescription><SoldByWeight/><Quantity>250.00</Quantity><UnitOfMeasure>מ"ל</UnitOfMeasure><QtyInPackage>לא ידוע</QtyInPackage><UnitOfMeasurePrice>0.0376</UnitOfMeasurePrice><AllowDiscount>1</AllowDiscount><ItemStatus>1</ItemStatus><ItemPrice>9.40</ItemPrice></item><item><PriceUpdateDate>2016-02-25 09:03:54</PriceUpdateDate><ItemCode>7290004125738</ItemCode><ItemType>1</ItemType><ItemName>שמנת להקצפה 32% 250</ItemName><ManufacturerName>שף לבן</ManufacturerName><ManufactureCountry>ישראל</ManufactureCountry><ManufacturerItemDescription>שמנת להקצפה 250 - 32% מל</ManufacturerItemDescription><SoldByWeight/><Quantity>250.00</Quantity><UnitOfMeasure>מ"ל</UnitOfMeasure><QtyInPackage>לא ידוע</QtyInPackage><UnitOfMeasurePrice>0.0276</UnitOfMeasurePrice><AllowDiscount>1</AllowDiscount><ItemStatus>1</ItemStatus><ItemPrice>6.90</ItemPrice></item><item><PriceUpdateDate>2016-02-16 20:38:20</PriceUpdateDate><ItemCode>7290004125776</ItemCode><ItemType>1</ItemType><ItemName>עמק פרוס בקופסא 400</ItemName><ManufacturerName>עמק</ManufacturerName><ManufactureCountry>ישראל</ManufactureCountry><ManufacturerItemDescription>גבינהקשה עמק 400 28% גרם</ManufacturerItemDescription><SoldByWeight/><Quantity>400.00</Quantity><UnitOfMeasure>גרם     </UnitOfMeasure><QtyInPackage>לא ידוע</QtyInPackage><UnitOfMeasurePrice>0.0722</UnitOfMeasurePrice><AllowDiscount>1</AllowDiscount><ItemStatus>1</ItemStatus><ItemPrice>28.90</ItemPrice></item><item><PriceUpdateDate>2015-10-11 20:34:24</PriceUpdateDate><ItemCode>7290004126674</ItemCode><ItemType>1</ItemType><ItemName>גבינה צהובה טל העמק</ItemName><ManufacturerName>עמק</ManufacturerName><ManufactureCountry>ישראל</ManufactureCountry><ManufacturerItemDescription>גבינהקשה טל העמק לייט200</ManufacturerItemDescription><SoldByWeight/><Quantity>200.00</Quantity><UnitOfMeasure>גרם     </UnitOfMeasure><QtyInPackage>לא ידוע</QtyInPackage><UnitOfMeasurePrice>0.0945</UnitOfMeasurePrice><AllowDiscount>1</AllowDiscount><ItemStatus>1</ItemStatus><ItemPrice>18.90</ItemPrice></item><item><PriceUpdateDate>2016-02-17 09:57:53</PriceUpdateDate><ItemCode>7290004126759</ItemCode><ItemType>1</ItemType><ItemName>יופלה דיאט פירות יער</ItemName><ManufacturerName>יופלה</ManufacturerName><ManufactureCountry>ישראל</ManufactureCountry><ManufacturerItemDescription>יופלה דיאט פירות יער 150</ManufacturerItemDescription><SoldByWeight/><Quantity>150.00</Quantity><UnitOfMeasure>גרם     </UnitOfMeasure><QtyInPackage>לא ידוע</QtyInPackage><UnitOfMeasurePrice>0.0353</UnitOfMeasurePrice><AllowDiscount>1</AllowDiscount><ItemStatus>1</ItemStatus><ItemPrice>5.30</ItemPrice></item><item><PriceUpdateDate>2016-05-31 06:55:36</PriceUpdateDate><ItemCode>7290004126872</ItemCode><ItemType>1</ItemType><ItemName>שוקו תנובה 250 מ"ל</ItemName><ManufacturerName>שוק</ManufacturerName><ManufactureCountry>ישראל</ManufactureCountry><ManufacturerItemDescription>שוקו בקבוק 250 מל מהדרין</ManufacturerItemDescription><SoldByWeight/><Quantity>250.00</Quantity><UnitOfMeasure>מ"ל</UnitOfMeasure><QtyInPackage>לא ידוע</QtyInPackage><UnitOfMeasurePrice>0.0228</UnitOfMeasurePrice><AllowDiscount>1</AllowDiscount><ItemStatus>1</ItemStatus><ItemPrice>5.70</ItemPrice></item><item><PriceUpdateDate>2015-11-18 14:01:17</PriceUpdateDate><ItemCode>7290004127077</ItemCode><ItemType>1</ItemType><ItemName>קוטג' 3% מהדרין 250</ItemName><ManufacturerName>קוטג תנובה</ManufacturerName><ManufactureCountry>ישראל</ManufactureCountry><ManufacturerItemDescription>קוטג 250 3% גרם</ManufacturerItemDescription><SoldByWeight/><Quantity>250.00</Quantity><UnitOfMeasure>גרם     </UnitOfMeasure><QtyInPackage>לא ידוע</QtyInPackage><UnitOfMeasurePrice>0.0228</UnitOfMeasurePrice><AllowDiscount>1</AllowDiscount><ItemStatus>1</ItemStatus><ItemPrice>5.70</ItemPrice></item><item><PriceUpdateDate>2015-10-02 09:21:10</PriceUpdateDate><ItemCode>7290004127329</ItemCode><ItemType>1</ItemType><ItemName>קוטג' 5% מהדרין 250</ItemName><ManufacturerName>קוטג תנובה</ManufacturerName><ManufactureCountry>ישראל</ManufactureCountry><ManufacturerItemDescription>קוטג250 5% גר.בעלז</ManufacturerItemDescription><SoldByWeight/><Quantity>250.00</Quantity><UnitOfMeasure>גרם     </UnitOfMeasure><QtyInPackage>לא ידוע</QtyInPackage><UnitOfMeasurePrice>0.0228</UnitOfMeasurePrice><AllowDiscount>1</AllowDiscount><ItemStatus>1</ItemStatus><ItemPrice>5.70</ItemPrice></item><item><PriceUpdateDate>2015-11-18 14:01:17</PriceUpdateDate><ItemCode>7290004127336</ItemCode><ItemType>1</ItemType><ItemName>קוטג' 9% 250 גרם תנו</ItemName><ManufacturerName>קוטג תנובה</ManufacturerName><ManufactureCountry>ישראל</ManufactureCountry><ManufacturerItemDescription>קוטג250 9% גרם בעלז</ManufacturerItemDescription><SoldByWeight/><Quantity>250.00</Quantity><UnitOfMeasure>גרם     </UnitOfMeasure><QtyInPackage>לא ידוע</QtyInPackage><UnitOfMeasurePrice>0.0228</UnitOfMeasurePrice><AllowDiscount>1</AllowDiscount><ItemStatus>1</ItemStatus><ItemPrice>5.70</ItemPrice></item><item><PriceUpdateDate>2016-05-22 08:47:42</PriceUpdateDate><ItemCode>7290004127800</ItemCode><ItemType>1</ItemType><ItemName>גבינה לבנה 5% 500 גר</ItemName><ManufacturerName>גבינות תנובה</ManufacturerName><ManufactureCountry>ישראל</ManufactureCountry><ManufacturerItemDescription>גבינה למריחה 500 5% גרם</ManufacturerItemDescription><SoldByWeight/><Quantity>500.00</Quantity><UnitOfMeasure>גרם     </UnitOfMeasure><QtyInPackage>לא ידוע</QtyInPackage><UnitOfMeasurePrice>0.0184</UnitOfMeasurePrice><AllowDiscount>1</AllowDiscount><ItemStatus>1</ItemStatus><ItemPrice>9.20</ItemPrice></item><item><PriceUpdateDate>2016-07-20 11:24:31</PriceUpdateDate><ItemCode>7290004127817</ItemCode><ItemType>1</ItemType><ItemName>גבינה לבנה 9% 500 גר</ItemName><ManufacturerName>גבינות תנובה</ManufacturerName><ManufactureCountry>ישראל</ManufactureCountry><ManufacturerItemDescription>גבינה לבנה 9% 500 גר</ManufacturerItemDescription><SoldByWeight/><Quantity>500.00</Quantity><UnitOfMeasure>גרם     </UnitOfMeasure><QtyInPackage>לא ידוע</QtyInPackage><UnitOfMeasurePrice>0.0184</UnitOfMeasurePrice><AllowDiscount>1</AllowDiscount><ItemStatus>1</ItemStatus><ItemPrice>9.20</ItemPrice></item><item><PriceUpdateDate>2016-02-11 08:21:17</PriceUpdateDate><ItemCode>7290004127862</ItemCode><ItemType>1</ItemType><ItemName>גבינה לבנה 5% 750 גר</ItemName><ManufacturerName>גבינות תנובה</ManufacturerName><ManufactureCountry>ישראל</ManufactureCountry><ManufacturerItemDescription>גבינה לבנה 5% 750 גר</ManufacturerItemDescription><SoldByWeight/><Quantity>750.00</Quantity><UnitOfMeasure>גרם     </UnitOfMeasure><QtyInPackage>לא ידוע</QtyInPackage><UnitOfMeasurePrice>0.0184</UnitOfMeasurePrice><AllowDiscount>1</AllowDiscount><ItemStatus>1</ItemStatus><ItemPrice>13.80</ItemPrice></item><item><PriceUpdateDate>2016-07-20 11:24:31</PriceUpdateDate><ItemCode>7290004127916</ItemCode><ItemType>1</ItemType><ItemName>גבינה לבנה 1/2% 500</ItemName><ManufacturerName>גבינות תנובה</ManufacturerName><ManufactureCountry>ישראל</ManufactureCountry><ManufacturerItemDescription>גבינה לבנה 1/2% 500</ManufacturerItemDescription><SoldByWeight/><Quantity>500.00</Quantity><UnitOfMeasure>גרם     </UnitOfMeasure><QtyInPackage>לא ידוע</QtyInPackage><UnitOfMeasurePrice>0.0184</UnitOfMeasurePrice><AllowDiscount>1</AllowDiscount><ItemStatus>1</ItemStatus><ItemPrice>9.20</ItemPrice></item><item><PriceUpdateDate>2015-11-18 13:59:08</PriceUpdateDate><ItemCode>7290004128272</ItemCode><ItemType>1</ItemType><ItemName>גבינת עמק בסגנון אמר</ItemName><ManufacturerName>טוסטי</ManufacturerName><ManufactureCountry>ישראל</ManufactureCountry><ManufacturerItemDescription>גבינת עמק בסגנון אמר</ManufacturerItemDescription><SoldByWeight/><Quantity>200.00</Quantity><UnitOfMeasure>גרם     </UnitOfMeasure><QtyInPackage>לא ידוע</QtyInPackage><UnitOfMeasurePrice>0.0990</UnitOfMeasurePrice><AllowDiscount>1</AllowDiscount><ItemStatus>1</ItemStatus><ItemPrice>19.80</ItemPrice></item><item><PriceUpdateDate>2016-08-02 07:39:27</PriceUpdateDate><ItemCode>7290004128340</ItemCode><ItemType>1</ItemType><ItemName>מב גבינת קרם שמנת 5%</ItemName><ManufacturerName>גבינות תנובה</ManufacturerName><ManufactureCountry>ישראל</ManufactureCountry><ManufacturerItemDescription>גבינת שמנת 200 5% גרם</ManufacturerItemDescription><SoldByWeight/><Quantity>200.00</Quantity><UnitOfMeasure>גרם     </UnitOfMeasure><QtyInPackage>לא ידוע</QtyInPackage><UnitOfMeasurePrice>0.0445</UnitOfMeasurePrice><AllowDiscount>1</AllowDiscount><ItemStatus>1</ItemStatus><ItemPrice>8.90</ItemPrice></item><item><PriceUpdateDate>2016-08-02 07:39:27</PriceUpdateDate><ItemCode>7290004128364</ItemCode><ItemType>1</ItemType><ItemName>מב גבינת קרם שמנת 5%</ItemName><ManufacturerName>גבינות תנובה</ManufacturerName><ManufactureCountry>ישראל</ManufactureCountry><ManufacturerItemDescription>גבינת שמנת 5% זיתים 200 ג</ManufacturerItemDescription><SoldByWeight/><Quantity>200.00</Quantity><UnitOfMeasure>גרם     </UnitOfMeasure><QtyInPackage>לא ידוע</QtyInPackage><UnitOfMeasurePrice>0.0445</UnitOfMeasurePrice><AllowDiscount>1</AllowDiscount><ItemStatus>1</ItemStatus><ItemPrice>8.90</ItemPrice></item><item><PriceUpdateDate>2015-11-18 13:59:08</PriceUpdateDate><ItemCode>7290004128401</ItemCode><ItemType>3</ItemType><ItemName>פטה 24%</ItemName><ManufacturerName>פיראוס</ManufacturerName><ManufactureCountry>ישראל</ManufactureCountry><ManufacturerItemDescription>פטה 24%</ManufacturerItemDescription><SoldByWeight/><Quantity>1.00</Quantity><UnitOfMeasure>ק"ג</UnitOfMeasure><QtyInPackage>לא ידוע</QtyInPackage><UnitOfMeasurePrice>118.2000</UnitOfMeasurePrice><AllowDiscount>1</AllowDiscount><ItemStatus>1</ItemStatus><ItemPrice>118.20</ItemPrice></item><item><PriceUpdateDate>2016-08-02 07:39:27</PriceUpdateDate><ItemCode>7290004129101</ItemCode><ItemType>1</ItemType><ItemName>מב גבינת נפוליאון טב</ItemName><ManufacturerName>נפוליאון</ManufacturerName><ManufactureCountry>ישראל</ManufactureCountry><ManufacturerItemDescription>גבינהשמנ.נפולאון טעם טבעי</ManufacturerItemDescription><SoldByWeight/><Quantity>225.00</Quantity><UnitOfMeasure>גרם     </UnitOfMeasure><QtyInPackage>לא ידוע</QtyInPackage><UnitOfMeasurePrice>0.0444</UnitOfMeasurePrice><AllowDiscount>1</AllowDiscount><ItemStatus>1</ItemStatus><ItemPrice>10.00</ItemPrice></item><item><PriceUpdateDate>2016-08-02 07:39:27</PriceUpdateDate><ItemCode>7290004129118</ItemCode><ItemType>1</ItemType><ItemName>מב גבינת נפוליאון בט</ItemName><ManufacturerName>נפוליאון</ManufacturerName><ManufactureCountry>ישראל</ManufactureCountry><ManufacturerItemDescription>גבינהשמנ.נפולאון זיתים 22</ManufacturerItemDescription><SoldByWeight/><Quantity>225.00</Quantity><UnitOfMeasure>גרם     </UnitOfMeasure><QtyInPackage>לא ידוע</QtyInPackage><UnitOfMeasurePrice>0.0444</UnitOfMeasurePrice><AllowDiscount>1</AllowDiscount><ItemStatus>1</ItemStatus><ItemPrice>10.00</ItemPrice></item><item><PriceUpdateDate>2016-08-02 07:39:27</PriceUpdateDate><ItemCode>7290004129156</ItemCode><ItemType>1</ItemType><ItemName>מב גבינת נפוליאון בט</ItemName><ManufacturerName>נפוליאון</ManufacturerName><ManufactureCountry>ישראל</ManufactureCountry><ManufacturerItemDescription>גבינהשמנ.נפולאון שום שמיר</ManufacturerItemDescription><SoldByWeight/><Quantity>225.00</Quantity><UnitOfMeasure>גרם     </UnitOfMeasure><QtyInPackage>לא ידוע</QtyInPackage><UnitOfMeasurePrice>0.0444</UnitOfMeasurePrice><AllowDiscount>1</AllowDiscount><ItemStatus>1</ItemStatus><ItemPrice>10.00</ItemPrice></item><item><PriceUpdateDate>2016-08-10 08:23:47</PriceUpdateDate><ItemCode>7290004129545</ItemCode><ItemType>1</ItemType><ItemName>מב גבינה לבנה 3% 250</ItemName><ManufacturerName>גבינות תנובה</ManufacturerName><ManufactureCountry>ישראל</ManufactureCountry><ManufacturerItemDescription>גבינה לבנה 250 3% גרם</ManufacturerItemDescription><SoldByWeight/><Quantity>250.00</Quantity><UnitOfMeasure>גרם     </UnitOfMeasure><QtyInPackage>לא ידוע</QtyInPackage><UnitOfMeasurePrice>0.0160</UnitOfMeasurePrice><AllowDiscount>1</AllowDiscount><ItemStatus>1</ItemStatus><ItemPrice>4.00</ItemPrice></item><item><PriceUpdateDate>2015-10-11 20:34:25</PriceUpdateDate><ItemCode>7290004129668</ItemCode><ItemType>1</ItemType><ItemName>יופלה עם פצפוצי שוקו</ItemName><ManufacturerName>יופלה</ManufacturerName><ManufactureCountry>ישראל</ManufactureCountry><ManufacturerItemDescription>יופלה 3% פצפוצים מכסה מעל</ManufacturerItemDescription><SoldByWeight/><Quantity>167.00</Quantity><UnitOfMeasure>גרם     </UnitOfMeasure><QtyInPackage>לא ידוע</QtyInPackage><UnitOfMeasurePrice>0.0341</UnitOfMeasurePrice><AllowDiscount>1</AllowDiscount><ItemStatus>1</ItemStatus><ItemPrice>5.70</ItemPrice></item><item><PriceUpdateDate>2015-10-11 20:34:25</PriceUpdateDate><ItemCode>7290004129736</ItemCode><ItemType>1</ItemType><ItemName>יופלה לבן מעודן 1.5%</ItemName><ManufacturerName>יופלה</ManufacturerName><ManufactureCountry>ישראל</ManufactureCountry><ManufacturerItemDescription>יוגורט יופלה לבן 1.5% מעו</ManufacturerItemDescription><SoldByWeight/><Quantity>200.00</Quantity><UnitOfMeasure>מ"ל</UnitOfMeasure><QtyInPackage>לא ידוע</QtyInPackage><UnitOfMeasurePrice>0.0225</UnitOfMeasurePrice><AllowDiscount>1</AllowDiscount><ItemStatus>1</ItemStatus><ItemPrice>4.50</ItemPrice></item><item><PriceUpdateDate>2016-08-10 08:23:11</PriceUpdateDate><ItemCode>7290004129767</ItemCode><ItemType>1</ItemType><ItemName>מאגדת יופלה 3% לבן 8</ItemName><ManufacturerName>יופלה</ManufacturerName><ManufactureCountry>ישראל</ManufactureCountry><ManufacturerItemDescription>מאגדת יופלה 3% לבן 8</ManufacturerItemDescription><SoldByWeight/><Quantity>1200.00</Quantity><UnitOfMeasure>גרם     </UnitOfMeasure><QtyInPackage>לא ידוע</QtyInPackage><UnitOfMeasurePrice>0.0154</UnitOfMeasurePrice><AllowDiscount>1</AllowDiscount><ItemStatus>1</ItemStatus><ItemPrice>18.50</ItemPrice></item><item><PriceUpdateDate>2016-08-02 07:35:16</PriceUpdateDate><ItemCode>7290004130695</ItemCode><ItemType>1</ItemType><ItemName>מב אייס קפה תנובה 1</ItemName><ManufacturerName>שוק</ManufacturerName><ManufactureCountry>ישראל</ManufactureCountry><ManufacturerItemDescription>משקה אייס קפה בקבוק 1 ליט</ManufacturerItemDescription><SoldByWeight/><Quantity>1000.00</Quantity><UnitOfMeasure>מ"ל</UnitOfMeasure><QtyInPackage>לא ידוע</QtyInPackage><UnitOfMeasurePrice>0.0090</UnitOfMeasurePrice><AllowDiscount>1</AllowDiscount><ItemStatus>1</ItemStatus><ItemPrice>9.00</ItemPrice></item><item><PriceUpdateDate>2016-08-02 07:39:28</PriceUpdateDate><ItemCode>7290004130794</ItemCode><ItemType>1</ItemType><ItemName>מב משקה סויה מועשר ב</ItemName><ManufacturerName>סו תנובה</ManufacturerName><ManufactureCountry>ישראל</ManufactureCountry><ManufacturerItemDescription>משקה סויה מועשר מופחת מתי</ManufacturerItemDescription><SoldByWeight/><Quantity>1000.00</Quantity><UnitOfMeasure>מ"ל</UnitOfMeasure><QtyInPackage>לא ידוע</QtyInPackage><UnitOfMeasurePrice>0.0089</UnitOfMeasurePrice><AllowDiscount>0</AllowDiscount><ItemStatus>1</ItemStatus><ItemPrice>8.90</ItemPrice></item><item><PriceUpdateDate>2016-06-13 09:58:43</PriceUpdateDate><ItemCode>7290004130916</ItemCode><ItemType>1</ItemType><ItemName>יופלה פירות יער בשמנ</ItemName><ManufacturerName>יופלה</ManufacturerName><ManufactureCountry>ישראל</ManufactureCountry><ManufacturerItemDescription>יופלה פירות יער שמנת</ManufacturerItemDescription><SoldByWeight/><Quantity>150.00</Quantity><UnitOfMeasure>גרם     </UnitOfMeasure><QtyInPackage>לא ידוע</QtyInPackage><UnitOfMeasurePrice>0.0327</UnitOfMeasurePrice><AllowDiscount>1</AllowDiscount><ItemStatus>1</ItemStatus><ItemPrice>4.90</ItemPrice></item><item><PriceUpdateDate>2016-02-11 08:21:17</PriceUpdateDate><ItemCode>7290004131050</ItemCode><ItemType>1</ItemType><ItemName>חלב תנובה 1% מהדרין</ItemName><ManufacturerName>חלב תנובה</ManufacturerName><ManufactureCountry>ישראל</ManufactureCountry><ManufacturerItemDescription>חלב תנובה 1% מהדרין</ManufacturerItemDescription><SoldByWeight/><Quantity>1000.00</Quantity><UnitOfMeasure>מ"ל</UnitOfMeasure><QtyInPackage>לא ידוע</QtyInPackage><UnitOfMeasurePrice>0.0047</UnitOfMeasurePrice><AllowDiscount>1</AllowDiscount><ItemStatus>1</ItemStatus><ItemPrice>4.65</ItemPrice></item><item><PriceUpdateDate>2016-05-15 10:48:00</PriceUpdateDate><ItemCode>7290004131074</ItemCode><ItemType>1</ItemType><ItemName>חלב קרטון 3% מהדרין</ItemName><ManufacturerName>חלב תנובה</ManufacturerName><ManufactureCountry>ישראל</ManufactureCountry><ManufacturerItemDescription>חלב1 3% ל.קרטון מהדרין פי</ManufacturerItemDescription><SoldByWeight/><Quantity>1000.00</Quantity><UnitOfMeasure>מ"ל</UnitOfMeasure><QtyInPackage>לא ידוע</QtyInPackage><UnitOfMeasurePrice>0.0058</UnitOfMeasurePrice><AllowDiscount>1</AllowDiscount><ItemStatus>1</ItemStatus><ItemPrice>5.75</ItemPrice></item><item><PriceUpdateDate>2016-07-20 11:24:31</PriceUpdateDate><ItemCode>7290004131227</ItemCode><ItemType>1</ItemType><ItemName>גבינה לבנה 3% 500 גר</ItemName><ManufacturerName>גבינות תנובה</ManufacturerName><ManufactureCountry>ישראל</ManufactureCountry><ManufacturerItemDescription>גבינה לבנה 3% 500 גר</ManufacturerItemDescription><SoldByWeight/><Quantity>500.00</Quantity><UnitOfMeasure>גרם     </UnitOfMeasure><QtyInPackage>לא ידוע</QtyInPackage><UnitOfMeasurePrice>0.0184</UnitOfMeasurePrice><AllowDiscount>1</AllowDiscount><ItemStatus>1</ItemStatus><ItemPrice>9.20</ItemPrice></item><item><PriceUpdateDate>2016-05-31 06:55:36</PriceUpdateDate><ItemCode>7290004131432</ItemCode><ItemType>1</ItemType><ItemName>יופלה ביו 3% לבן 200</ItemName><ManufacturerName>יופלה</ManufacturerName><ManufactureCountry>ישראל</ManufactureCountry><ManufacturerItemDescription>יוגורט יופלה לבן 200 3% ג</ManufacturerItemDescription><SoldByWeight/><Quantity>200.00</Quantity><UnitOfMeasure>גרם     </UnitOfMeasure><QtyInPackage>לא ידוע</QtyInPackage><UnitOfMeasurePrice>0.0190</UnitOfMeasurePrice><AllowDiscount>1</AllowDiscount><ItemStatus>1</ItemStatus><ItemPrice>3.80</ItemPrice></item><item><PriceUpdateDate>2016-08-02 07:35:16</PriceUpdateDate><ItemCode>7290004131531</ItemCode><ItemType>1</ItemType><ItemName>מב שוקו תנובה 1 ליטר</ItemName><ManufacturerName>שוק</ManufacturerName><ManufactureCountry>ישראל</ManufactureCountry><ManufacturerItemDescription>שוקו תנובה בקבוק 1 ליטר</ManufacturerItemDescription><SoldByWeight/><Quantity>1000.00</Quantity><UnitOfMeasure>מ"ל</UnitOfMeasure><QtyInPackage>לא ידוע</QtyInPackage><UnitOfMeasurePrice>0.0090</UnitOfMeasurePrice><AllowDiscount>1</AllowDiscount><ItemStatus>1</ItemStatus><ItemPrice>9.00</ItemPrice></item><item><PriceUpdateDate>2016-08-10 08:23:11</PriceUpdateDate><ItemCode>7290004131814</ItemCode><ItemType>1</ItemType><ItemName>גבינה צפתית מעודנת 5</ItemName><ManufacturerName>פיראוס</ManufacturerName><ManufactureCountry>ישראל</ManufactureCountry><ManufacturerItemDescription>פיראוס צפתית מעודנת 200 5</ManufacturerItemDescription><SoldByWeight/><Quantity>200.00</Quantity><UnitOfMeasure>גרם     </UnitOfMeasure><QtyInPackage>לא ידוע</QtyInPackage><UnitOfMeasurePrice>0.0815</UnitOfMeasurePrice><AllowDiscount>1</AllowDiscount><ItemStatus>1</ItemStatus><ItemPrice>16.30</ItemPrice></item><item><PriceUpdateDate>2016-02-14 09:10:05</PriceUpdateDate><ItemCode>7290004132231</ItemCode><ItemType>1</ItemType><ItemName>חלב לקפה3.5% שומן 80</ItemName><ManufacturerName>חלב תנובה</ManufacturerName><ManufactureCountry>ישראל</ManufactureCountry><ManufacturerItemDescription>חלב פלוס לקפה  800 3.5% מ</ManufacturerItemDescription><SoldByWeight/><Quantity>800.00</Quantity><UnitOfMeasure>מ"ל</UnitOfMeasure><QtyInPackage>לא ידוע</QtyInPackage><UnitOfMeasurePrice>0.0086</UnitOfMeasurePrice><AllowDiscount>1</AllowDiscount><ItemStatus>1</ItemStatus><ItemPrice>6.90</ItemPrice></item><item><PriceUpdateDate>2015-10-11 20:34:26</PriceUpdateDate><ItemCode>7290004132507</ItemCode><ItemType>1</ItemType><ItemName>יופלה עם דגנים מצופי</ItemName><ManufacturerName>יופלה</ManufacturerName><ManufactureCountry>ישראל</ManufactureCountry><ManufacturerItemDescription>יופלה דגנים מצופים מכסה מ</ManufacturerItemDescription><SoldByWeight/><Quantity>167.00</Quantity><UnitOfMeasure>גרם     </UnitOfMeasure><QtyInPackage>לא ידוע</QtyInPackage><UnitOfMeasurePrice>0.0341</UnitOfMeasurePrice><AllowDiscount>1</AllowDiscount><ItemStatus>1</ItemStatus><ItemPrice>5.70</ItemPrice></item><item><PriceUpdateDate>2016-08-02 07:35:16</PriceUpdateDate><ItemCode>7290004132514</ItemCode><ItemType>1</ItemType><ItemName>מב משקה חלב בננה תנו</ItemName><ManufacturerName>תנובה</ManufacturerName><ManufactureCountry>ישראל</ManufactureCountry><ManufacturerItemDescription>מב משקה חלב בננה תנו</ManufacturerItemDescription><SoldByWeight/><Quantity>1000.00</Quantity><UnitOfMeasure>מ"ל</UnitOfMeasure><QtyInPackage>לא ידוע</QtyInPackage><UnitOfMeasurePrice>0.0090</UnitOfMeasurePrice><AllowDiscount>1</AllowDiscount><ItemStatus>1</ItemStatus><ItemPrice>9.00</ItemPrice></item><item><PriceUpdateDate>2016-08-02 07:39:28</PriceUpdateDate><ItemCode>7290004132552</ItemCode><ItemType>1</ItemType><ItemName>מב חלב סויה טבעי 1 ל</ItemName><ManufacturerName>סו תנובה</ManufacturerName><ManufactureCountry>ישראל</ManufactureCountry><ManufacturerItemDescription>משקה סויה דיאט 1 ליטר</ManufacturerItemDescription><SoldByWeight/><Quantity>1000.00</Quantity><UnitOfMeasure>מ"ל</UnitOfMeasure><QtyInPackage>לא ידוע</QtyInPackage><UnitOfMeasurePrice>0.0089</UnitOfMeasurePrice><AllowDiscount>0</AllowDiscount><ItemStatus>1</ItemStatus><ItemPrice>8.90</ItemPrice></item><item><PriceUpdateDate>2016-08-10 08:23:47</PriceUpdateDate><ItemCode>7290004132903</ItemCode><ItemType>1</ItemType><ItemName>מב גבינה לבנה 3% בד'</ItemName><ManufacturerName>גבינות תנובה</ManufacturerName><ManufactureCountry>ישראל</ManufactureCountry><ManufacturerItemDescription>מב גבינה לבנה 3% בד'</ManufacturerItemDescription><SoldByWeight/><Quantity>250.00</Quantity><UnitOfMeasure>גרם     </UnitOfMeasure><QtyInPackage>לא ידוע</QtyInPackage><UnitOfMeasurePrice>0.0160</UnitOfMeasurePrice><AllowDiscount>1</AllowDiscount><ItemStatus>1</ItemStatus><ItemPrice>4.00</ItemPrice></item><item><PriceUpdateDate>2015-11-18 13:59:08</PriceUpdateDate><ItemCode>7290004133108</ItemCode><ItemType>1</ItemType><ItemName>יופלה לבןעם גרנולה 1</ItemName><ManufacturerName>יופלה</ManufacturerName><ManufactureCountry>ישראל</ManufactureCountry><ManufacturerItemDescription>יופלה לבן+1.5% גרנולה מכס</ManufacturerItemDescription><SoldByWeight/><Quantity>170.00</Quantity><UnitOfMeasure>מ"ל</UnitOfMeasure><QtyInPackage>לא ידוע</QtyInPackage><UnitOfMeasurePrice>0.0347</UnitOfMeasurePrice><AllowDiscount>1</AllowDiscount><ItemStatus>1</ItemStatus><ItemPrice>5.90</ItemPrice></item><item><PriceUpdateDate>2015-10-22 10:37:25</PriceUpdateDate><ItemCode>7290004133207</ItemCode><ItemType>1</ItemType><ItemName>יופלה ביו דיאט 0% לב</ItemName><ManufacturerName>יופלה</ManufacturerName><ManufactureCountry>ישראל</ManufactureCountry><ManufacturerItemDescription>יופלה לבן דיאט 200 ג</ManufacturerItemDescription><SoldByWeight/><Quantity>200.00</Quantity><UnitOfMeasure>גרם     </UnitOfMeasure><QtyInPackage>לא ידוע</QtyInPackage><UnitOfMeasurePrice>0.0200</UnitOfMeasurePrice><AllowDiscount>1</AllowDiscount><ItemStatus>1</ItemStatus><ItemPrice>4.00</ItemPrice></item><item><PriceUpdateDate>2016-05-31 06:55:36</PriceUpdateDate><ItemCode>7290004133511</ItemCode><ItemType>1</ItemType><ItemName>מאגדת יופלה 1.5% לבן</ItemName><ManufacturerName>יופלה</ManufacturerName><ManufactureCountry>ישראל</ManufactureCountry><ManufacturerItemDescription>מאגדת יופלה 1.5% לבן</ManufacturerItemDescription><SoldByWeight/><Quantity>1200.00</Quantity><UnitOfMeasure>גרם     </UnitOfMeasure><QtyInPackage>לא ידוע</QtyInPackage><UnitOfMeasurePrice>0.0182</UnitOfMeasurePrice><AllowDiscount>1</AllowDiscount><ItemStatus>1</ItemStatus><ItemPrice>21.80</ItemPrice></item><item><PriceUpdateDate>2016-02-14 09:10:05</PriceUpdateDate><ItemCode>7290004133627</ItemCode><ItemType>1</ItemType><ItemName>חלב על הבוקר 3% בקרט</ItemName><ManufacturerName>חלב תנובה</ManufacturerName><ManufactureCountry>ישראל</ManufactureCountry><ManufacturerItemDescription>חלב 3% על הבוקר קרטון+פקק</ManufacturerItemDescription><SoldByWeight/><Quantity>1000.00</Quantity><UnitOfMeasure>מ"ל</UnitOfMeasure><QtyInPackage>לא ידוע</QtyInPackage><UnitOfMeasurePrice>0.0089</UnitOfMeasurePrice><AllowDiscount>1</AllowDiscount><ItemStatus>1</ItemStatus><ItemPrice>8.90</ItemPrice></item><item><PriceUpdateDate>2015-10-22 10:38:23</PriceUpdateDate><ItemCode>7290004133900</ItemCode><ItemType>1</ItemType><ItemName>קצפת צמחית השף הלבן</ItemName><ManufacturerName>שף לבן</ManufacturerName><ManufactureCountry>ישראל</ManufactureCountry><ManufacturerItemDescription>קצפת צמחית השף הלבן 250 מ</ManufacturerItemDescription><SoldByWeight/><Quantity>250.00</Quantity><UnitOfMeasure>מ"ל</UnitOfMeasure><QtyInPackage>לא ידוע</QtyInPackage><UnitOfMeasurePrice>0.0396</UnitOfMeasurePrice><AllowDiscount>1</AllowDiscount><ItemStatus>1</ItemStatus><ItemPrice>9.90</ItemPrice></item><item><PriceUpdateDate>2016-05-31 06:55:36</PriceUpdateDate><ItemCode>7290004134198</ItemCode><ItemType>1</ItemType><ItemName>שוקו בננה תנובה 250</ItemName><ManufacturerName>שוק</ManufacturerName><ManufactureCountry>ישראל</ManufactureCountry><ManufacturerItemDescription>שוקו בננה תנובה 250</ManufacturerItemDescription><SoldByWeight/><Quantity>250.00</Quantity><UnitOfMeasure>מ"ל</UnitOfMeasure><QtyInPackage>לא ידוע</QtyInPackage><UnitOfMeasurePrice>0.0228</UnitOfMeasurePrice><AllowDiscount>1</AllowDiscount><ItemStatus>1</ItemStatus><ItemPrice>5.70</ItemPrice></item><item><PriceUpdateDate>2016-06-13 09:58:44</PriceUpdateDate><ItemCode>7290004134945</ItemCode><ItemType>1</ItemType><ItemName>יופלה מוקה 3% 150 גר</ItemName><ManufacturerName>יופלה</ManufacturerName><ManufactureCountry>ישראל</ManufactureCountry><ManufacturerItemDescription>יופלה מוקה 3% 150 גר</ManufacturerItemDescription><SoldByWeight/><Quantity>150.00</Quantity><UnitOfMeasure>גרם     </UnitOfMeasure><QtyInPackage>לא ידוע</QtyInPackage><UnitOfMeasurePrice>0.0327</UnitOfMeasurePrice><AllowDiscount>1</AllowDiscount><ItemStatus>1</ItemStatus><ItemPrice>4.90</ItemPrice></item><item><PriceUpdateDate>2015-10-11 20:34:26</PriceUpdateDate><ItemCode>7290004134983</ItemCode><ItemType>1</ItemType><ItemName>פרוסות עמק 5% פתיחה</ItemName><ManufacturerName>עמק</ManufacturerName><ManufactureCountry>ישראל</ManufactureCountry><ManufacturerItemDescription>גבינה עמק 5% פרוס פ.חוזרת</ManufacturerItemDescription><SoldByWeight/><Quantity>200.00</Quantity><UnitOfMeasure>גרם     </UnitOfMeasure><QtyInPackage>לא ידוע</QtyInPackage><UnitOfMeasurePrice>0.0890</UnitOfMeasurePrice><AllowDiscount>1</AllowDiscount><ItemStatus>1</ItemStatus><ItemPrice>17.80</ItemPrice></item><item><PriceUpdateDate>2016-08-10 08:23:11</PriceUpdateDate><ItemCode>7290004135072</ItemCode><ItemType>1</ItemType><ItemName>מאגדת קרלו 800 גר'</ItemName><ManufacturerName>קרלו</ManufacturerName><ManufactureCountry>ישראל</ManufactureCountry><ManufacturerItemDescription>מאגדת קרלו 800 גר'</ManufacturerItemDescription><SoldByWeight/><Quantity>800.00</Quantity><UnitOfMeasure>גרם     </UnitOfMeasure><QtyInPackage>לא ידוע</QtyInPackage><UnitOfMeasurePrice>0.0174</UnitOfMeasurePrice><AllowDiscount>1</AllowDiscount><ItemStatus>1</ItemStatus><ItemPrice>13.90</ItemPrice></item><item><PriceUpdateDate>2016-08-02 07:35:17</PriceUpdateDate><ItemCode>7290004135119</ItemCode><ItemType>1</ItemType><ItemName>מאגדת קרלו 800 גר'</ItemName><ManufacturerName>קרלו</ManufacturerName><ManufactureCountry>ישראל</ManufactureCountry><ManufacturerItemDescription>מאגדת קרלו 800 גר'</ManufacturerItemDescription><SoldByWeight/><Quantity>800.00</Quantity><UnitOfMeasure>גרם     </UnitOfMeasure><QtyInPackage>לא ידוע</QtyInPackage><UnitOfMeasurePrice>0.0171</UnitOfMeasurePrice><AllowDiscount>1</AllowDiscount><ItemStatus>1</ItemStatus><ItemPrice>13.70</ItemPrice></item><item><PriceUpdateDate>2015-10-11 20:34:27</PriceUpdateDate><ItemCode>7290004135232</ItemCode><ItemType>1</ItemType><ItemName>מעדן תנובה דיאט וניל</ItemName><ManufacturerName>מעדן תנובה</ManufacturerName><ManufactureCountry>ישראל</ManufactureCountry><ManufacturerItemDescription>מעדן דיאט וניל 150 גרם</ManufacturerItemDescription><SoldByWeight/><Quantity>150.00</Quantity><UnitOfMeasure>גרם     </UnitOfMeasure><QtyInPackage>לא ידוע</QtyInPackage><UnitOfMeasurePrice>0.0267</UnitOfMeasurePrice><AllowDiscount>1</AllowDiscount><ItemStatus>1</ItemStatus><ItemPrice>4.00</ItemPrice></item><item><PriceUpdateDate>2016-06-28 09:29:06</PriceUpdateDate><ItemCode>7290004136130</ItemCode><ItemType>1</ItemType><ItemName>שוקו בבקבוק 340 מ"ל</ItemName><ManufacturerName>תנובה</ManufacturerName><ManufactureCountry>ישראל</ManufactureCountry><ManufacturerItemDescription>שוקו 340 מל בקבוק</ManufacturerItemDescription><SoldByWeight/><Quantity>340.00</Quantity><UnitOfMeasure>מ"ל</UnitOfMeasure><QtyInPackage>לא ידוע</QtyInPackage><UnitOfMeasurePrice>0.0203</UnitOfMeasurePrice><AllowDiscount>1</AllowDiscount><ItemStatus>1</ItemStatus><ItemPrice>6.90</ItemPrice></item><item><PriceUpdateDate>2016-06-28 09:29:06</PriceUpdateDate><ItemCode>7290004136154</ItemCode><ItemType>1</ItemType><ItemName>אייס קפה תנובה בקבוק</ItemName><ManufacturerName>שוק</ManufacturerName><ManufactureCountry>ישראל</ManufactureCountry><ManufacturerItemDescription>משקה אייס קפה340 מל בקבוק</ManufacturerItemDescription><SoldByWeight/><Quantity>340.00</Quantity><UnitOfMeasure>מ"ל</UnitOfMeasure><QtyInPackage>לא ידוע</QtyInPackage><UnitOfMeasurePrice>0.0218</UnitOfMeasurePrice><AllowDiscount>1</AllowDiscount><ItemStatus>1</ItemStatus><ItemPrice>7.40</ItemPrice></item><item><PriceUpdateDate>2016-05-31 06:55:36</PriceUpdateDate><ItemCode>7290004136192</ItemCode><ItemType>1</ItemType><ItemName>מילקשייק פונץ' בננה</ItemName><ManufacturerName>שוק</ManufacturerName><ManufactureCountry>ישראל</ManufactureCountry><ManufacturerItemDescription>מילקשייק פונץ' בננה</ManufacturerItemDescription><SoldByWeight/><Quantity>250.00</Quantity><UnitOfMeasure>מ"ל</UnitOfMeasure><QtyInPackage>לא ידוע</QtyInPackage><UnitOfMeasurePrice>0.0256</UnitOfMeasurePrice><AllowDiscount>1</AllowDiscount><ItemStatus>1</ItemStatus><ItemPrice>6.40</ItemPrice></item><item><PriceUpdateDate>2015-10-22 10:37:25</PriceUpdateDate><ItemCode>7290004136864</ItemCode><ItemType>1</ItemType><ItemName>ג'לי אננס עם חתיכות</ItemName><ManufacturerName>ג'לי תנובה</ManufacturerName><ManufactureCountry>ישראל</ManufactureCountry><ManufacturerItemDescription>מעדן גלי אננס וחתיכות פרי</ManufacturerItemDescription><SoldByWeight/><Quantity>125.00</Quantity><UnitOfMeasure>גרם     </UnitOfMeasure><QtyInPackage>לא ידוע</QtyInPackage><UnitOfMeasurePrice>0.0240</UnitOfMeasurePrice><AllowDiscount>0</AllowDiscount><ItemStatus>1</ItemStatus><ItemPrice>3.00</ItemPrice></item><item><PriceUpdateDate>2015-10-22 10:37:25</PriceUpdateDate><ItemCode>7290004136871</ItemCode><ItemType>1</ItemType><ItemName>ג'לי אפרסק עם חתיכות</ItemName><ManufacturerName>ג'לי תנובה</ManufacturerName><ManufactureCountry>ישראל</ManufactureCountry><ManufacturerItemDescription>ג'לי אפרסק עם חתיכות</ManufacturerItemDescription><SoldByWeight/><Quantity>125.00</Quantity><UnitOfMeasure>גרם     </UnitOfMeasure><QtyInPackage>לא ידוע</QtyInPackage><UnitOfMeasurePrice>0.0240</UnitOfMeasurePrice><AllowDiscount>0</AllowDiscount><ItemStatus>1</ItemStatus><ItemPrice>3.00</ItemPrice></item><item><PriceUpdateDate>2016-02-16 20:38:20</PriceUpdateDate><ItemCode>7290004137311</ItemCode><ItemType>1</ItemType><ItemName>עמק לייט משפחתית 400</ItemName><ManufacturerName>עמק</ManufacturerName><ManufactureCountry>ישראל</ManufactureCountry><ManufacturerItemDescription>עמק לייט משפחתית 400</ManufacturerItemDescription><SoldByWeight/><Quantity>400.00</Quantity><UnitOfMeasure>גרם     </UnitOfMeasure><QtyInPackage>לא ידוע</QtyInPackage><UnitOfMeasurePrice>0.0747</UnitOfMeasurePrice><AllowDiscount>1</AllowDiscount><ItemStatus>1</ItemStatus><ItemPrice>29.90</ItemPrice></item><item><PriceUpdateDate>2016-08-10 08:23:11</PriceUpdateDate><ItemCode>7290004137809</ItemCode><ItemType>1</ItemType><ItemName>לאבנה 5% 250 גרם</ItemName><ManufacturerName>פיראוס</ManufacturerName><ManufactureCountry>ישראל</ManufactureCountry><ManufacturerItemDescription>לאבנה 250 5% גרם    פיראו</ManufacturerItemDescription><SoldByWeight/><Quantity>250.00</Quantity><UnitOfMeasure>גרם     </UnitOfMeasure><QtyInPackage>לא ידוע</QtyInPackage><UnitOfMeasurePrice>0.0512</UnitOfMeasurePrice><AllowDiscount>1</AllowDiscount><ItemStatus>1</ItemStatus><ItemPrice>12.80</ItemPrice></item><item><PriceUpdateDate>2016-08-02 07:39:28</PriceUpdateDate><ItemCode>7290004146986</ItemCode><ItemType>1</ItemType><ItemName>מב שמפו נקה-7 לשיער</ItemName><ManufacturerName>נקה 7</ManufacturerName><ManufactureCountry>ישראל</ManufactureCountry><ManufacturerItemDescription>מב שמפו נקה-7 לשיער</ManufacturerItemDescription><SoldByWeight/><Quantity>750.00</Quantity><UnitOfMeasure>מ"ל</UnitOfMeasure><QtyInPackage>לא ידוע</QtyInPackage><UnitOfMeasurePrice>0.0145</UnitOfMeasurePrice><AllowDiscount>0</AllowDiscount><ItemStatus>1</ItemStatus><ItemPrice>10.90</ItemPrice></item><item><PriceUpdateDate>2016-03-01 06:13:33</PriceUpdateDate><ItemCode>7290004193010</ItemCode><ItemType>3</ItemType><ItemName>רבע כבש  שלם טרי  בו</ItemName><ManufacturerName>נטו סחר</ManufacturerName><ManufactureCountry>לא ידוע</ManufactureCountry><ManufacturerItemDescription>רבע כבש  שלם טרי  בו</ManufacturerItemDescription><SoldByWeight/><Quantity>1.00</Quantity><UnitOfMeasure>ק"ג</UnitOfMeasure><QtyInPackage>לא ידוע</QtyInPackage><UnitOfMeasurePrice>99.9000</UnitOfMeasurePrice><AllowDiscount>1</AllowDiscount><ItemStatus>1</ItemStatus><ItemPrice>99.90</ItemPrice></item><item><PriceUpdateDate>2014-11-10 06:30:10</PriceUpdateDate><ItemCode>7290004200794</ItemCode><ItemType>1</ItemType><ItemName>סט זיקוקים</ItemName><ManufacturerName>שמחה זה אנחנו</ManufacturerName><ManufactureCountry>ישראל</ManufactureCountry><ManufacturerItemDescription>זיקוקים סט</ManufacturerItemDescription><SoldByWeight/><Quantity>0.00</Quantity><UnitOfMeasure>יח'</UnitOfMeasure><QtyInPackage>לא ידוע</QtyInPackage><UnitOfMeasurePrice>0.0000</UnitOfMeasurePrice><AllowDiscount>1</AllowDiscount><ItemStatus>1</ItemStatus><ItemPrice>11.20</ItemPrice></item><item><PriceUpdateDate>2014-11-10 06:30:10</PriceUpdateDate><ItemCode>7290004200992</ItemCode><ItemType>1</ItemType><ItemName>סט נרות צבעוני</ItemName><ManufacturerName>שמחה זה אנחנו</ManufacturerName><ManufactureCountry>ישראל</ManufactureCountry><ManufacturerItemDescription>סט נרות צבעוני</ManufacturerItemDescription><SoldByWeight/><Quantity>0.00</Quantity><UnitOfMeasure>יח'</UnitOfMeasure><QtyInPackage>לא ידוע</QtyInPackage><UnitOfMeasurePrice>0.0000</UnitOfMeasurePrice><AllowDiscount>1</AllowDiscount><ItemStatus>1</ItemStatus><ItemPrice>2.80</ItemPrice></item><item><PriceUpdateDate>2014-11-10 06:29:42</PriceUpdateDate><ItemCode>7290004219079</ItemCode><ItemType>1</ItemType><ItemName>לבבות דקל חתוך ויליפ</ItemName><ManufacturerName>וילי פוד</ManufacturerName><ManufactureCountry>ישראל</ManufactureCountry><ManufacturerItemDescription>לבבות דקל חתוך 400 גרם</ManufacturerItemDescription><SoldByWeight/><Quantity>220.00</Quantity><UnitOfMeasure>גרם     </UnitOfMeasure><QtyInPackage>לא ידוע</QtyInPackage><UnitOfMeasurePrice>0.0541</UnitOfMeasurePrice><AllowDiscount>1</AllowDiscount><ItemStatus>1</ItemStatus><ItemPrice>11.90</ItemPrice></item><item><PriceUpdateDate>2014-11-10 06:29:42</PriceUpdateDate><ItemCode>7290004219819</ItemCode><ItemType>1</ItemType><ItemName>מלבין קפה הולנדי 200</ItemName><ManufacturerName>וילי פוד</ManufacturerName><ManufactureCountry>ישראל</ManufactureCountry><ManufacturerItemDescription>מלבין קפה קומפלטה 200 גר</ManufacturerItemDescription><SoldByWeight/><Quantity>200.00</Quantity><UnitOfMeasure>גרם     </UnitOfMeasure><QtyInPackage>לא ידוע</QtyInPackage><UnitOfMeasurePrice>0.0610</UnitOfMeasurePrice><AllowDiscount>1</AllowDiscount><ItemStatus>1</ItemStatus><ItemPrice>12.20</ItemPrice></item><item><PriceUpdateDate>2015-11-18 13:59:09</PriceUpdateDate><ItemCode>7290004219826</ItemCode><ItemType>1</ItemType><ItemName>מלבין קפה הולנדי 400</ItemName><ManufacturerName>וילי פוד</ManufacturerName><ManufactureCountry>ישראל</ManufactureCountry><ManufacturerItemDescription>מלבין קפה הולנדי 400</ManufacturerItemDescription><SoldByWeight/><Quantity>400.00</Quantity><UnitOfMeasure>גרם     </UnitOfMeasure><QtyInPackage>לא ידוע</QtyInPackage><UnitOfMeasurePrice>0.0588</UnitOfMeasurePrice><AllowDiscount>1</AllowDiscount><ItemStatus>1</ItemStatus><ItemPrice>23.50</ItemPrice></item><item><PriceUpdateDate>2016-08-02 07:35:17</PriceUpdateDate><ItemCode>7290004225278</ItemCode><ItemType>3</ItemType><ItemName>בסגנון דנאבלו במשקל</ItemName><ManufacturerName>נטו סחר</ManufacturerName><ManufactureCountry>ישראל</ManufactureCountry><ManufacturerItemDescription>בסגנון דנאבלו במשקל</ManufacturerItemDescription><SoldByWeight/><Quantity>1.00</Quantity><UnitOfMeasure>ק"ג</UnitOfMeasure><QtyInPackage>לא ידוע</QtyInPackage><UnitOfMeasurePrice>99.0000</UnitOfMeasurePrice><AllowDiscount>1</AllowDiscount><ItemStatus>1</ItemStatus><ItemPrice>99.00</ItemPrice></item><item><PriceUpdateDate>2016-06-28 09:31:09</PriceUpdateDate><ItemCode>7290004230074</ItemCode><ItemType>1</ItemType><ItemName>מב קציצות ברוטב עגבנ</ItemName><ManufacturerName>שגב</ManufacturerName><ManufactureCountry>ישראל</ManufactureCountry><ManufacturerItemDescription>קציצות דג ברוטב עגבניות 8</ManufacturerItemDescription><SoldByWeight/><Quantity>800.00</Quantity><UnitOfMeasure>גרם     </UnitOfMeasure><QtyInPackage>לא ידוע</QtyInPackage><UnitOfMeasurePrice>0.0311</UnitOfMeasurePrice><AllowDiscount>1</AllowDiscount><ItemStatus>1</ItemStatus><ItemPrice>24.90</ItemPrice></item><item><PriceUpdateDate>2016-06-28 09:31:09</PriceUpdateDate><ItemCode>7290004230081</ItemCode><ItemType>1</ItemType><ItemName>מב קציצות עוף ברוטב</ItemName><ManufacturerName>שגב</ManufacturerName><ManufactureCountry>ישראל</ManufactureCountry><ManufacturerItemDescription>קציצות עוף ברוטב עגבניות</ManufacturerItemDescription><SoldByWeight/><Quantity>800.00</Quantity><UnitOfMeasure>גרם     </UnitOfMeasure><QtyInPackage>לא ידוע</QtyInPackage><UnitOfMeasurePrice>0.0311</UnitOfMeasurePrice><AllowDiscount>1</AllowDiscount><ItemStatus>1</ItemStatus><ItemPrice>24.90</ItemPrice></item><item><PriceUpdateDate>2016-08-02 07:39:28</PriceUpdateDate><ItemCode>7290004230470</ItemCode><ItemType>1</ItemType><ItemName>מב סופלה שוקולד בלגי</ItemName><ManufacturerName>שגב</ManufacturerName><ManufactureCountry>ישראל</ManufactureCountry><ManufacturerItemDescription>סופלה שוקולד בלגי 360 גר</ManufacturerItemDescription><SoldByWeight/><Quantity>360.00</Quantity><UnitOfMeasure>גרם     </UnitOfMeasure><QtyInPackage>לא ידוע</QtyInPackage><UnitOfMeasurePrice>0.0472</UnitOfMeasurePrice><AllowDiscount>1</AllowDiscount><ItemStatus>1</ItemStatus><ItemPrice>17.00</ItemPrice></item><item><PriceUpdateDate>2016-07-04 12:08:21</PriceUpdateDate><ItemCode>7290004236243</ItemCode><ItemType>1</ItemType><ItemName>מב עוגיות שמרים 400</ItemName><ManufacturerName>"המותג"</ManufacturerName><ManufactureCountry>ישראל</ManufactureCountry><ManufacturerItemDescription>מב עוגיות שמרים 400</ManufacturerItemDescription><SoldByWeight/><Quantity>400.00</Quantity><UnitOfMeasure>גרם     </UnitOfMeasure><QtyInPackage>לא ידוע</QtyInPackage><UnitOfMeasurePrice>0.0273</UnitOfMeasurePrice><AllowDiscount>1</AllowDiscount><ItemStatus>1</ItemStatus><ItemPrice>10.90</ItemPrice></item><item><PriceUpdateDate>2014-11-10 06:30:57</PriceUpdateDate><ItemCode>7290004267230</ItemCode><ItemType>1</ItemType><ItemName>פריכיות אורז מצופה ש</ItemName><ManufacturerName>בר-מן עוגיות</ManufacturerName><ManufactureCountry>ישראל</ManufactureCountry><ManufacturerItemDescription>פריכיות אורז מצופה שוקולד</ManufacturerItemDescription><SoldByWeight/><Quantity>80.00</Quantity><UnitOfMeasure>גרם     </UnitOfMeasure><QtyInPackage>לא ידוע</QtyInPackage><UnitOfMeasurePrice>0.1087</UnitOfMeasurePrice><AllowDiscount>1</AllowDiscount><ItemStatus>1</ItemStatus><ItemPrice>8.70</ItemPrice></item><item><PriceUpdateDate>2016-08-02 07:39:29</PriceUpdateDate><ItemCode>7290004324858</ItemCode><ItemType>1</ItemType><ItemName>מב קבב כבש 500 גרם</ItemName><ManufacturerName>טיבון ויל</ManufacturerName><ManufactureCountry>ישראל</ManufactureCountry><ManufacturerItemDescription>קבב כבש500 גר</ManufacturerItemDescription><SoldByWeight/><Quantity>500.00</Quantity><UnitOfMeasure>גרם     </UnitOfMeasure><QtyInPackage>לא ידוע</QtyInPackage><UnitOfMeasurePrice>0.0378</UnitOfMeasurePrice><AllowDiscount>1</AllowDiscount><ItemStatus>1</ItemStatus><ItemPrice>18.90</ItemPrice></item><item><PriceUpdateDate>2016-05-31 07:02:45</PriceUpdateDate><ItemCode>7290004423353</ItemCode><ItemType>1</ItemType><ItemName>מיץ פריגת תפוחים 1.5</ItemName><ManufacturerName>פריגת</ManufacturerName><ManufactureCountry>ישראל</ManufactureCountry><ManufacturerItemDescription>משקל פריגת תפוחים 1.5 ל</ManufacturerItemDescription><SoldByWeight/><Quantity>1500.00</Quantity><UnitOfMeasure>מ"ל</UnitOfMeasure><QtyInPackage>לא ידוע</QtyInPackage><UnitOfMeasurePrice>0.0045</UnitOfMeasurePrice><AllowDiscount>0</AllowDiscount><ItemStatus>1</ItemStatus><ItemPrice>6.80</ItemPrice></item><item><PriceUpdateDate>2016-05-01 08:13:31</PriceUpdateDate><ItemCode>7290004492274</ItemCode><ItemType>1</ItemType><ItemName>מב בייגלה טבעות מלוח</ItemName><ManufacturerName>בייגל בייגל</ManufacturerName><ManufactureCountry>ישראל</ManufactureCountry><ManufacturerItemDescription>מב בייגלה טבעות מלוח</ManufacturerItemDescription><SoldByWeight/><Quantity>400.00</Quantity><UnitOfMeasure>גרם     </UnitOfMeasure><QtyInPackage>לא ידוע</QtyInPackage><UnitOfMeasurePrice>0.0248</UnitOfMeasurePrice><AllowDiscount>1</AllowDiscount><ItemStatus>1</ItemStatus><ItemPrice>9.90</ItemPrice></item><item><PriceUpdateDate>2016-08-10 08:23:11</PriceUpdateDate><ItemCode>7290004492816</ItemCode><ItemType>1</ItemType><ItemName>נשנושי קרקר עיגולים</ItemName><ManufacturerName>לא ידוע</ManufacturerName><ManufactureCountry>ישראל</ManufactureCountry><ManufacturerItemDescription>נשנושי קרקר עיגולים</ManufacturerItemDescription><SoldByWeight/><Quantity>350.00</Quantity><UnitOfMeasure>גרם     </UnitOfMeasure><QtyInPackage>לא ידוע</QtyInPackage><UnitOfMeasurePrice>0.0454</UnitOfMeasurePrice><AllowDiscount>1</AllowDiscount><ItemStatus>1</ItemStatus><ItemPrice>15.90</ItemPrice></item><item><PriceUpdateDate>2016-08-10 08:23:11</PriceUpdateDate><ItemCode>7290004492823</ItemCode><ItemType>1</ItemType><ItemName>נשנושי קרקר שומשום 3</ItemName><ManufacturerName>נישנושים</ManufacturerName><ManufactureCountry>ישראל</ManufactureCountry><ManufacturerItemDescription>נשנושי קרקר שומשום 3</ManufacturerItemDescription><SoldByWeight/><Quantity>350.00</Quantity><UnitOfMeasure>גרם     </UnitOfMeasure><QtyInPackage>לא ידוע</QtyInPackage><UnitOfMeasurePrice>0.0454</UnitOfMeasurePrice><AllowDiscount>1</AllowDiscount><ItemStatus>1</ItemStatus><ItemPrice>15.90</ItemPrice></item><item><PriceUpdateDate>2016-08-10 08:23:11</PriceUpdateDate><ItemCode>7290004492854</ItemCode><ItemType>1</ItemType><ItemName>נשנושי קרקר קוקטייל</ItemName><ManufacturerName>נישנושים</ManufacturerName><ManufactureCountry>ישראל</ManufactureCountry><ManufacturerItemDescription>נשנושי קרקר קוקטייל</ManufacturerItemDescription><SoldByWeight/><Quantity>350.00</Quantity><UnitOfMeasure>גרם     </UnitOfMeasure><QtyInPackage>לא ידוע</QtyInPackage><UnitOfMeasurePrice>0.0454</UnitOfMeasurePrice><AllowDiscount>1</AllowDiscount><ItemStatus>1</ItemStatus><ItemPrice>15.90</ItemPrice></item><item><PriceUpdateDate>2016-06-28 09:29:07</PriceUpdateDate><ItemCode>7290004536008</ItemCode><ItemType>1</ItemType><ItemName>סיליט מסיר אבנית וחל</ItemName><ManufacturerName>סיליט</ManufacturerName><ManufactureCountry>פולין</ManufactureCountry><ManufacturerItemDescription>סיליט מסיר אבנית וחל</ManufacturerItemDescription><SoldByWeight/><Quantity>500.00</Quantity><UnitOfMeasure>מ"ל</UnitOfMeasure><QtyInPackage>לא ידוע</QtyInPackage><UnitOfMeasurePrice>0.0378</UnitOfMeasurePrice><AllowDiscount>1</AllowDiscount><ItemStatus>1</ItemStatus><ItemPrice>18.90</ItemPrice></item><item><PriceUpdateDate>2016-03-01 06:13:34</PriceUpdateDate><ItemCode>7290004584306</ItemCode><ItemType>1</ItemType><ItemName>מארז גמדים תות בננה</ItemName><ManufacturerName>גמדים</ManufacturerName><ManufactureCountry>ישראל</ManufactureCountry><ManufacturerItemDescription>מארז גמדים תות בננה</ManufacturerItemDescription><SoldByWeight/><Quantity>400.00</Quantity><UnitOfMeasure>מ"ל</UnitOfMeasure><QtyInPackage>לא ידוע</QtyInPackage><UnitOfMeasurePrice>0.0285</UnitOfMeasurePrice><AllowDiscount>0</AllowDiscount><ItemStatus>1</ItemStatus><ItemPrice>11.40</ItemPrice></item><item><PriceUpdateDate>2016-06-28 09:29:07</PriceUpdateDate><ItemCode>7290004584351</ItemCode><ItemType>1</ItemType><ItemName>סימפוניה 5% טבעית 20</ItemName><ManufacturerName>סימפוניה שטראוס</ManufacturerName><ManufactureCountry>ישראל</ManufactureCountry><ManufacturerItemDescription>סימפוניה בטעם טבעי 200 גר</ManufacturerItemDescription><SoldByWeight/><Quantity>200.00</Quantity><UnitOfMeasure>גרם     </UnitOfMeasure><QtyInPackage>לא ידוע</QtyInPackage><UnitOfMeasurePrice>0.0595</UnitOfMeasurePrice><AllowDiscount>0</AllowDiscount><ItemStatus>1</ItemStatus><ItemPrice>11.90</ItemPrice></item><item><PriceUpdateDate>2015-10-11 20:34:27</PriceUpdateDate><ItemCode>7290004584528</ItemCode><ItemType>1</ItemType><ItemName>דנונה ביו טבעי 1.7%</ItemName><ManufacturerName>דנונה</ManufacturerName><ManufactureCountry>ישראל</ManufactureCountry><ManufacturerItemDescription>יוגורט דנונה בי 200  1.7%</ManufacturerItemDescription><SoldByWeight/><Quantity>200.00</Quantity><UnitOfMeasure>גרם     </UnitOfMeasure><QtyInPackage>לא ידוע</QtyInPackage><UnitOfMeasurePrice>0.0200</UnitOfMeasurePrice><AllowDiscount>1</AllowDiscount><ItemStatus>1</ItemStatus><ItemPrice>4.00</ItemPrice></item><item><PriceUpdateDate>2015-10-11 20:34:27</PriceUpdateDate><ItemCode>7290004585907</ItemCode><ItemType>1</ItemType><ItemName>מעדן דני וניל 125 גר</ItemName><ManufacturerName>דני</ManufacturerName><ManufactureCountry>ישראל</ManufactureCountry><ManufacturerItemDescription>דני וניל125 גר</ManufacturerItemDescription><SoldByWeight/><Quantity>125.00</Quantity><UnitOfMeasure>גרם     </UnitOfMeasure><QtyInPackage>לא ידוע</QtyInPackage><UnitOfMeasurePrice>0.0216</UnitOfMeasurePrice><AllowDiscount>1</AllowDiscount><ItemStatus>1</ItemStatus><ItemPrice>2.70</ItemPrice></item><item><PriceUpdateDate>2016-05-01 08:13:32</PriceUpdateDate><ItemCode>7290004603175</ItemCode><ItemType>1</ItemType><ItemName>מלח הים האדום גס 500</ItemName><ManufacturerName>לא ממותג</ManufacturerName><ManufactureCountry>ישראל</ManufactureCountry><ManufacturerItemDescription>מלח הים האדום גס 500</ManufacturerItemDescription><SoldByWeight/><Quantity>500.00</Quantity><UnitOfMeasure>גרם     </UnitOfMeasure><QtyInPackage>לא ידוע</QtyInPackage><UnitOfMeasurePrice>0.0158</UnitOfMeasurePrice><AllowDiscount>1</AllowDiscount><ItemStatus>1</ItemStatus><ItemPrice>7.90</ItemPrice></item><item><PriceUpdateDate>2016-06-28 09:29:07</PriceUpdateDate><ItemCode>7290004685010</ItemCode><ItemType>1</ItemType><ItemName>לחם 100% שיפון קל 50</ItemName><ManufacturerName>מאפיית ברמן</ManufacturerName><ManufactureCountry>ישראל</ManufactureCountry><ManufacturerItemDescription>לחם 100% שיפון קל 50</ManufacturerItemDescription><SoldByWeight/><Quantity>500.00</Quantity><UnitOfMeasure>גרם     </UnitOfMeasure><QtyInPackage>לא ידוע</QtyInPackage><UnitOfMeasurePrice>0.0338</UnitOfMeasurePrice><AllowDiscount>1</AllowDiscount><ItemStatus>1</ItemStatus><ItemPrice>16.90</ItemPrice></item><item><PriceUpdateDate>2016-06-28 09:29:07</PriceUpdateDate><ItemCode>7290004685089</ItemCode><ItemType>1</ItemType><ItemName>לחם חמניות 500 גרם</ItemName><ManufacturerName>מאפיית ברמן</ManufacturerName><ManufactureCountry>ישראל</ManufactureCountry><ManufacturerItemDescription>לחם חמניות 500 גרם</ManufacturerItemDescription><SoldByWeight/><Quantity>500.00</Quantity><UnitOfMeasure>גרם     </UnitOfMeasure><QtyInPackage>לא ידוע</QtyInPackage><UnitOfMeasurePrice>0.0338</UnitOfMeasurePrice><AllowDiscount>1</AllowDiscount><ItemStatus>1</ItemStatus><ItemPrice>16.90</ItemPrice></item><item><PriceUpdateDate>2016-06-28 09:29:07</PriceUpdateDate><ItemCode>7290004685126</ItemCode><ItemType>1</ItemType><ItemName>לחם 5 דגנים 750 גרם</ItemName><ManufacturerName>לחם הארץ</ManufacturerName><ManufactureCountry>ישראל</ManufactureCountry><ManufacturerItemDescription>לחם 5 דגנים 750 גרם לחם ה</ManufacturerItemDescription><SoldByWeight/><Quantity>750.00</Quantity><UnitOfMeasure>גרם     </UnitOfMeasure><QtyInPackage>לא ידוע</QtyInPackage><UnitOfMeasurePrice>0.0256</UnitOfMeasurePrice><AllowDiscount>1</AllowDiscount><ItemStatus>1</ItemStatus><ItemPrice>19.20</ItemPrice></item><item><PriceUpdateDate>2016-06-28 09:29:07</PriceUpdateDate><ItemCode>7290004685157</ItemCode><ItemType>1</ItemType><ItemName>לחם שיפון 100%</ItemName><ManufacturerName>לחם הארץ</ManufacturerName><ManufactureCountry>ישראל</ManufactureCountry><ManufacturerItemDescription>לחם שיפון 750 100% ג</ManufacturerItemDescription><SoldByWeight/><Quantity>750.00</Quantity><UnitOfMeasure>גרם     </UnitOfMeasure><QtyInPackage>לא ידוע</QtyInPackage><UnitOfMeasurePrice>0.0233</UnitOfMeasurePrice><AllowDiscount>1</AllowDiscount><ItemStatus>1</ItemStatus><ItemPrice>17.50</ItemPrice></item><item><PriceUpdateDate>2016-06-28 09:29:07</PriceUpdateDate><ItemCode>7290004685201</ItemCode><ItemType>1</ItemType><ItemName>לחם שיפון אגוזים 500</ItemName><ManufacturerName>לחם הארץ</ManufacturerName><ManufactureCountry>ישראל</ManufactureCountry><ManufacturerItemDescription>לחם אגוזים 500 גרם לחם הא</ManufacturerItemDescription><SoldByWeight/><Quantity>500.00</Quantity><UnitOfMeasure>גרם     </UnitOfMeasure><QtyInPackage>לא ידוע</QtyInPackage><UnitOfMeasurePrice>0.0358</UnitOfMeasurePrice><AllowDiscount>1</AllowDiscount><ItemStatus>1</ItemStatus><ItemPrice>17.90</ItemPrice></item><item><PriceUpdateDate>2016-05-01 08:13:32</PriceUpdateDate><ItemCode>7290004731472</ItemCode><ItemType>1</ItemType><ItemName>אל סבון נוזלי כיףשלי</ItemName><ManufacturerName>כיף</ManufacturerName><ManufactureCountry>ישראל</ManufactureCountry><ManufacturerItemDescription>מארז אלסבון כיף שלישייה צ</ManufacturerItemDescription><SoldByWeight/><Quantity>1500.00</Quantity><UnitOfMeasure>מ"ל</UnitOfMeasure><QtyInPackage>לא ידוע</QtyInPackage><UnitOfMeasurePrice>0.0126</UnitOfMeasurePrice><AllowDiscount>1</AllowDiscount><ItemStatus>1</ItemStatus><ItemPrice>18.90</ItemPrice></item><item><PriceUpdateDate>2016-03-01 06:17:41</PriceUpdateDate><ItemCode>7290004731557</ItemCode><ItemType>1</ItemType><ItemName>ספריי למייבש מקסימה</ItemName><ManufacturerName>לא ידוע</ManufacturerName><ManufactureCountry>ישראל</ManufactureCountry><ManufacturerItemDescription>ספריי למייבש מקסימה</ManufacturerItemDescription><SoldByWeight/><Quantity>750.00</Quantity><UnitOfMeasure>מ"ל</UnitOfMeasure><QtyInPackage>לא ידוע</QtyInPackage><UnitOfMeasurePrice>0.0305</UnitOfMeasurePrice><AllowDiscount>1</AllowDiscount><ItemStatus>1</ItemStatus><ItemPrice>22.90</ItemPrice></item><item><PriceUpdateDate>2016-03-01 06:17:41</PriceUpdateDate><ItemCode>7290004731670</ItemCode><ItemType>1</ItemType><ItemName>מטהר אוויר דואופרש א</ItemName><ManufacturerName>לא ידוע</ManufacturerName><ManufactureCountry>ישראל</ManufactureCountry><ManufacturerItemDescription>מ.אויר דואופרש פצולי לבנד</ManufacturerItemDescription><SoldByWeight/><Quantity>300.00</Quantity><UnitOfMeasure>מ"ל</UnitOfMeasure><QtyInPackage>לא ידוע</QtyInPackage><UnitOfMeasurePrice>0.0530</UnitOfMeasurePrice><AllowDiscount>1</AllowDiscount><ItemStatus>1</ItemStatus><ItemPrice>15.90</ItemPrice></item><item><PriceUpdateDate>2015-10-22 10:37:26</PriceUpdateDate><ItemCode>7290004737955</ItemCode><ItemType>3</ItemType><ItemName>ממרח חמאה לורפק במשק</ItemName><ManufacturerName>וילי פוד</ManufacturerName><ManufactureCountry>ישראל</ManufactureCountry><ManufacturerItemDescription>ממרח חמאה לורפק במשק</ManufacturerItemDescription><SoldByWeight/><Quantity>1.00</Quantity><UnitOfMeasure>ק"ג</UnitOfMeasure><QtyInPackage>לא ידוע</QtyInPackage><UnitOfMeasurePrice>48.0000</UnitOfMeasurePrice><AllowDiscount>1</AllowDiscount><ItemStatus>1</ItemStatus><ItemPrice>48.00</ItemPrice></item><item><PriceUpdateDate>2015-11-18 13:59:11</PriceUpdateDate><ItemCode>7290004762926</ItemCode><ItemType>1</ItemType><ItemName>שקדי מרק שקית 400 גר</ItemName><ManufacturerName>"המותג"</ManufacturerName><ManufactureCountry>ישראל</ManufactureCountry><ManufacturerItemDescription>שקדי מרק שקית 400 גר</ManufacturerItemDescription><SoldByWeight/><Quantity>400.00</Quantity><UnitOfMeasure>גרם     </UnitOfMeasure><QtyInPackage>לא ידוע</QtyInPackage><UnitOfMeasurePrice>0.0168</UnitOfMeasurePrice><AllowDiscount>1</AllowDiscount><ItemStatus>1</ItemStatus><ItemPrice>6.70</ItemPrice></item><item><PriceUpdateDate>2015-11-18 13:59:11</PriceUpdateDate><ItemCode>7290004762940</ItemCode><ItemType>1</ItemType><ItemName>פרורי לחם מוזהב 200</ItemName><ManufacturerName>"המותג"</ManufacturerName><ManufactureCountry>ישראל</ManufactureCountry><ManufacturerItemDescription>פרורי לחם מוזהב 200</ManufacturerItemDescription><SoldByWeight/><Quantity>200.00</Quantity><UnitOfMeasure>גרם     </UnitOfMeasure><QtyInPackage>לא ידוע</QtyInPackage><UnitOfMeasurePrice>0.0165</UnitOfMeasurePrice><AllowDiscount>1</AllowDiscount><ItemStatus>1</ItemStatus><ItemPrice>3.30</ItemPrice></item><item><PriceUpdateDate>2015-02-24 09:09:41</PriceUpdateDate><ItemCode>7290004762964</ItemCode><ItemType>1</ItemType><ItemName>פרורי לחם 200 גרם המ</ItemName><ManufacturerName>"המותג"</ManufacturerName><ManufactureCountry>ישראל</ManufactureCountry><ManufacturerItemDescription>פרורי לחם 200 גרם המ</ManufacturerItemDescription><SoldByWeight/><Quantity>200.00</Quantity><UnitOfMeasure>גרם     </UnitOfMeasure><QtyInPackage>לא ידוע</QtyInPackage><UnitOfMeasurePrice>0.0145</UnitOfMeasurePrice><AllowDiscount>1</AllowDiscount><ItemStatus>1</ItemStatus><ItemPrice>2.90</ItemPrice></item><item><PriceUpdateDate>2014-11-10 06:31:09</PriceUpdateDate><ItemCode>7290004861445</ItemCode><ItemType>3</ItemType><ItemName>כדורי לאבנה בשמן זית</ItemName><ManufacturerName>המושבה</ManufacturerName><ManufactureCountry>ישראל</ManufactureCountry><ManufacturerItemDescription>כדורי לאבנה בשמן זית</ManufacturerItemDescription><SoldByWeight/><Quantity>1.00</Quantity><UnitOfMeasure>ק"ג</UnitOfMeasure><QtyInPackage>לא ידוע</QtyInPackage><UnitOfMeasurePrice>116.0000</UnitOfMeasurePrice><AllowDiscount>1</AllowDiscount><ItemStatus>1</ItemStatus><ItemPrice>116.00</ItemPrice></item><item><PriceUpdateDate>2016-08-10 08:23:11</PriceUpdateDate><ItemCode>7290004923051</ItemCode><ItemType>1</ItemType><ItemName>מי עין גדי 2 ליטר</ItemName><ManufacturerName>עין גדי</ManufacturerName><ManufactureCountry>ישראל</ManufactureCountry><ManufacturerItemDescription>מי עין גדי 2 ליטר</ManufacturerItemDescription><SoldByWeight/><Quantity>2000.00</Quantity><UnitOfMeasure>מ"ל</UnitOfMeasure><QtyInPackage>לא ידוע</QtyInPackage><UnitOfMeasurePrice>0.0019</UnitOfMeasurePrice><AllowDiscount>1</AllowDiscount><ItemStatus>1</ItemStatus><ItemPrice>3.90</ItemPrice></item><item><PriceUpdateDate>2015-10-12 11:16:18</PriceUpdateDate><ItemCode>7290004923099</ItemCode><ItemType>1</ItemType><ItemName>מי עין גדי שישייה 2</ItemName><ManufacturerName>עין גדי</ManufacturerName><ManufactureCountry>ישראל</ManufactureCountry><ManufacturerItemDescription>מי עין גדי שישייה 2</ManufacturerItemDescription><SoldByWeight/><Quantity>12000.00</Quantity><UnitOfMeasure>מ"ל</UnitOfMeasure><QtyInPackage>לא ידוע</QtyInPackage><UnitOfMeasurePrice>0.0010</UnitOfMeasurePrice><AllowDiscount>1</AllowDiscount><ItemStatus>1</ItemStatus><ItemPrice>12.00</ItemPrice></item><item><PriceUpdateDate>2014-11-10 06:30:38</PriceUpdateDate><ItemCode>7290004944858</ItemCode><ItemType>3</ItemType><ItemName>חציל במיונז במשקל</ItemName><ManufacturerName>סלטי שמיר</ManufacturerName><ManufactureCountry>ישראל</ManufactureCountry><ManufacturerItemDescription>חציל במיונז במשקל</ManufacturerItemDescription><SoldByWeight/><Quantity>1.00</Quantity><UnitOfMeasure>ק"ג</UnitOfMeasure><QtyInPackage>לא ידוע</QtyInPackage><UnitOfMeasurePrice>27.0000</UnitOfMeasurePrice><AllowDiscount>1</AllowDiscount><ItemStatus>1</ItemStatus><ItemPrice>27.00</ItemPrice></item><item><PriceUpdateDate>2014-11-10 06:30:38</PriceUpdateDate><ItemCode>7290004944865</ItemCode><ItemType>3</ItemType><ItemName>תפוחי אדמה במשקל</ItemName><ManufacturerName>סלטי שמיר</ManufacturerName><ManufactureCountry>ישראל</ManufactureCountry><ManufacturerItemDescription>תפוחי אדמה במשקל</ManufacturerItemDescription><SoldByWeight/><Quantity>1.00</Quantity><UnitOfMeasure>ק"ג</UnitOfMeasure><QtyInPackage>לא ידוע</QtyInPackage><UnitOfMeasurePrice>27.0000</UnitOfMeasurePrice><AllowDiscount>1</AllowDiscount><ItemStatus>1</ItemStatus><ItemPrice>27.00</ItemPrice></item><item><PriceUpdateDate>2014-11-10 06:30:38</PriceUpdateDate><ItemCode>7290004944902</ItemCode><ItemType>3</ItemType><ItemName>פלפל רצועות קלוי</ItemName><ManufacturerName>סלטי שמיר</ManufacturerName><ManufactureCountry>ישראל</ManufactureCountry><ManufacturerItemDescription>פלפל רצועות קלוי</ManufacturerItemDescription><SoldByWeight/><Quantity>1.00</Quantity><UnitOfMeasure>ק"ג</UnitOfMeasure><QtyInPackage>לא ידוע</QtyInPackage><UnitOfMeasurePrice>51.0000</UnitOfMeasurePrice><AllowDiscount>1</AllowDiscount><ItemStatus>1</ItemStatus><ItemPrice>51.00</ItemPrice></item><item><PriceUpdateDate>2014-11-10 06:29:31</PriceUpdateDate><ItemCode>7290004952778</ItemCode><ItemType>1</ItemType><ItemName>טופו אורגני הרדוף 30</ItemName><ManufacturerName>הרדוף</ManufacturerName><ManufactureCountry>ישראל</ManufactureCountry><ManufacturerItemDescription>טופו אורגני הרדוף 30</ManufacturerItemDescription><SoldByWeight/><Quantity>300.00</Quantity><UnitOfMeasure>גרם     </UnitOfMeasure><QtyInPackage>לא ידוע</QtyInPackage><UnitOfMeasurePrice>0.0560</UnitOfMeasurePrice><AllowDiscount>1</AllowDiscount><ItemStatus>1</ItemStatus><ItemPrice>16.80</ItemPrice></item><item><PriceUpdateDate>2016-08-10 08:23:11</PriceUpdateDate><ItemCode>7290005068058</ItemCode><ItemType>1</ItemType><ItemName>תירס קל A2 מופחת קלר</ItemName><ManufacturerName>פרי הגליל</ManufacturerName><ManufactureCountry>ישראל</ManufactureCountry><ManufacturerItemDescription>תירס קל A2 גר</ManufacturerItemDescription><SoldByWeight/><Quantity>335.00</Quantity><UnitOfMeasure>גרם     </UnitOfMeasure><QtyInPackage>לא ידוע</QtyInPackage><UnitOfMeasurePrice>0.0230</UnitOfMeasurePrice><AllowDiscount>1</AllowDiscount><ItemStatus>1</ItemStatus><ItemPrice>7.70</ItemPrice></item><item><PriceUpdateDate>2016-05-31 06:55:40</PriceUpdateDate><ItemCode>7290005084355</ItemCode><ItemType>1</ItemType><ItemName>משחת שיניים סנסודיין</ItemName><ManufacturerName>סנסודיין</ManufacturerName><ManufactureCountry>ישראל</ManufactureCountry><ManufacturerItemDescription>משחת שיניים סנסודיין</ManufacturerItemDescription><SoldByWeight/><Quantity>75.00</Quantity><UnitOfMeasure>מ"ל</UnitOfMeasure><QtyInPackage>לא ידוע</QtyInPackage><UnitOfMeasurePrice>0.3320</UnitOfMeasurePrice><AllowDiscount>1</AllowDiscount><ItemStatus>1</ItemStatus><ItemPrice>24.90</ItemPrice></item><item><PriceUpdateDate>2014-11-10 06:30:57</PriceUpdateDate><ItemCode>7290005095252</ItemCode><ItemType>3</ItemType><ItemName>חלבה נוגט סנדביץ' במ</ItemName><ManufacturerName>עדן חלבה</ManufacturerName><ManufactureCountry>ישראל</ManufactureCountry><ManufacturerItemDescription>חלבה נוגט סנדביץ' במ</ManufacturerItemDescription><SoldByWeight/><Quantity>1.00</Quantity><UnitOfMeasure>ק"ג</UnitOfMeasure><QtyInPackage>לא ידוע</QtyInPackage><UnitOfMeasurePrice>66.9000</UnitOfMeasurePrice><AllowDiscount>1</AllowDiscount><ItemStatus>1</ItemStatus><ItemPrice>66.90</ItemPrice></item><item><PriceUpdateDate>2016-03-16 18:08:50</PriceUpdateDate><ItemCode>7290005095269</ItemCode><ItemType>1</ItemType><ItemName>נרות חימום 50 יחידות</ItemName><ManufacturerName>לא ממותג</ManufacturerName><ManufactureCountry>ישראל</ManufactureCountry><ManufacturerItemDescription>להבונים 50 יח</ManufacturerItemDescription><SoldByWeight/><Quantity>20.00</Quantity><UnitOfMeasure>יח'</UnitOfMeasure><QtyInPackage>לא ידוע</QtyInPackage><UnitOfMeasurePrice>0.4950</UnitOfMeasurePrice><AllowDiscount>1</AllowDiscount><ItemStatus>1</ItemStatus><ItemPrice>9.90</ItemPrice></item><item><PriceUpdateDate>2015-11-18 13:59:13</PriceUpdateDate><ItemCode>7290005095382</ItemCode><ItemType>1</ItemType><ItemName>מוצרי שנטי סוגים שונ</ItemName><ManufacturerName>לא ידוע</ManufacturerName><ManufactureCountry>סין</ManufactureCountry><ManufacturerItemDescription>מוצרי שנטי</ManufacturerItemDescription><SoldByWeight/><Quantity>0.00</Quantity><UnitOfMeasure>יח'</UnitOfMeasure><QtyInPackage>לא ידוע</QtyInPackage><UnitOfMeasurePrice>0.0000</UnitOfMeasurePrice><AllowDiscount>1</AllowDiscount><ItemStatus>1</ItemStatus><ItemPrice>12.20</ItemPrice></item><item><PriceUpdateDate>2016-03-29 07:04:42</PriceUpdateDate><ItemCode>7290005095504</ItemCode><ItemType>1</ItemType><ItemName>מצת לכיריים בבליסטר</ItemName><ManufacturerName>לא ממותג</ManufacturerName><ManufactureCountry>ישראל</ManufactureCountry><ManufacturerItemDescription>מצת לכיריים בבליסטר</ManufacturerItemDescription><SoldByWeight/><Quantity>0.00</Quantity><UnitOfMeasure>יח'</UnitOfMeasure><QtyInPackage>לא ידוע</QtyInPackage><UnitOfMeasurePrice>0.0000</UnitOfMeasurePrice><AllowDiscount>1</AllowDiscount><ItemStatus>1</ItemStatus><ItemPrice>15.10</ItemPrice></item><item><PriceUpdateDate>2016-06-28 09:29:08</PriceUpdateDate><ItemCode>7290005168369</ItemCode><ItemType>1</ItemType><ItemName>מב יין תירוש 750 מ"ל</ItemName><ManufacturerName>לא ממותג</ManufacturerName><ManufactureCountry>ישראל</ManufactureCountry><ManufacturerItemDescription>מב יין תירוש 750 מ"ל</ManufacturerItemDescription><SoldByWeight/><Quantity>750.00</Quantity><UnitOfMeasure>מ"ל</UnitOfMeasure><QtyInPackage>לא ידוע</QtyInPackage><UnitOfMeasurePrice>0.0159</UnitOfMeasurePrice><AllowDiscount>1</AllowDiscount><ItemStatus>1</ItemStatus><ItemPrice>11.90</ItemPrice></item><item><PriceUpdateDate>2016-08-10 08:23:11</PriceUpdateDate><ItemCode>7290005174513</ItemCode><ItemType>1</ItemType><ItemName>סלט חציל קלוי במיונז</ItemName><ManufacturerName>אחלה</ManufacturerName><ManufactureCountry>ישראל</ManufactureCountry><ManufacturerItemDescription>סלט 500חציל קלוי במיונז א</ManufacturerItemDescription><SoldByWeight/><Quantity>500.00</Quantity><UnitOfMeasure>גרם     </UnitOfMeasure><QtyInPackage>לא ידוע</QtyInPackage><UnitOfMeasurePrice>0.0358</UnitOfMeasurePrice><AllowDiscount>1</AllowDiscount><ItemStatus>1</ItemStatus><ItemPrice>17.90</ItemPrice></item><item><PriceUpdateDate>2016-01-05 09:20:40</PriceUpdateDate><ItemCode>7290005174551</ItemCode><ItemType>1</ItemType><ItemName>סלט חומוס יום יום 12</ItemName><ManufacturerName>אחלה</ManufacturerName><ManufactureCountry>ישראל</ManufactureCountry><ManufacturerItemDescription>סלט חומוס יום יום 125  גר</ManufacturerItemDescription><SoldByWeight/><Quantity>125.00</Quantity><UnitOfMeasure>גרם     </UnitOfMeasure><QtyInPackage>לא ידוע</QtyInPackage><UnitOfMeasurePrice>0.0440</UnitOfMeasurePrice><AllowDiscount>1</AllowDiscount><ItemStatus>1</ItemStatus><ItemPrice>5.50</ItemPrice></item><item><PriceUpdateDate>2016-01-05 09:20:40</PriceUpdateDate><ItemCode>7290005174568</ItemCode><ItemType>1</ItemType><ItemName>סלט חציל במיונז 125</ItemName><ManufacturerName>אחלה</ManufacturerName><ManufactureCountry>ישראל</ManufactureCountry><ManufacturerItemDescription>חציל במיונז 125 גרם</ManufacturerItemDescription><SoldByWeight/><Quantity>125.00</Quantity><UnitOfMeasure>גרם     </UnitOfMeasure><QtyInPackage>לא ידוע</QtyInPackage><UnitOfMeasurePrice>0.0440</UnitOfMeasurePrice><AllowDiscount>1</AllowDiscount><ItemStatus>1</ItemStatus><ItemPrice>5.50</ItemPrice></item><item><PriceUpdateDate>2016-05-31 07:02:48</PriceUpdateDate><ItemCode>7290005182136</ItemCode><ItemType>1</ItemType><ItemName>סוכרה דיאט 100 יח'</ItemName><ManufacturerName>סוכרה דיאט</ManufacturerName><ManufactureCountry>ישראל</ManufactureCountry><ManufacturerItemDescription>סוכרה דיאט 100 שקיות</ManufacturerItemDescription><SoldByWeight/><Quantity>100.00</Quantity><UnitOfMeasure>גרם     </UnitOfMeasure><QtyInPackage>לא ידוע</QtyInPackage><UnitOfMeasurePrice>0.2690</UnitOfMeasurePrice><AllowDiscount>1</AllowDiscount><ItemStatus>1</ItemStatus><ItemPrice>26.90</ItemPrice></item><item><PriceUpdateDate>2016-01-14 10:29:50</PriceUpdateDate><ItemCode>7290005199288</ItemCode><ItemType>1</ItemType><ItemName>מסטיק מאסט פטל לימון</ItemName><ManufacturerName>מאסט</ManufacturerName><ManufactureCountry>ישראל</ManufactureCountry><ManufacturerItemDescription>מסטיק מאסט פטל לימון</ManufacturerItemDescription><SoldByWeight/><Quantity>0.00</Quantity><UnitOfMeasure>יח'</UnitOfMeasure><QtyInPackage>לא ידוע</QtyInPackage><UnitOfMeasurePrice>0.0000</UnitOfMeasurePrice><AllowDiscount>1</AllowDiscount><ItemStatus>1</ItemStatus><ItemPrice>4.50</ItemPrice></item><item><PriceUpdateDate>2016-01-14 10:29:50</PriceUpdateDate><ItemCode>7290005199738</ItemCode><ItemType>1</ItemType><ItemName>מסטיק מאסט ריח לפה 2</ItemName><ManufacturerName>מאסט</ManufacturerName><ManufactureCountry>ישראל</ManufactureCountry><ManufacturerItemDescription>מסטיק מאסט ריח פה פפרמינט</ManufacturerItemDescription><SoldByWeight/><Quantity>0.00</Quantity><UnitOfMeasure>יח'</UnitOfMeasure><QtyInPackage>לא ידוע</QtyInPackage><UnitOfMeasurePrice>0.0000</UnitOfMeasurePrice><AllowDiscount>1</AllowDiscount><ItemStatus>1</ItemStatus><ItemPrice>4.50</ItemPrice></item><item><PriceUpdateDate>2016-02-16 20:38:02</PriceUpdateDate><ItemCode>7290005200908</ItemCode><ItemType>1</ItemType><ItemName>פרה קראנצ' ביסקוויט</ItemName><ManufacturerName>פרה</ManufacturerName><ManufactureCountry>ישראל</ManufactureCountry><ManufacturerItemDescription>ביסקויט קראנצ שוקולד 100</ManufacturerItemDescription><SoldByWeight/><Quantity>100.00</Quantity><UnitOfMeasure>גרם     </UnitOfMeasure><QtyInPackage>לא ידוע</QtyInPackage><UnitOfMeasurePrice>0.0690</UnitOfMeasurePrice><AllowDiscount>1</AllowDiscount><ItemStatus>1</ItemStatus><ItemPrice>6.90</ItemPrice></item><item><PriceUpdateDate>2015-11-18 14:01:17</PriceUpdateDate><ItemCode>7290005201455</ItemCode><ItemType>1</ItemType><ItemName>קפה נמס ארומה מגורען</ItemName><ManufacturerName>ארומה- קפה</ManufacturerName><ManufactureCountry>ישראל</ManufactureCountry><ManufacturerItemDescription>קפה נמס מגורען ארומה200 ג</ManufacturerItemDescription><SoldByWeight/><Quantity>200.00</Quantity><UnitOfMeasure>גרם     </UnitOfMeasure><QtyInPackage>לא ידוע</QtyInPackage><UnitOfMeasurePrice>0.1295</UnitOfMeasurePrice><AllowDiscount>1</AllowDiscount><ItemStatus>1</ItemStatus><ItemPrice>25.90</ItemPrice></item><item><PriceUpdateDate>2016-01-14 10:29:50</PriceUpdateDate><ItemCode>7290005201677</ItemCode><ItemType>1</ItemType><ItemName>מסטיק מאסט לילדים 28</ItemName><ManufacturerName>לא ידוע</ManufacturerName><ManufactureCountry>ישראל</ManufactureCountry><ManufacturerItemDescription>מסטיק מאסט לילדים 28</ManufacturerItemDescription><SoldByWeight/><Quantity>0.00</Quantity><UnitOfMeasure>יח'</UnitOfMeasure><QtyInPackage>לא ידוע</QtyInPackage><UnitOfMeasurePrice>0.0000</UnitOfMeasurePrice><AllowDiscount>1</AllowDiscount><ItemStatus>1</ItemStatus><ItemPrice>4.50</ItemPrice></item><item><PriceUpdateDate>2016-05-31 07:02:48</PriceUpdateDate><ItemCode>7290005201882</ItemCode><ItemType>1</ItemType><ItemName>קפה טורקי עלית שקית</ItemName><ManufacturerName>טורקי עלית</ManufacturerName><ManufactureCountry>ישראל</ManufactureCountry><ManufacturerItemDescription>קפה טורקי בצלופן 200 גרם</ManufacturerItemDescription><SoldByWeight/><Quantity>200.00</Quantity><UnitOfMeasure>גרם     </UnitOfMeasure><QtyInPackage>לא ידוע</QtyInPackage><UnitOfMeasurePrice>0.0795</UnitOfMeasurePrice><AllowDiscount>1</AllowDiscount><ItemStatus>1</ItemStatus><ItemPrice>15.90</ItemPrice></item><item><PriceUpdateDate>2016-03-08 12:13:05</PriceUpdateDate><ItemCode>7290005287527</ItemCode><ItemType>1</ItemType><ItemName>טונה  סטארקיסט בשמן</ItemName><ManufacturerName>סטארקיסט</ManufacturerName><ManufactureCountry>ישראל</ManufactureCountry><ManufacturerItemDescription>טונה ס.ק.בשמן עם לימון</ManufacturerItemDescription><SoldByWeight/><Quantity>160.00</Quantity><UnitOfMeasure>גרם     </UnitOfMeasure><QtyInPackage>לא ידוע</QtyInPackage><UnitOfMeasurePrice>0.0494</UnitOfMeasurePrice><AllowDiscount>1</AllowDiscount><ItemStatus>1</ItemStatus><ItemPrice>7.90</ItemPrice></item><item><PriceUpdateDate>2016-03-08 12:13:05</PriceUpdateDate><ItemCode>7290005287541</ItemCode><ItemType>1</ItemType><ItemName>טונה 160 גרם בשמן קנ</ItemName><ManufacturerName>סטארקיסט</ManufacturerName><ManufactureCountry>ישראל</ManufactureCountry><ManufacturerItemDescription>טונה סטארקיסט בשמן קנולה1</ManufacturerItemDescription><SoldByWeight/><Quantity>160.00</Quantity><UnitOfMeasure>גרם     </UnitOfMeasure><QtyInPackage>לא ידוע</QtyInPackage><UnitOfMeasurePrice>0.0494</UnitOfMeasurePrice><AllowDiscount>1</AllowDiscount><ItemStatus>1</ItemStatus><ItemPrice>7.90</ItemPrice></item><item><PriceUpdateDate>2016-05-31 06:55:40</PriceUpdateDate><ItemCode>7290005296260</ItemCode><ItemType>1</ItemType><ItemName>מב אסטוניש רסס ונגב</ItemName><ManufacturerName>אסטוניש</ManufacturerName><ManufactureCountry>ישראל</ManufactureCountry><ManufacturerItemDescription>מב אסטוניש רסס ונגב</ManufacturerItemDescription><SoldByWeight/><Quantity>750.00</Quantity><UnitOfMeasure>מ"ל</UnitOfMeasure><QtyInPackage>לא ידוע</QtyInPackage><UnitOfMeasurePrice>0.0199</UnitOfMeasurePrice><AllowDiscount>1</AllowDiscount><ItemStatus>1</ItemStatus><ItemPrice>14.90</ItemPrice></item><item><PriceUpdateDate>2016-03-17 09:36:57</PriceUpdateDate><ItemCode>7290005358579</ItemCode><ItemType>3</ItemType><ItemName>שריר הזרוע בקר קפוא</ItemName><ManufacturerName>.N.Y.C</ManufacturerName><ManufactureCountry>ישראל</ManufactureCountry><ManufacturerItemDescription>שריר הזרוע בקר קפוא</ManufacturerItemDescription><SoldByWeight/><Quantity>1.00</Quantity><UnitOfMeasure>ק"ג</UnitOfMeasure><QtyInPackage>לא ידוע</QtyInPackage><UnitOfMeasurePrice>37.9000</UnitOfMeasurePrice><AllowDiscount>1</AllowDiscount><ItemStatus>1</ItemStatus><ItemPrice>37.90</ItemPrice></item><item><PriceUpdateDate>2016-06-28 07:39:01</PriceUpdateDate><ItemCode>7290005384356</ItemCode><ItemType>3</ItemType><ItemName>גבינת אמנטל חצי קשה</ItemName><ManufacturerName>לא ממותג</ManufacturerName><ManufactureCountry>ישראל</ManufactureCountry><ManufacturerItemDescription>גבינת אמנטל חצי קשה</ManufacturerItemDescription><SoldByWeight/><Quantity>1.00</Quantity><UnitOfMeasure>ק"ג</UnitOfMeasure><QtyInPackage>לא ידוע</QtyInPackage><UnitOfMeasurePrice>81.5000</UnitOfMeasurePrice><AllowDiscount>1</AllowDiscount><ItemStatus>1</ItemStatus><ItemPrice>81.50</ItemPrice></item><item><PriceUpdateDate>2015-06-30 06:58:14</PriceUpdateDate><ItemCode>7290005384721</ItemCode><ItemType>1</ItemType><ItemName>אנשובי ארוך פתח קל 5</ItemName><ManufacturerName>וילי פוד</ManufacturerName><ManufactureCountry>ישראל</ManufactureCountry><ManufacturerItemDescription>אנשובי ארוך בשמן צמחי50 ג</ManufacturerItemDescription><SoldByWeight/><Quantity>140.00</Quantity><UnitOfMeasure>גרם     </UnitOfMeasure><QtyInPackage>לא ידוע</QtyInPackage><UnitOfMeasurePrice>0.0543</UnitOfMeasurePrice><AllowDiscount>1</AllowDiscount><ItemStatus>1</ItemStatus><ItemPrice>7.60</ItemPrice></item><item><PriceUpdateDate>2016-06-28 07:41:00</PriceUpdateDate><ItemCode>7290005384899</ItemCode><ItemType>3</ItemType><ItemName>מב פטינה 21% שומן</ItemName><ManufacturerName>ויליפוד</ManufacturerName><ManufactureCountry>ישראל</ManufactureCountry><ManufacturerItemDescription>מב פטינה 21% שומן</ManufacturerItemDescription><SoldByWeight/><Quantity>1.00</Quantity><UnitOfMeasure>ק"ג</UnitOfMeasure><QtyInPackage>לא ידוע</QtyInPackage><UnitOfMeasurePrice>35.0000</UnitOfMeasurePrice><AllowDiscount>1</AllowDiscount><ItemStatus>1</ItemStatus><ItemPrice>35.00</ItemPrice></item><item><PriceUpdateDate>2016-05-02 14:15:26</PriceUpdateDate><ItemCode>7290005423635</ItemCode><ItemType>1</ItemType><ItemName>סנו ריצפז דוחה תיקני</ItemName><ManufacturerName>ריצפז</ManufacturerName><ManufactureCountry>ישראל</ManufactureCountry><ManufacturerItemDescription>ריצפז דוחה תיקנים 2 ל</ManufacturerItemDescription><SoldByWeight/><Quantity>2000.00</Quantity><UnitOfMeasure>מ"ל</UnitOfMeasure><QtyInPackage>לא ידוע</QtyInPackage><UnitOfMeasurePrice>0.0109</UnitOfMeasurePrice><AllowDiscount>1</AllowDiscount><ItemStatus>1</ItemStatus><ItemPrice>21.90</ItemPrice></item><item><PriceUpdateDate>2016-06-30 06:41:03</PriceUpdateDate><ItemCode>7290005424694</ItemCode><ItemType>1</ItemType><ItemName>מב תחליב רחצה קרמה ע</ItemName><ManufacturerName>קרמה</ManufacturerName><ManufactureCountry>ישראל</ManufactureCountry><ManufacturerItemDescription>מב תחליב רחצה קרמה ע</ManufacturerItemDescription><SoldByWeight/><Quantity>750.00</Quantity><UnitOfMeasure>מ"ל</UnitOfMeasure><QtyInPackage>לא ידוע</QtyInPackage><UnitOfMeasurePrice>0.0225</UnitOfMeasurePrice><AllowDiscount>1</AllowDiscount><ItemStatus>1</ItemStatus><ItemPrice>16.90</ItemPrice></item><item><PriceUpdateDate>2015-11-18 13:59:15</PriceUpdateDate><ItemCode>7290005424762</ItemCode><ItemType>1</ItemType><ItemName>סנו ריצפז נוזל להברק</ItemName><ManufacturerName>ריצפז</ManufacturerName><ManufactureCountry>ישראל</ManufactureCountry><ManufacturerItemDescription>סנו ריצפז נוזל להברק</ManufacturerItemDescription><SoldByWeight/><Quantity>2000.00</Quantity><UnitOfMeasure>מ"ל</UnitOfMeasure><QtyInPackage>לא ידוע</QtyInPackage><UnitOfMeasurePrice>0.0139</UnitOfMeasurePrice><AllowDiscount>1</AllowDiscount><ItemStatus>1</ItemStatus><ItemPrice>27.80</ItemPrice></item><item><PriceUpdateDate>2016-08-10 08:23:11</PriceUpdateDate><ItemCode>7290005425196</ItemCode><ItemType>1</ItemType><ItemName>אבקת כביסה מקסימה סנ</ItemName><ManufacturerName>סנו מקסימה</ManufacturerName><ManufactureCountry>ישראל</ManufactureCountry><ManufacturerItemDescription>אבקת כביסה מקסימה סנ</ManufacturerItemDescription><SoldByWeight/><Quantity>2500.00</Quantity><UnitOfMeasure>גרם     </UnitOfMeasure><QtyInPackage>לא ידוע</QtyInPackage><UnitOfMeasurePrice>0.0120</UnitOfMeasurePrice><AllowDiscount>0</AllowDiscount><ItemStatus>1</ItemStatus><ItemPrice>29.90</ItemPrice></item><item><PriceUpdateDate>2016-08-10 08:23:11</PriceUpdateDate><ItemCode>7290005425202</ItemCode><ItemType>1</ItemType><ItemName>אבקת כביסה מקסימה בי</ItemName><ManufacturerName>סנו מקסימה</ManufacturerName><ManufactureCountry>ישראל</ManufactureCountry><ManufacturerItemDescription>אבקת כביסה מקסימה בי</ManufacturerItemDescription><SoldByWeight/><Quantity>2500.00</Quantity><UnitOfMeasure>גרם     </UnitOfMeasure><QtyInPackage>לא ידוע</QtyInPackage><UnitOfMeasurePrice>0.0120</UnitOfMeasurePrice><AllowDiscount>0</AllowDiscount><ItemStatus>1</ItemStatus><ItemPrice>29.90</ItemPrice></item><item><PriceUpdateDate>2016-06-28 09:29:09</PriceUpdateDate><ItemCode>7290005426193</ItemCode><ItemType>1</ItemType><ItemName>ספוגית הפלא סנו סושי</ItemName><ManufacturerName>סנו סושי</ManufacturerName><ManufactureCountry>ישראל</ManufactureCountry><ManufacturerItemDescription>ספוג הפלא סנו סושי</ManufacturerItemDescription><SoldByWeight/><Quantity>0.00</Quantity><UnitOfMeasure>יח'</UnitOfMeasure><QtyInPackage>לא ידוע</QtyInPackage><UnitOfMeasurePrice>0.0000</UnitOfMeasurePrice><AllowDiscount>1</AllowDiscount><ItemStatus>1</ItemStatus><ItemPrice>12.90</ItemPrice></item><item><PriceUpdateDate>2016-06-28 09:29:09</PriceUpdateDate><ItemCode>7290005426384</ItemCode><ItemType>1</ItemType><ItemName>מטהר אויר סנו מוד 15</ItemName><ManufacturerName>סנומוד</ManufacturerName><ManufactureCountry>ישראל</ManufactureCountry><ManufacturerItemDescription>מטהר אויר סנו מוד 15</ManufacturerItemDescription><SoldByWeight/><Quantity>150.00</Quantity><UnitOfMeasure>מ"ל</UnitOfMeasure><QtyInPackage>לא ידוע</QtyInPackage><UnitOfMeasurePrice>0.0993</UnitOfMeasurePrice><AllowDiscount>1</AllowDiscount><ItemStatus>1</ItemStatus><ItemPrice>14.90</ItemPrice></item><item><PriceUpdateDate>2016-06-28 09:29:09</PriceUpdateDate><ItemCode>7290005426735</ItemCode><ItemType>1</ItemType><ItemName>אבקת כביסה מקסימה שח</ItemName><ManufacturerName>סנו מקסימה</ManufacturerName><ManufactureCountry>ישראל</ManufactureCountry><ManufacturerItemDescription>אבקת כביסה מקסימה שח</ManufacturerItemDescription><SoldByWeight/><Quantity>1250.00</Quantity><UnitOfMeasure>גרם     </UnitOfMeasure><QtyInPackage>לא ידוע</QtyInPackage><UnitOfMeasurePrice>0.0135</UnitOfMeasurePrice><AllowDiscount>1</AllowDiscount><ItemStatus>1</ItemStatus><ItemPrice>16.90</ItemPrice></item><item><PriceUpdateDate>2015-06-30 06:58:14</PriceUpdateDate><ItemCode>7290005426865</ItemCode><ItemType>1</ItemType><ItemName>משחת שיניים אורביטול</ItemName><ManufacturerName>אורביטול</ManufacturerName><ManufactureCountry>ישראל</ManufactureCountry><ManufacturerItemDescription>משחת שיניים אורביטול</ManufacturerItemDescription><SoldByWeight/><Quantity>14.00</Quantity><UnitOfMeasure>גרם     </UnitOfMeasure><QtyInPackage>לא ידוע</QtyInPackage><UnitOfMeasurePrice>0.7214</UnitOfMeasurePrice><AllowDiscount>1</AllowDiscount><ItemStatus>1</ItemStatus><ItemPrice>10.10</ItemPrice></item><item><PriceUpdateDate>2016-05-01 08:13:33</PriceUpdateDate><ItemCode>7290005426940</ItemCode><ItemType>1</ItemType><ItemName>סנו K300 פלוס 8</ItemName><ManufacturerName>K-300</ManufacturerName><ManufactureCountry>ישראל</ManufactureCountry><ManufacturerItemDescription>משמיד חרקים K300 פלוס</ManufacturerItemDescription><SoldByWeight/><Quantity>400.00</Quantity><UnitOfMeasure>מ"ל</UnitOfMeasure><QtyInPackage>לא ידוע</QtyInPackage><UnitOfMeasurePrice>0.0533</UnitOfMeasurePrice><AllowDiscount>1</AllowDiscount><ItemStatus>1</ItemStatus><ItemPrice>21.30</ItemPrice></item><item><PriceUpdateDate>2016-06-30 06:41:32</PriceUpdateDate><ItemCode>7290005426964</ItemCode><ItemType>1</ItemType><ItemName>סנו סנובון שלישיה כח</ItemName><ManufacturerName>סנובון</ManufacturerName><ManufactureCountry>ישראל</ManufactureCountry><ManufacturerItemDescription>סנו סנובון שלישיה כח</ManufacturerItemDescription><SoldByWeight/><Quantity>55.00</Quantity><UnitOfMeasure>גרם     </UnitOfMeasure><QtyInPackage>לא ידוע</QtyInPackage><UnitOfMeasurePrice>0.3000</UnitOfMeasurePrice><AllowDiscount>1</AllowDiscount><ItemStatus>1</ItemStatus><ItemPrice>16.50</ItemPrice></item><item><PriceUpdateDate>2016-06-30 06:41:32</PriceUpdateDate><ItemCode>7290005426971</ItemCode><ItemType>1</ItemType><ItemName>סנו סנובון שלישיה כח</ItemName><ManufacturerName>סנובון</ManufacturerName><ManufactureCountry>ישראל</ManufactureCountry><ManufacturerItemDescription>סנו סנובון שלישיה כח</ManufacturerItemDescription><SoldByWeight/><Quantity>55.00</Quantity><UnitOfMeasure>גרם     </UnitOfMeasure><QtyInPackage>לא ידוע</QtyInPackage><UnitOfMeasurePrice>0.3000</UnitOfMeasurePrice><AllowDiscount>1</AllowDiscount><ItemStatus>1</ItemStatus><ItemPrice>16.50</ItemPrice></item><item><PriceUpdateDate>2016-05-31 07:02:48</PriceUpdateDate><ItemCode>7290005427107</ItemCode><ItemType>1</ItemType><ItemName>מגבות מטבח סנו סושי</ItemName><ManufacturerName>סנו סושי</ManufacturerName><ManufactureCountry>ישראל</ManufactureCountry><ManufacturerItemDescription>מגבות מטבח סנו סושי</ManufacturerItemDescription><SoldByWeight/><Quantity>14.00</Quantity><UnitOfMeasure>מטר</UnitOfMeasure><QtyInPackage>לא ידוע</QtyInPackage><UnitOfMeasurePrice>0.7357</UnitOfMeasurePrice><AllowDiscount>1</AllowDiscount><ItemStatus>1</ItemStatus><ItemPrice>10.30</ItemPrice></item><item><PriceUpdateDate>2016-08-02 07:35:18</PriceUpdateDate><ItemCode>7290005427497</ItemCode><ItemType>1</ItemType><ItemName>מב מרכך כיף לשיער רג</ItemName><ManufacturerName>כיף</ManufacturerName><ManufactureCountry>ישראל</ManufactureCountry><ManufacturerItemDescription>כיף מרכך לשיער רגיל 750 מ</ManufacturerItemDescription><SoldByWeight/><Quantity>750.00</Quantity><UnitOfMeasure>מ"ל</UnitOfMeasure><QtyInPackage>לא ידוע</QtyInPackage><UnitOfMeasurePrice>0.0145</UnitOfMeasurePrice><AllowDiscount>1</AllowDiscount><ItemStatus>1</ItemStatus><ItemPrice>10.90</ItemPrice></item><item><PriceUpdateDate>2016-08-02 07:35:18</PriceUpdateDate><ItemCode>7290005427503</ItemCode><ItemType>1</ItemType><ItemName>מב מרכך כיף לשיער יב</ItemName><ManufacturerName>כיף</ManufacturerName><ManufactureCountry>ישראל</ManufactureCountry><ManufacturerItemDescription>מב מרכך כיף לשיער יב</ManufacturerItemDescription><SoldByWeight/><Quantity>750.00</Quantity><UnitOfMeasure>מ"ל</UnitOfMeasure><QtyInPackage>לא ידוע</QtyInPackage><UnitOfMeasurePrice>0.0145</UnitOfMeasurePrice><AllowDiscount>1</AllowDiscount><ItemStatus>1</ItemStatus><ItemPrice>10.90</ItemPrice></item><item><PriceUpdateDate>2016-08-02 07:35:19</PriceUpdateDate><ItemCode>7290005427558</ItemCode><ItemType>1</ItemType><ItemName>תחליב רחצה כיף דבש 7</ItemName><ManufacturerName>כיף</ManufacturerName><ManufactureCountry>ישראל</ManufactureCountry><ManufacturerItemDescription>תחליב רחצה כיף חלב דבש 75</ManufacturerItemDescription><SoldByWeight/><Quantity>750.00</Quantity><UnitOfMeasure>מ"ל</UnitOfMeasure><QtyInPackage>לא ידוע</QtyInPackage><UnitOfMeasurePrice>0.0172</UnitOfMeasurePrice><AllowDiscount>1</AllowDiscount><ItemStatus>1</ItemStatus><ItemPrice>12.90</ItemPrice></item><item><PriceUpdateDate>2016-08-02 07:35:19</PriceUpdateDate><ItemCode>7290005427565</ItemCode><ItemType>1</ItemType><ItemName>מב שמפו כיף לשיער רג</ItemName><ManufacturerName>כיף</ManufacturerName><ManufactureCountry>ישראל</ManufactureCountry><ManufacturerItemDescription>כיף שמפו לשיער רגיל 750 מ</ManufacturerItemDescription><SoldByWeight/><Quantity>750.00</Quantity><UnitOfMeasure>מ"ל</UnitOfMeasure><QtyInPackage>לא ידוע</QtyInPackage><UnitOfMeasurePrice>0.0145</UnitOfMeasurePrice><AllowDiscount>1</AllowDiscount><ItemStatus>1</ItemStatus><ItemPrice>10.90</ItemPrice></item><item><PriceUpdateDate>2016-08-02 07:35:19</PriceUpdateDate><ItemCode>7290005427572</ItemCode><ItemType>1</ItemType><ItemName>מב שמפו כיף לשיער יב</ItemName><ManufacturerName>כיף</ManufacturerName><ManufactureCountry>ישראל</ManufactureCountry><ManufacturerItemDescription>כיף שמפו לשיער יבש 750  מ</ManufacturerItemDescription><SoldByWeight/><Quantity>750.00</Quantity><UnitOfMeasure>מ"ל</UnitOfMeasure><QtyInPackage>לא ידוע</QtyInPackage><UnitOfMeasurePrice>0.0145</UnitOfMeasurePrice><AllowDiscount>1</AllowDiscount><ItemStatus>1</ItemStatus><ItemPrice>10.90</ItemPrice></item><item><PriceUpdateDate>2016-07-03 11:48:57</PriceUpdateDate><ItemCode>7290005428982</ItemCode><ItemType>1</ItemType><ItemName>קרם גוף בייב כיף לתי</ItemName><ManufacturerName>כיף</ManufacturerName><ManufactureCountry>ישראל</ManufactureCountry><ManufacturerItemDescription>קרם גוף בייב כיף לתי</ManufacturerItemDescription><SoldByWeight/><Quantity>500.00</Quantity><UnitOfMeasure>מ"ל</UnitOfMeasure><QtyInPackage>לא ידוע</QtyInPackage><UnitOfMeasurePrice>0.0478</UnitOfMeasurePrice><AllowDiscount>1</AllowDiscount><ItemStatus>1</ItemStatus><ItemPrice>23.90</ItemPrice></item><item><PriceUpdateDate>2016-07-03 11:48:57</PriceUpdateDate><ItemCode>7290005428999</ItemCode><ItemType>1</ItemType><ItemName>שמן לתינוק בייבי כיף</ItemName><ManufacturerName>לא ידוע</ManufacturerName><ManufactureCountry>ישראל</ManufactureCountry><ManufacturerItemDescription>בייבי כיף שמן לתינוק 500</ManufacturerItemDescription><SoldByWeight/><Quantity>500.00</Quantity><UnitOfMeasure>מ"ל</UnitOfMeasure><QtyInPackage>לא ידוע</QtyInPackage><UnitOfMeasurePrice>0.0478</UnitOfMeasurePrice><AllowDiscount>1</AllowDiscount><ItemStatus>1</ItemStatus><ItemPrice>23.90</ItemPrice></item><item><PriceUpdateDate>2016-08-02 07:39:33</PriceUpdateDate><ItemCode>7290005429279</ItemCode><ItemType>1</ItemType><ItemName>מב אבקת כביסה מקסימה</ItemName><ManufacturerName>סנו מקסימה</ManufacturerName><ManufactureCountry>ישראל</ManufactureCountry><ManufacturerItemDescription>מב אבקת כביסה מקסימה</ManufacturerItemDescription><SoldByWeight/><Quantity>6000.00</Quantity><UnitOfMeasure>גרם     </UnitOfMeasure><QtyInPackage>לא ידוע</QtyInPackage><UnitOfMeasurePrice>0.0083</UnitOfMeasurePrice><AllowDiscount>1</AllowDiscount><ItemStatus>1</ItemStatus><ItemPrice>49.90</ItemPrice></item><item><PriceUpdateDate>2016-08-02 07:39:33</PriceUpdateDate><ItemCode>7290005429286</ItemCode><ItemType>1</ItemType><ItemName>מב אבקת כביסה מקסימה</ItemName><ManufacturerName>סנו מקסימה</ManufacturerName><ManufactureCountry>ישראל</ManufactureCountry><ManufacturerItemDescription>מב אבקת כביסה מקסימה</ManufacturerItemDescription><SoldByWeight/><Quantity>6000.00</Quantity><UnitOfMeasure>גרם     </UnitOfMeasure><QtyInPackage>לא ידוע</QtyInPackage><UnitOfMeasurePrice>0.0083</UnitOfMeasurePrice><AllowDiscount>1</AllowDiscount><ItemStatus>1</ItemStatus><ItemPrice>49.90</ItemPrice></item><item><PriceUpdateDate>2016-06-28 09:29:10</PriceUpdateDate><ItemCode>7290005431364</ItemCode><ItemType>1</ItemType><ItemName>מארז זוג עוגת גבינה</ItemName><ManufacturerName>עדן קינוחים</ManufacturerName><ManufactureCountry>ישראל</ManufactureCountry><ManufacturerItemDescription>עוגת גבינה פירורים זוג</ManufacturerItemDescription><SoldByWeight/><Quantity>184.00</Quantity><UnitOfMeasure>גרם     </UnitOfMeasure><QtyInPackage>לא ידוע</QtyInPackage><UnitOfMeasurePrice>0.0717</UnitOfMeasurePrice><AllowDiscount>1</AllowDiscount><ItemStatus>1</ItemStatus><ItemPrice>13.20</ItemPrice></item><item><PriceUpdateDate>2016-06-28 09:29:10</PriceUpdateDate><ItemCode>7290005431371</ItemCode><ItemType>1</ItemType><ItemName>מארז זוג מלבי חלבי 3</ItemName><ManufacturerName>עדן קינוחים</ManufacturerName><ManufactureCountry>ישראל</ManufactureCountry><ManufacturerItemDescription>מארז מעדן מלבי 330 גרם זו</ManufacturerItemDescription><SoldByWeight/><Quantity>330.00</Quantity><UnitOfMeasure>גרם     </UnitOfMeasure><QtyInPackage>לא ידוע</QtyInPackage><UnitOfMeasurePrice>0.0400</UnitOfMeasurePrice><AllowDiscount>1</AllowDiscount><ItemStatus>1</ItemStatus><ItemPrice>13.20</ItemPrice></item><item><PriceUpdateDate>2016-06-28 09:29:10</PriceUpdateDate><ItemCode>7290005431609</ItemCode><ItemType>1</ItemType><ItemName>מארז זוג עוגת טירמיס</ItemName><ManufacturerName>עדן קינוחים</ManufacturerName><ManufactureCountry>ישראל</ManufactureCountry><ManufacturerItemDescription>מארז זוג טרמיסו 172 גר</ManufacturerItemDescription><SoldByWeight/><Quantity>172.00</Quantity><UnitOfMeasure>גרם     </UnitOfMeasure><QtyInPackage>לא ידוע</QtyInPackage><UnitOfMeasurePrice>0.0767</UnitOfMeasurePrice><AllowDiscount>1</AllowDiscount><ItemStatus>1</ItemStatus><ItemPrice>13.20</ItemPrice></item><item><PriceUpdateDate>2016-06-28 09:29:10</PriceUpdateDate><ItemCode>7290005431708</ItemCode><ItemType>1</ItemType><ItemName>מארז זוג עוגת גבינה</ItemName><ManufacturerName>עדן קינוחים</ManufacturerName><ManufactureCountry>ישראל</ManufactureCountry><ManufacturerItemDescription>עוגת גבינה פירורים זוג</ManufacturerItemDescription><SoldByWeight/><Quantity>300.00</Quantity><UnitOfMeasure>גרם     </UnitOfMeasure><QtyInPackage>לא ידוע</QtyInPackage><UnitOfMeasurePrice>0.0430</UnitOfMeasurePrice><AllowDiscount>1</AllowDiscount><ItemStatus>1</ItemStatus><ItemPrice>12.90</ItemPrice></item><item><PriceUpdateDate>2016-08-02 07:39:34</PriceUpdateDate><ItemCode>7290005559587</ItemCode><ItemType>1</ItemType><ItemName>מב נקניקיות בבצק 800</ItemName><ManufacturerName>מעדנות</ManufacturerName><ManufactureCountry>ישראל</ManufactureCountry><ManufacturerItemDescription>מב נקניקיות בבצק 800</ManufacturerItemDescription><SoldByWeight/><Quantity>800.00</Quantity><UnitOfMeasure>גרם     </UnitOfMeasure><QtyInPackage>לא ידוע</QtyInPackage><UnitOfMeasurePrice>0.0236</UnitOfMeasurePrice><AllowDiscount>1</AllowDiscount><ItemStatus>1</ItemStatus><ItemPrice>18.90</ItemPrice></item><item><PriceUpdateDate>2016-08-02 07:39:34</PriceUpdateDate><ItemCode>7290005559907</ItemCode><ItemType>1</ItemType><ItemName>מב פיצה משפחתית גבינ</ItemName><ManufacturerName>מעדנות</ManufacturerName><ManufactureCountry>ישראל</ManufactureCountry><ManufacturerItemDescription>פיצה משפחתית גבינה 500 גר</ManufacturerItemDescription><SoldByWeight/><Quantity>500.00</Quantity><UnitOfMeasure>גרם     </UnitOfMeasure><QtyInPackage>לא ידוע</QtyInPackage><UnitOfMeasurePrice>0.0318</UnitOfMeasurePrice><AllowDiscount>1</AllowDiscount><ItemStatus>1</ItemStatus><ItemPrice>15.90</ItemPrice></item><item><PriceUpdateDate>2016-08-02 07:39:34</PriceUpdateDate><ItemCode>7290005559914</ItemCode><ItemType>1</ItemType><ItemName>מב פיצה משפחתית זיתי</ItemName><ManufacturerName>מעדנות</ManufacturerName><ManufactureCountry>ישראל</ManufactureCountry><ManufacturerItemDescription>פיצה משפחתית זיתים 550 גר</ManufacturerItemDescription><SoldByWeight/><Quantity>500.00</Quantity><UnitOfMeasure>גרם     </UnitOfMeasure><QtyInPackage>לא ידוע</QtyInPackage><UnitOfMeasurePrice>0.0318</UnitOfMeasurePrice><AllowDiscount>1</AllowDiscount><ItemStatus>1</ItemStatus><ItemPrice>15.90</ItemPrice></item><item><PriceUpdateDate>2016-08-02 07:35:21</PriceUpdateDate><ItemCode>7290005559990</ItemCode><ItemType>1</ItemType><ItemName>מב בצק פילאס תורכי 6</ItemName><ManufacturerName>מעדנות</ManufacturerName><ManufactureCountry>ישראל</ManufactureCountry><ManufacturerItemDescription>בצק פילאס תורכי</ManufacturerItemDescription><SoldByWeight/><Quantity>600.00</Quantity><UnitOfMeasure>גרם     </UnitOfMeasure><QtyInPackage>לא ידוע</QtyInPackage><UnitOfMeasurePrice>0.0283</UnitOfMeasurePrice><AllowDiscount>1</AllowDiscount><ItemStatus>1</ItemStatus><ItemPrice>17.00</ItemPrice></item><item><PriceUpdateDate>2016-05-31 07:02:49</PriceUpdateDate><ItemCode>7290005564253</ItemCode><ItemType>1</ItemType><ItemName>ספרינג 1.5 ליטר טעם</ItemName><ManufacturerName>ספרינג</ManufacturerName><ManufactureCountry>ישראל</ManufactureCountry><ManufacturerItemDescription>ספרינג אגס סברס תפוח1.5 ל</ManufacturerItemDescription><SoldByWeight/><Quantity>1500.00</Quantity><UnitOfMeasure>מ"ל</UnitOfMeasure><QtyInPackage>לא ידוע</QtyInPackage><UnitOfMeasurePrice>0.0039</UnitOfMeasurePrice><AllowDiscount>1</AllowDiscount><ItemStatus>1</ItemStatus><ItemPrice>5.90</ItemPrice></item><item><PriceUpdateDate>2016-03-01 06:17:44</PriceUpdateDate><ItemCode>7290005564680</ItemCode><ItemType>1</ItemType><ItemName>תפוזינה לימונדה 1.5</ItemName><ManufacturerName>תפוזינה</ManufacturerName><ManufactureCountry>ישראל</ManufactureCountry><ManufacturerItemDescription>תפוזינה לימון 1.5 ליטר</ManufacturerItemDescription><SoldByWeight/><Quantity>1500.00</Quantity><UnitOfMeasure>מ"ל</UnitOfMeasure><QtyInPackage>לא ידוע</QtyInPackage><UnitOfMeasurePrice>0.0050</UnitOfMeasurePrice><AllowDiscount>1</AllowDiscount><ItemStatus>1</ItemStatus><ItemPrice>7.50</ItemPrice></item><item><PriceUpdateDate>2016-05-31 07:02:50</PriceUpdateDate><ItemCode>7290005564970</ItemCode><ItemType>1</ItemType><ItemName>קריסטל תפוח 2 ליטר</ItemName><ManufacturerName>קריסטל משק"ל</ManufacturerName><ManufactureCountry>ישראל</ManufactureCountry><ManufacturerItemDescription>קריסטל תפוח 2 ליטר</ManufacturerItemDescription><SoldByWeight/><Quantity>2000.00</Quantity><UnitOfMeasure>מ"ל</UnitOfMeasure><QtyInPackage>לא ידוע</QtyInPackage><UnitOfMeasurePrice>0.0019</UnitOfMeasurePrice><AllowDiscount>0</AllowDiscount><ItemStatus>1</ItemStatus><ItemPrice>3.70</ItemPrice></item><item><PriceUpdateDate>2016-05-31 07:02:50</PriceUpdateDate><ItemCode>7290005604133</ItemCode><ItemType>1</ItemType><ItemName>מיץ פריגת מנגו 1.5 ל</ItemName><ManufacturerName>פריגת</ManufacturerName><ManufactureCountry>ישראל</ManufactureCountry><ManufacturerItemDescription>משקל פריגת מנגו 1.5 ליטר</ManufacturerItemDescription><SoldByWeight/><Quantity>1500.00</Quantity><UnitOfMeasure>מ"ל</UnitOfMeasure><QtyInPackage>לא ידוע</QtyInPackage><UnitOfMeasurePrice>0.0045</UnitOfMeasurePrice><AllowDiscount>0</AllowDiscount><ItemStatus>1</ItemStatus><ItemPrice>6.80</ItemPrice></item><item><PriceUpdateDate>2016-03-17 09:36:57</PriceUpdateDate><ItemCode>7290005605901</ItemCode><ItemType>1</ItemType><ItemName>פאנטה אקזוטיק 1.5 לי</ItemName><ManufacturerName>פאנטה אקזוטיק</ManufacturerName><ManufactureCountry>ישראל</ManufactureCountry><ManufacturerItemDescription>פאנטה אקזוטיק 1.5 ליטר</ManufacturerItemDescription><SoldByWeight/><Quantity>1500.00</Quantity><UnitOfMeasure>מ"ל</UnitOfMeasure><QtyInPackage>לא ידוע</QtyInPackage><UnitOfMeasurePrice>0.0046</UnitOfMeasurePrice><AllowDiscount>1</AllowDiscount><ItemStatus>1</ItemStatus><ItemPrice>6.90</ItemPrice></item><item><PriceUpdateDate>2014-11-27 08:57:19</PriceUpdateDate><ItemCode>7290005617515</ItemCode><ItemType>1</ItemType><ItemName>מברשת מגהץ סגורה</ItemName><ManufacturerName>לא ממותג</ManufacturerName><ManufactureCountry>ישראל</ManufactureCountry><ManufacturerItemDescription>מברשת מגהץ סגורה</ManufacturerItemDescription><SoldByWeight/><Quantity>1.00</Quantity><UnitOfMeasure>0</UnitOfMeasure><QtyInPackage>לא ידוע</QtyInPackage><UnitOfMeasurePrice>9.9000</UnitOfMeasurePrice><AllowDiscount>1</AllowDiscount><ItemStatus>1</ItemStatus><ItemPrice>9.90</ItemPrice></item><item><PriceUpdateDate>2014-11-27 08:57:19</PriceUpdateDate><ItemCode>7290005617843</ItemCode><ItemType>1</ItemType><ItemName>מברשת קירצוף קשה + מ</ItemName><ManufacturerName>לא ממותג</ManufacturerName><ManufactureCountry>ישראל</ManufactureCountry><ManufacturerItemDescription>מברשת קירצוף קשה + מ</ManufacturerItemDescription><SoldByWeight/><Quantity>1.00</Quantity><UnitOfMeasure>0</UnitOfMeasure><QtyInPackage>לא ידוע</QtyInPackage><UnitOfMeasurePrice>19.9000</UnitOfMeasurePrice><AllowDiscount>1</AllowDiscount><ItemStatus>1</ItemStatus><ItemPrice>19.90</ItemPrice></item><item><PriceUpdateDate>2015-10-22 10:37:26</PriceUpdateDate><ItemCode>7290005638206</ItemCode><ItemType>1</ItemType><ItemName>עוגיות מרוקאיות ללא</ItemName><ManufacturerName>לוגאני</ManufacturerName><ManufactureCountry>ישראל</ManufactureCountry><ManufacturerItemDescription>עוגיות מרוקאיות ללא סוכר</ManufacturerItemDescription><SoldByWeight/><Quantity>400.00</Quantity><UnitOfMeasure>גרם     </UnitOfMeasure><QtyInPackage>לא ידוע</QtyInPackage><UnitOfMeasurePrice>0.0567</UnitOfMeasurePrice><AllowDiscount>1</AllowDiscount><ItemStatus>1</ItemStatus><ItemPrice>22.70</ItemPrice></item><item><PriceUpdateDate>2016-03-01 06:13:38</PriceUpdateDate><ItemCode>7290005680052</ItemCode><ItemType>1</ItemType><ItemName>טמפוני ob פרוקומפורט</ItemName><ManufacturerName>או-בה</ManufacturerName><ManufactureCountry>יוון</ManufactureCountry><ManufacturerItemDescription>אובה סופר פלוס</ManufacturerItemDescription><SoldByWeight/><Quantity>0.00</Quantity><UnitOfMeasure>יח'</UnitOfMeasure><QtyInPackage>לא ידוע</QtyInPackage><UnitOfMeasurePrice>0.0000</UnitOfMeasurePrice><AllowDiscount>1</AllowDiscount><ItemStatus>1</ItemStatus><ItemPrice>36.60</ItemPrice></item><item><PriceUpdateDate>2015-10-11 20:34:29</PriceUpdateDate><ItemCode>7290005838002</ItemCode><ItemType>1</ItemType><ItemName>דניאלה וניל  150 מ"ל</ItemName><ManufacturerName>דניאלה</ManufacturerName><ManufactureCountry>ישראל</ManufactureCountry><ManufacturerItemDescription>דניאלה מעדן גבינה וניל 15</ManufacturerItemDescription><SoldByWeight/><Quantity>100.00</Quantity><UnitOfMeasure>מ"ל</UnitOfMeasure><QtyInPackage>לא ידוע</QtyInPackage><UnitOfMeasurePrice>0.0420</UnitOfMeasurePrice><AllowDiscount>1</AllowDiscount><ItemStatus>1</ItemStatus><ItemPrice>4.20</ItemPrice></item><item><PriceUpdateDate>2015-10-11 20:34:29</PriceUpdateDate><ItemCode>7290005838613</ItemCode><ItemType>1</ItemType><ItemName>גבינת סקי וניל 3% 12</ItemName><ManufacturerName>שטראוס</ManufacturerName><ManufactureCountry>ישראל</ManufactureCountry><ManufacturerItemDescription>גבינה סקי וניל125  גר</ManufacturerItemDescription><SoldByWeight/><Quantity>125.00</Quantity><UnitOfMeasure>גרם     </UnitOfMeasure><QtyInPackage>לא ידוע</QtyInPackage><UnitOfMeasurePrice>0.0304</UnitOfMeasurePrice><AllowDiscount>1</AllowDiscount><ItemStatus>1</ItemStatus><ItemPrice>3.80</ItemPrice></item><item><PriceUpdateDate>2016-08-10 08:23:12</PriceUpdateDate><ItemCode>7290005838972</ItemCode><ItemType>1</ItemType><ItemName>גבינת סקי 5% יום יום</ItemName><ManufacturerName>שטראוס</ManufacturerName><ManufactureCountry>ישראל</ManufactureCountry><ManufacturerItemDescription>גבינת סקי 5% יום יום</ManufacturerItemDescription><SoldByWeight/><Quantity>125.00</Quantity><UnitOfMeasure>גרם     </UnitOfMeasure><QtyInPackage>לא ידוע</QtyInPackage><UnitOfMeasurePrice>0.0280</UnitOfMeasurePrice><AllowDiscount>1</AllowDiscount><ItemStatus>1</ItemStatus><ItemPrice>3.50</ItemPrice></item><item><PriceUpdateDate>2015-10-11 20:34:29</PriceUpdateDate><ItemCode>7290005839078</ItemCode><ItemType>1</ItemType><ItemName>מארז שמינייה דנונה ב</ItemName><ManufacturerName>דנונה</ManufacturerName><ManufactureCountry>ישראל</ManufactureCountry><ManufacturerItemDescription>מארז שמינייה דנונה ב</ManufacturerItemDescription><SoldByWeight/><Quantity>1200.00</Quantity><UnitOfMeasure>מ"ל</UnitOfMeasure><QtyInPackage>לא ידוע</QtyInPackage><UnitOfMeasurePrice>0.0154</UnitOfMeasurePrice><AllowDiscount>1</AllowDiscount><ItemStatus>1</ItemStatus><ItemPrice>18.50</ItemPrice></item><item><PriceUpdateDate>2016-06-28 09:29:11</PriceUpdateDate><ItemCode>7290005839108</ItemCode><ItemType>1</ItemType><ItemName>סימפוניה 5% עם זיתים</ItemName><ManufacturerName>סימפוניה שטראוס</ManufacturerName><ManufactureCountry>ישראל</ManufactureCountry><ManufacturerItemDescription>סימפוניה 5% זיתים200 גר</ManufacturerItemDescription><SoldByWeight/><Quantity>200.00</Quantity><UnitOfMeasure>גרם     </UnitOfMeasure><QtyInPackage>לא ידוע</QtyInPackage><UnitOfMeasurePrice>0.0595</UnitOfMeasurePrice><AllowDiscount>0</AllowDiscount><ItemStatus>1</ItemStatus><ItemPrice>11.90</ItemPrice></item><item><PriceUpdateDate>2015-10-11 20:34:29</PriceUpdateDate><ItemCode>7290005839313</ItemCode><ItemType>1</ItemType><ItemName>מילקי טופ מגולגלת 14</ItemName><ManufacturerName>מילקי</ManufacturerName><ManufactureCountry>ישראל</ManufactureCountry><ManufacturerItemDescription>מילקי טופ מגולגלת 140 גר</ManufacturerItemDescription><SoldByWeight/><Quantity>141.00</Quantity><UnitOfMeasure>גרם     </UnitOfMeasure><QtyInPackage>לא ידוע</QtyInPackage><UnitOfMeasurePrice>0.0333</UnitOfMeasurePrice><AllowDiscount>1</AllowDiscount><ItemStatus>1</ItemStatus><ItemPrice>4.70</ItemPrice></item><item><PriceUpdateDate>2016-03-01 06:17:44</PriceUpdateDate><ItemCode>7290005896439</ItemCode><ItemType>1</ItemType><ItemName>בירה מכבי 500 מ"ל</ItemName><ManufacturerName>לא ממותג</ManufacturerName><ManufactureCountry>ישראל</ManufactureCountry><ManufacturerItemDescription>בירה מכבי בקבוק 500 מל חו</ManufacturerItemDescription><SoldByWeight/><Quantity>500.00</Quantity><UnitOfMeasure>מ"ל</UnitOfMeasure><QtyInPackage>לא ידוע</QtyInPackage><UnitOfMeasurePrice>0.0138</UnitOfMeasurePrice><AllowDiscount>1</AllowDiscount><ItemStatus>1</ItemStatus><ItemPrice>6.90</ItemPrice></item><item><PriceUpdateDate>2015-11-18 13:59:17</PriceUpdateDate><ItemCode>7290005896637</ItemCode><ItemType>1</ItemType><ItemName>מים סן בנדטו בודד 1.</ItemName><ManufacturerName>סאן בנדטו</ManufacturerName><ManufactureCountry>ישראל</ManufactureCountry><ManufacturerItemDescription>סן בנדטו מים מינרלים 1.5</ManufacturerItemDescription><SoldByWeight/><Quantity>1500.00</Quantity><UnitOfMeasure>מ"ל</UnitOfMeasure><QtyInPackage>לא ידוע</QtyInPackage><UnitOfMeasurePrice>0.0028</UnitOfMeasurePrice><AllowDiscount>1</AllowDiscount><ItemStatus>1</ItemStatus><ItemPrice>4.20</ItemPrice></item><item><PriceUpdateDate>2016-08-02 07:39:35</PriceUpdateDate><ItemCode>7290005896828</ItemCode><ItemType>1</ItemType><ItemName>מב מים סאן בנדטו שיש</ItemName><ManufacturerName>סאן בנדטו</ManufacturerName><ManufactureCountry>ישראל</ManufactureCountry><ManufacturerItemDescription>סן בנדטו1.5 ל 1/6מים מינר</ManufacturerItemDescription><SoldByWeight/><Quantity>9000.00</Quantity><UnitOfMeasure>מ"ל</UnitOfMeasure><QtyInPackage>לא ידוע</QtyInPackage><UnitOfMeasurePrice>0.0019</UnitOfMeasurePrice><AllowDiscount>1</AllowDiscount><ItemStatus>1</ItemStatus><ItemPrice>16.90</ItemPrice></item><item><PriceUpdateDate>2016-08-02 07:39:35</PriceUpdateDate><ItemCode>7290005896835</ItemCode><ItemType>1</ItemType><ItemName>מב מים סאן בנדטו מוג</ItemName><ManufacturerName>סאן בנדטו</ManufacturerName><ManufactureCountry>איטליה</ManufactureCountry><ManufacturerItemDescription>מי פה ליסטרין טוטל קר750</ManufacturerItemDescription><SoldByWeight/><Quantity>9000.00</Quantity><UnitOfMeasure>מ"ל</UnitOfMeasure><QtyInPackage>לא ידוע</QtyInPackage><UnitOfMeasurePrice>0.0019</UnitOfMeasurePrice><AllowDiscount>1</AllowDiscount><ItemStatus>1</ItemStatus><ItemPrice>16.90</ItemPrice></item><item><PriceUpdateDate>2015-12-01 12:32:58</PriceUpdateDate><ItemCode>7290005938245</ItemCode><ItemType>1</ItemType><ItemName>ממרח פסטו קלאסי 220</ItemName><ManufacturerName>פרסקו</ManufacturerName><ManufactureCountry>ישראל</ManufactureCountry><ManufacturerItemDescription>פסטו קלאסי 220 ג</ManufacturerItemDescription><SoldByWeight/><Quantity>220.00</Quantity><UnitOfMeasure>גרם     </UnitOfMeasure><QtyInPackage>לא ידוע</QtyInPackage><UnitOfMeasurePrice>0.0982</UnitOfMeasurePrice><AllowDiscount>1</AllowDiscount><ItemStatus>1</ItemStatus><ItemPrice>21.60</ItemPrice></item><item><PriceUpdateDate>2016-08-02 07:39:35</PriceUpdateDate><ItemCode>7290005992018</ItemCode><ItemType>1</ItemType><ItemName>מב יוגורט עיזים3% 50</ItemName><ManufacturerName>גד</ManufacturerName><ManufactureCountry>ישראל</ManufactureCountry><ManufacturerItemDescription>יוגורט עזים 500  מל</ManufacturerItemDescription><SoldByWeight/><Quantity>500.00</Quantity><UnitOfMeasure>מ"ל</UnitOfMeasure><QtyInPackage>לא ידוע</QtyInPackage><UnitOfMeasurePrice>0.0218</UnitOfMeasurePrice><AllowDiscount>1</AllowDiscount><ItemStatus>1</ItemStatus><ItemPrice>10.90</ItemPrice></item><item><PriceUpdateDate>2016-05-31 06:55:43</PriceUpdateDate><ItemCode>7290005992575</ItemCode><ItemType>1</ItemType><ItemName>בולגרית למריחה 250 ג</ItemName><ManufacturerName>גד</ManufacturerName><ManufactureCountry>ישראל</ManufactureCountry><ManufacturerItemDescription>גבינה בולגרית למריחה 250</ManufacturerItemDescription><SoldByWeight/><Quantity>250.00</Quantity><UnitOfMeasure>גרם     </UnitOfMeasure><QtyInPackage>לא ידוע</QtyInPackage><UnitOfMeasurePrice>0.0596</UnitOfMeasurePrice><AllowDiscount>1</AllowDiscount><ItemStatus>1</ItemStatus><ItemPrice>14.90</ItemPrice></item><item><PriceUpdateDate>2016-03-01 06:13:39</PriceUpdateDate><ItemCode>7290005992735</ItemCode><ItemType>1</ItemType><ItemName>לאבנה 250 גרם</ItemName><ManufacturerName>גד</ManufacturerName><ManufactureCountry>ישראל</ManufactureCountry><ManufacturerItemDescription>גבינת לאבנה 250 5% גרם</ManufacturerItemDescription><SoldByWeight/><Quantity>250.00</Quantity><UnitOfMeasure>גרם     </UnitOfMeasure><QtyInPackage>לא ידוע</QtyInPackage><UnitOfMeasurePrice>0.0516</UnitOfMeasurePrice><AllowDiscount>0</AllowDiscount><ItemStatus>1</ItemStatus><ItemPrice>12.90</ItemPrice></item><item><PriceUpdateDate>2014-11-10 06:30:09</PriceUpdateDate><ItemCode>7290005992858</ItemCode><ItemType>3</ItemType><ItemName>פטה עיזים 5% מעודנת</ItemName><ManufacturerName>גד</ManufacturerName><ManufactureCountry>ישראל</ManufactureCountry><ManufacturerItemDescription>פטה עיזים 5% מעודנת</ManufacturerItemDescription><SoldByWeight/><Quantity>1.00</Quantity><UnitOfMeasure>ק"ג</UnitOfMeasure><QtyInPackage>לא ידוע</QtyInPackage><UnitOfMeasurePrice>121.0000</UnitOfMeasurePrice><AllowDiscount>1</AllowDiscount><ItemStatus>1</ItemStatus><ItemPrice>121.00</ItemPrice></item><item><PriceUpdateDate>2016-08-02 07:39:36</PriceUpdateDate><ItemCode>7290005992872</ItemCode><ItemType>3</ItemType><ItemName>מב צפתית 5% במים גד</ItemName><ManufacturerName>גד</ManufacturerName><ManufactureCountry>ישראל</ManufactureCountry><ManufacturerItemDescription>מב צפתית 5% במים גד</ManufacturerItemDescription><SoldByWeight/><Quantity>1.00</Quantity><UnitOfMeasure>ק"ג</UnitOfMeasure><QtyInPackage>לא ידוע</QtyInPackage><UnitOfMeasurePrice>48.0000</UnitOfMeasurePrice><AllowDiscount>1</AllowDiscount><ItemStatus>1</ItemStatus><ItemPrice>48.00</ItemPrice></item><item><PriceUpdateDate>2016-05-31 06:55:44</PriceUpdateDate><ItemCode>7290005992902</ItemCode><ItemType>3</ItemType><ItemName>גבינת שמנת ירקות 30%</ItemName><ManufacturerName>גד</ManufacturerName><ManufactureCountry>ישראל</ManufactureCountry><ManufacturerItemDescription>גבינת שמנת ירקות 30%</ManufacturerItemDescription><SoldByWeight/><Quantity>1.00</Quantity><UnitOfMeasure>ק"ג</UnitOfMeasure><QtyInPackage>לא ידוע</QtyInPackage><UnitOfMeasurePrice>50.0000</UnitOfMeasurePrice><AllowDiscount>1</AllowDiscount><ItemStatus>1</ItemStatus><ItemPrice>50.00</ItemPrice></item><item><PriceUpdateDate>2016-05-31 06:55:44</PriceUpdateDate><ItemCode>7290005992964</ItemCode><ItemType>3</ItemType><ItemName>פטה כבשים 20% מסורתי</ItemName><ManufacturerName>גד</ManufacturerName><ManufactureCountry>ישראל</ManufactureCountry><ManufacturerItemDescription>פטה כבשים 20% מסורתי</ManufacturerItemDescription><SoldByWeight/><Quantity>1.00</Quantity><UnitOfMeasure>ק"ג</UnitOfMeasure><QtyInPackage>לא ידוע</QtyInPackage><UnitOfMeasurePrice>111.0000</UnitOfMeasurePrice><AllowDiscount>1</AllowDiscount><ItemStatus>1</ItemStatus><ItemPrice>111.00</ItemPrice></item><item><PriceUpdateDate>2014-11-10 06:30:55</PriceUpdateDate><ItemCode>7290006185204</ItemCode><ItemType>1</ItemType><ItemName>קרם לחות לשיער יבש ר</ItemName><ManufacturerName>פנינה רוזנבלום</ManufacturerName><ManufactureCountry>ישראל</ManufactureCountry><ManufacturerItemDescription>קרם לחות לשיער יבש ר</ManufacturerItemDescription><SoldByWeight/><Quantity>500.00</Quantity><UnitOfMeasure>מ"ל</UnitOfMeasure><QtyInPackage>לא ידוע</QtyInPackage><UnitOfMeasurePrice>0.0384</UnitOfMeasurePrice><AllowDiscount>1</AllowDiscount><ItemStatus>1</ItemStatus><ItemPrice>19.20</ItemPrice></item><item><PriceUpdateDate>2016-06-28 09:29:11</PriceUpdateDate><ItemCode>7290006185518</ItemCode><ItemType>1</ItemType><ItemName>מב סבון נוזלי פנינה</ItemName><ManufacturerName>פנינה רוזנבלום</ManufacturerName><ManufactureCountry>ישראל</ManufactureCountry><ManufacturerItemDescription>מב סבון נוזלי פנינה</ManufacturerItemDescription><SoldByWeight/><Quantity>1000.00</Quantity><UnitOfMeasure>מ"ל</UnitOfMeasure><QtyInPackage>לא ידוע</QtyInPackage><UnitOfMeasurePrice>0.0099</UnitOfMeasurePrice><AllowDiscount>1</AllowDiscount><ItemStatus>1</ItemStatus><ItemPrice>9.90</ItemPrice></item><item><PriceUpdateDate>2016-03-01 06:17:45</PriceUpdateDate><ItemCode>7290006229069</ItemCode><ItemType>1</ItemType><ItemName>משקה ג'אמפ ענבים 1.5</ItemName><ManufacturerName>גאמפ</ManufacturerName><ManufactureCountry>ישראל</ManufactureCountry><ManufacturerItemDescription>משקה ג'אמפ ענבים 1.5</ManufacturerItemDescription><SoldByWeight/><Quantity>1500.00</Quantity><UnitOfMeasure>מ"ל</UnitOfMeasure><QtyInPackage>לא ידוע</QtyInPackage><UnitOfMeasurePrice>0.0046</UnitOfMeasurePrice><AllowDiscount>1</AllowDiscount><ItemStatus>1</ItemStatus><ItemPrice>6.90</ItemPrice></item><item><PriceUpdateDate>2016-06-28 09:29:11</PriceUpdateDate><ItemCode>7290006241214</ItemCode><ItemType>1</ItemType><ItemName>שקד טבעי שקית 200 גר</ItemName><ManufacturerName>ליימן חטיבת המותגים</ManufacturerName><ManufactureCountry>ישראל</ManufactureCountry><ManufacturerItemDescription>שקד טבעי 200 גרם</ManufacturerItemDescription><SoldByWeight/><Quantity>200.00</Quantity><UnitOfMeasure>גרם     </UnitOfMeasure><QtyInPackage>לא ידוע</QtyInPackage><UnitOfMeasurePrice>0.1135</UnitOfMeasurePrice><AllowDiscount>1</AllowDiscount><ItemStatus>1</ItemStatus><ItemPrice>22.70</ItemPrice></item><item><PriceUpdateDate>2016-05-01 08:13:35</PriceUpdateDate><ItemCode>7290006251275</ItemCode><ItemType>1</ItemType><ItemName>תה ירוק סיני 25 יח'</ItemName><ManufacturerName>ויסוצקי</ManufacturerName><ManufactureCountry>ישראל</ManufactureCountry><ManufacturerItemDescription>תה ירוק סיני 1.5/25 גר</ManufacturerItemDescription><SoldByWeight/><Quantity>38.00</Quantity><UnitOfMeasure>גרם     </UnitOfMeasure><QtyInPackage>לא ידוע</QtyInPackage><UnitOfMeasurePrice>0.6553</UnitOfMeasurePrice><AllowDiscount>1</AllowDiscount><ItemStatus>1</ItemStatus><ItemPrice>24.90</ItemPrice></item><item><PriceUpdateDate>2016-08-02 07:39:36</PriceUpdateDate><ItemCode>7290006251282</ItemCode><ItemType>1</ItemType><ItemName>מב גן קסום ניפלאות ה</ItemName><ManufacturerName>גן הקסום</ManufacturerName><ManufactureCountry>ישראל</ManufactureCountry><ManufacturerItemDescription>חליטת ניפלאות הקרנברי</ManufacturerItemDescription><SoldByWeight/><Quantity>14.00</Quantity><UnitOfMeasure>גרם     </UnitOfMeasure><QtyInPackage>לא ידוע</QtyInPackage><UnitOfMeasurePrice>1.0643</UnitOfMeasurePrice><AllowDiscount>1</AllowDiscount><ItemStatus>1</ItemStatus><ItemPrice>14.90</ItemPrice></item><item><PriceUpdateDate>2016-08-02 07:39:36</PriceUpdateDate><ItemCode>7290006251343</ItemCode><ItemType>1</ItemType><ItemName>מב מנגו-פסיפלורה 'הג</ItemName><ManufacturerName>גן הקסום</ManufacturerName><ManufactureCountry>ישראל</ManufactureCountry><ManufacturerItemDescription>חליטה פסיפלורה מנגו</ManufacturerItemDescription><SoldByWeight/><Quantity>14.00</Quantity><UnitOfMeasure>גרם     </UnitOfMeasure><QtyInPackage>לא ידוע</QtyInPackage><UnitOfMeasurePrice>1.0643</UnitOfMeasurePrice><AllowDiscount>1</AllowDiscount><ItemStatus>1</ItemStatus><ItemPrice>14.90</ItemPrice></item><item><PriceUpdateDate>2016-08-02 07:39:37</PriceUpdateDate><ItemCode>7290006267542</ItemCode><ItemType>1</ItemType><ItemName>מב יין תבור אדום פני</ItemName><ManufacturerName>יקב תבור</ManufacturerName><ManufactureCountry>ישראל</ManufactureCountry><ManufacturerItemDescription>יין תבור פנינים אדום 750</ManufacturerItemDescription><SoldByWeight/><Quantity>750.00</Quantity><UnitOfMeasure>מ"ל</UnitOfMeasure><QtyInPackage>לא ידוע</QtyInPackage><UnitOfMeasurePrice>0.0425</UnitOfMeasurePrice><AllowDiscount>1</AllowDiscount><ItemStatus>1</ItemStatus><ItemPrice>31.90</ItemPrice></item><item><PriceUpdateDate>2016-02-01 20:44:33</PriceUpdateDate><ItemCode>7290006271174</ItemCode><ItemType>1</ItemType><ItemName>ג'חנון בצק 700 גרם</ItemName><ManufacturerName>מעדנות</ManufacturerName><ManufactureCountry>ישראל</ManufactureCountry><ManufacturerItemDescription>גחנון בצק 700 גרם</ManufacturerItemDescription><SoldByWeight/><Quantity>700.00</Quantity><UnitOfMeasure>גרם     </UnitOfMeasure><QtyInPackage>לא ידוע</QtyInPackage><UnitOfMeasurePrice>0.0290</UnitOfMeasurePrice><AllowDiscount>1</AllowDiscount><ItemStatus>1</ItemStatus><ItemPrice>20.30</ItemPrice></item><item><PriceUpdateDate>2016-05-31 06:55:44</PriceUpdateDate><ItemCode>7290006271761</ItemCode><ItemType>1</ItemType><ItemName>מיני ג'חנון אפוי 600</ItemName><ManufacturerName>מעדנות</ManufacturerName><ManufactureCountry>ישראל</ManufactureCountry><ManufacturerItemDescription>גחנון אפוי מיני 600 גרם</ManufacturerItemDescription><SoldByWeight/><Quantity>600.00</Quantity><UnitOfMeasure>גרם     </UnitOfMeasure><QtyInPackage>לא ידוע</QtyInPackage><UnitOfMeasurePrice>0.0420</UnitOfMeasurePrice><AllowDiscount>1</AllowDiscount><ItemStatus>1</ItemStatus><ItemPrice>25.20</ItemPrice></item><item><PriceUpdateDate>2016-08-02 07:39:38</PriceUpdateDate><ItemCode>7290006272430</ItemCode><ItemType>1</ItemType><ItemName>מב בצק עלים 600 גרם</ItemName><ManufacturerName>לא ממותג</ManufacturerName><ManufactureCountry>ישראל</ManufactureCountry><ManufacturerItemDescription>בצק עלים חמאה 600 גרם</ManufacturerItemDescription><SoldByWeight/><Quantity>600.00</Quantity><UnitOfMeasure>גרם     </UnitOfMeasure><QtyInPackage>לא ידוע</QtyInPackage><UnitOfMeasurePrice>0.0315</UnitOfMeasurePrice><AllowDiscount>1</AllowDiscount><ItemStatus>1</ItemStatus><ItemPrice>18.90</ItemPrice></item><item><PriceUpdateDate>2016-08-02 07:35:22</PriceUpdateDate><ItemCode>7290006273239</ItemCode><ItemType>1</ItemType><ItemName>מב עוגת שמרים בטעם ש</ItemName><ManufacturerName>לחמי</ManufacturerName><ManufactureCountry>ישראל</ManufactureCountry><ManufacturerItemDescription>מאפה שמרים בטעם שוקולד 45</ManufacturerItemDescription><SoldByWeight/><Quantity>450.00</Quantity><UnitOfMeasure>גרם     </UnitOfMeasure><QtyInPackage>לא ידוע</QtyInPackage><UnitOfMeasurePrice>0.0331</UnitOfMeasurePrice><AllowDiscount>1</AllowDiscount><ItemStatus>1</ItemStatus><ItemPrice>14.90</ItemPrice></item><item><PriceUpdateDate>2016-06-15 08:33:05</PriceUpdateDate><ItemCode>7290006306296</ItemCode><ItemType>1</ItemType><ItemName>רביולי גבינה לילדים</ItemName><ManufacturerName>פסטה נונה</ManufacturerName><ManufactureCountry>ישראל</ManufactureCountry><ManufacturerItemDescription>רביולי גבינה לילדים</ManufacturerItemDescription><SoldByWeight/><Quantity>400.00</Quantity><UnitOfMeasure>גרם     </UnitOfMeasure><QtyInPackage>לא ידוע</QtyInPackage><UnitOfMeasurePrice>0.0622</UnitOfMeasurePrice><AllowDiscount>1</AllowDiscount><ItemStatus>1</ItemStatus><ItemPrice>24.90</ItemPrice></item><item><PriceUpdateDate>2016-06-15 08:33:05</PriceUpdateDate><ItemCode>7290006306326</ItemCode><ItemType>1</ItemType><ItemName>רביולי פטריות 400 גר</ItemName><ManufacturerName>פסטה נונה</ManufacturerName><ManufactureCountry>ישראל</ManufactureCountry><ManufacturerItemDescription>רביולי פטריות ופרמזן 400</ManufacturerItemDescription><SoldByWeight/><Quantity>400.00</Quantity><UnitOfMeasure>גרם     </UnitOfMeasure><QtyInPackage>לא ידוע</QtyInPackage><UnitOfMeasurePrice>0.0622</UnitOfMeasurePrice><AllowDiscount>1</AllowDiscount><ItemStatus>1</ItemStatus><ItemPrice>24.90</ItemPrice></item><item><PriceUpdateDate>2015-12-24 09:43:37</PriceUpdateDate><ItemCode>7290006374653</ItemCode><ItemType>1</ItemType><ItemName>דבש לייט 350 גרם</ItemName><ManufacturerName>יד מרדכי</ManufacturerName><ManufactureCountry>ישראל</ManufactureCountry><ManufacturerItemDescription>דבש לייט 350 גרם</ManufacturerItemDescription><SoldByWeight/><Quantity>350.00</Quantity><UnitOfMeasure>גרם     </UnitOfMeasure><QtyInPackage>לא ידוע</QtyInPackage><UnitOfMeasurePrice>0.0826</UnitOfMeasurePrice><AllowDiscount>1</AllowDiscount><ItemStatus>1</ItemStatus><ItemPrice>28.90</ItemPrice></item><item><PriceUpdateDate>2015-11-18 13:59:18</PriceUpdateDate><ItemCode>7290006376039</ItemCode><ItemType>1</ItemType><ItemName>קוואקר שקית 500 גרם</ItemName><ManufacturerName>לא ממותג</ManufacturerName><ManufactureCountry>ישראל</ManufactureCountry><ManufacturerItemDescription>קוואקר שקית 500 גרם</ManufacturerItemDescription><SoldByWeight/><Quantity>500.00</Quantity><UnitOfMeasure>גרם     </UnitOfMeasure><QtyInPackage>לא ידוע</QtyInPackage><UnitOfMeasurePrice>0.0184</UnitOfMeasurePrice><AllowDiscount>1</AllowDiscount><ItemStatus>1</ItemStatus><ItemPrice>9.20</ItemPrice></item><item><PriceUpdateDate>2015-11-18 13:59:18</PriceUpdateDate><ItemCode>7290006459008</ItemCode><ItemType>3</ItemType><ItemName>חלבה וניל/שוקו/פיסטו</ItemName><ManufacturerName>ציון תורגמן</ManufacturerName><ManufactureCountry>ישראל</ManufactureCountry><ManufacturerItemDescription>חלבה וניל/שוקו/פיסטו</ManufacturerItemDescription><SoldByWeight/><Quantity>1.00</Quantity><UnitOfMeasure>ק"ג</UnitOfMeasure><QtyInPackage>לא ידוע</QtyInPackage><UnitOfMeasurePrice>40.0000</UnitOfMeasurePrice><AllowDiscount>1</AllowDiscount><ItemStatus>1</ItemStatus><ItemPrice>40.00</ItemPrice></item><item><PriceUpdateDate>2015-04-27 09:45:02</PriceUpdateDate><ItemCode>7290006459169</ItemCode><ItemType>1</ItemType><ItemName>אורז ארוך מלא 1 ק''ג</ItemName><ManufacturerName>GOLDEN DIAMOND</ManufacturerName><ManufactureCountry>ישראל</ManufactureCountry><ManufacturerItemDescription>אורז ארוך מלא 1 ק''ג</ManufacturerItemDescription><SoldByWeight/><Quantity>1000.00</Quantity><UnitOfMeasure>גרם     </UnitOfMeasure><QtyInPackage>לא ידוע</QtyInPackage><UnitOfMeasurePrice>0.0099</UnitOfMeasurePrice><AllowDiscount>1</AllowDiscount><ItemStatus>1</ItemStatus><ItemPrice>9.90</ItemPrice></item><item><PriceUpdateDate>2014-11-10 06:30:58</PriceUpdateDate><ItemCode>7290006459572</ItemCode><ItemType>3</ItemType><ItemName>מרמלדה/ רחת לוקום במ</ItemName><ManufacturerName>PL</ManufacturerName><ManufactureCountry>ישראל</ManufactureCountry><ManufacturerItemDescription>מרמלדה/ רחת לוקום במ</ManufacturerItemDescription><SoldByWeight/><Quantity>1.00</Quantity><UnitOfMeasure>ק"ג</UnitOfMeasure><QtyInPackage>לא ידוע</QtyInPackage><UnitOfMeasurePrice>44.0000</UnitOfMeasurePrice><AllowDiscount>1</AllowDiscount><ItemStatus>1</ItemStatus><ItemPrice>44.00</ItemPrice></item><item><PriceUpdateDate>2015-11-18 13:59:18</PriceUpdateDate><ItemCode>7290006492852</ItemCode><ItemType>1</ItemType><ItemName>גבינה לבנה עיזים 250</ItemName><ManufacturerName>גד</ManufacturerName><ManufactureCountry>ישראל</ManufactureCountry><ManufacturerItemDescription>גבינה לבנה עיזים 250 5%גר</ManufacturerItemDescription><SoldByWeight/><Quantity>250.00</Quantity><UnitOfMeasure>גרם     </UnitOfMeasure><QtyInPackage>לא ידוע</QtyInPackage><UnitOfMeasurePrice>0.0816</UnitOfMeasurePrice><AllowDiscount>1</AllowDiscount><ItemStatus>1</ItemStatus><ItemPrice>20.40</ItemPrice></item><item><PriceUpdateDate>2014-11-10 06:31:13</PriceUpdateDate><ItemCode>7290006494795</ItemCode><ItemType>1</ItemType><ItemName>מרמולייט ג'לי אננס 2</ItemName><ManufacturerName>מרמולייט</ManufacturerName><ManufactureCountry>ישראל</ManufactureCountry><ManufacturerItemDescription>מרמולייט ג'לי אננס 2</ManufacturerItemDescription><SoldByWeight/><Quantity>25.00</Quantity><UnitOfMeasure>גרם     </UnitOfMeasure><QtyInPackage>לא ידוע</QtyInPackage><UnitOfMeasurePrice>0.2960</UnitOfMeasurePrice><AllowDiscount>1</AllowDiscount><ItemStatus>1</ItemStatus><ItemPrice>7.40</ItemPrice></item><item><PriceUpdateDate>2016-05-31 06:55:49</PriceUpdateDate><ItemCode>7290006511157</ItemCode><ItemType>1</ItemType><ItemName>פטריות שלמות 400 גרם</ItemName><ManufacturerName>וילדה</ManufacturerName><ManufactureCountry>ישראל</ManufactureCountry><ManufacturerItemDescription>פטריות שלמות 400 גרם בדצ</ManufacturerItemDescription><SoldByWeight/><Quantity>230.00</Quantity><UnitOfMeasure>גרם     </UnitOfMeasure><QtyInPackage>לא ידוע</QtyInPackage><UnitOfMeasurePrice>0.0413</UnitOfMeasurePrice><AllowDiscount>1</AllowDiscount><ItemStatus>1</ItemStatus><ItemPrice>9.50</ItemPrice></item><item><PriceUpdateDate>2015-12-01 12:32:59</PriceUpdateDate><ItemCode>7290006511751</ItemCode><ItemType>1</ItemType><ItemName>פטריות חתוך 290 גרם</ItemName><ManufacturerName>וילי פוד</ManufacturerName><ManufactureCountry>ישראל</ManufactureCountry><ManufacturerItemDescription>פטריות חתוך 290 גרם</ManufacturerItemDescription><SoldByWeight/><Quantity>290.00</Quantity><UnitOfMeasure>גרם     </UnitOfMeasure><QtyInPackage>לא ידוע</QtyInPackage><UnitOfMeasurePrice>0.0476</UnitOfMeasurePrice><AllowDiscount>1</AllowDiscount><ItemStatus>1</ItemStatus><ItemPrice>13.80</ItemPrice></item><item><PriceUpdateDate>2016-06-28 07:41:01</PriceUpdateDate><ItemCode>7290006511904</ItemCode><ItemType>3</ItemType><ItemName>מב כדורי גבינת אדם 2</ItemName><ManufacturerName>לא ממותג</ManufacturerName><ManufactureCountry>ישראל</ManufactureCountry><ManufacturerItemDescription>מב כדורי גבינת אדם 2</ManufacturerItemDescription><SoldByWeight/><Quantity>1.00</Quantity><UnitOfMeasure>ק"ג</UnitOfMeasure><QtyInPackage>לא ידוע</QtyInPackage><UnitOfMeasurePrice>60.0000</UnitOfMeasurePrice><AllowDiscount>1</AllowDiscount><ItemStatus>1</ItemStatus><ItemPrice>60.00</ItemPrice></item><item><PriceUpdateDate>2015-11-18 13:59:18</PriceUpdateDate><ItemCode>7290006546302</ItemCode><ItemType>1</ItemType><ItemName>צ'יפס קייטרינג 1.5 ק</ItemName><ManufacturerName>פרי הגליל</ManufacturerName><ManufactureCountry>ישראל</ManufactureCountry><ManufacturerItemDescription>צ'יפס קייטרינג 1.5 ק</ManufacturerItemDescription><SoldByWeight/><Quantity>1500.00</Quantity><UnitOfMeasure>גרם     </UnitOfMeasure><QtyInPackage>לא ידוע</QtyInPackage><UnitOfMeasurePrice>0.0135</UnitOfMeasurePrice><AllowDiscount>1</AllowDiscount><ItemStatus>1</ItemStatus><ItemPrice>20.30</ItemPrice></item><item><PriceUpdateDate>2016-08-02 07:39:38</PriceUpdateDate><ItemCode>7290006546319</ItemCode><ItemType>1</ItemType><ItemName>מב סטייק צ'יפס 1.5 ק</ItemName><ManufacturerName>פרי הגליל</ManufacturerName><ManufactureCountry>ישראל</ManufactureCountry><ManufacturerItemDescription>מב סטייק צ'יפס 1.5 ק</ManufacturerItemDescription><SoldByWeight/><Quantity>1500.00</Quantity><UnitOfMeasure>גרם     </UnitOfMeasure><QtyInPackage>לא ידוע</QtyInPackage><UnitOfMeasurePrice>0.0099</UnitOfMeasurePrice><AllowDiscount>1</AllowDiscount><ItemStatus>1</ItemStatus><ItemPrice>14.90</ItemPrice></item><item><PriceUpdateDate>2016-08-10 08:23:12</PriceUpdateDate><ItemCode>7290006546524</ItemCode><ItemType>1</ItemType><ItemName>צי'פס קפוא פרי גליל</ItemName><ManufacturerName>פרי הגליל</ManufacturerName><ManufactureCountry>ישראל</ManufactureCountry><ManufacturerItemDescription>צי'פס קפוא פרי גליל</ManufacturerItemDescription><SoldByWeight/><Quantity>800.00</Quantity><UnitOfMeasure>גרם     </UnitOfMeasure><QtyInPackage>לא ידוע</QtyInPackage><UnitOfMeasurePrice>0.0174</UnitOfMeasurePrice><AllowDiscount>1</AllowDiscount><ItemStatus>1</ItemStatus><ItemPrice>13.90</ItemPrice></item><item><PriceUpdateDate>2015-11-18 13:59:19</PriceUpdateDate><ItemCode>7290006562111</ItemCode><ItemType>1</ItemType><ItemName>חול לחתולים 10 ק"ג</ItemName><ManufacturerName>חיתולי</ManufacturerName><ManufactureCountry>ישראל</ManufactureCountry><ManufacturerItemDescription>חול לחתולים 10 ק"ג</ManufacturerItemDescription><SoldByWeight/><Quantity>10000.00</Quantity><UnitOfMeasure>גרם     </UnitOfMeasure><QtyInPackage>לא ידוע</QtyInPackage><UnitOfMeasurePrice>0.0040</UnitOfMeasurePrice><AllowDiscount>1</AllowDiscount><ItemStatus>1</ItemStatus><ItemPrice>39.80</ItemPrice></item><item><PriceUpdateDate>2016-03-17 09:36:58</PriceUpdateDate><ItemCode>7290006567048</ItemCode><ItemType>1</ItemType><ItemName>פתיתי קוסקוס 350 גרם</ItemName><ManufacturerName>אסם</ManufacturerName><ManufactureCountry>ישראל</ManufactureCountry><ManufacturerItemDescription>פתיתי קוסקוס 350 גרם</ManufacturerItemDescription><SoldByWeight/><Quantity>350.00</Quantity><UnitOfMeasure>גרם     </UnitOfMeasure><QtyInPackage>לא ידוע</QtyInPackage><UnitOfMeasurePrice>0.0226</UnitOfMeasurePrice><AllowDiscount>1</AllowDiscount><ItemStatus>1</ItemStatus><ItemPrice>7.90</ItemPrice></item><item><PriceUpdateDate>2016-05-31 06:55:51</PriceUpdateDate><ItemCode>7290006618146</ItemCode><ItemType>1</ItemType><ItemName>מדליק פחם נוזלי הפי</ItemName><ManufacturerName>הפי</ManufacturerName><ManufactureCountry>ישראל</ManufactureCountry><ManufacturerItemDescription>מדליק פחם נוזלי הפי</ManufacturerItemDescription><SoldByWeight/><Quantity>0.00</Quantity><UnitOfMeasure>יח'</UnitOfMeasure><QtyInPackage>לא ידוע</QtyInPackage><UnitOfMeasurePrice>0.0000</UnitOfMeasurePrice><AllowDiscount>1</AllowDiscount><ItemStatus>1</ItemStatus><ItemPrice>17.30</ItemPrice></item><item><PriceUpdateDate>2014-11-10 06:30:03</PriceUpdateDate><ItemCode>7290006644480</ItemCode><ItemType>1</ItemType><ItemName>תפוזינה תפוז חצי ליט</ItemName><ManufacturerName>תפוזינה</ManufacturerName><ManufactureCountry>ישראל</ManufactureCountry><ManufacturerItemDescription>תפוזינה תפוז חצי ליט</ManufacturerItemDescription><SoldByWeight/><Quantity>500.00</Quantity><UnitOfMeasure>מ"ל</UnitOfMeasure><QtyInPackage>לא ידוע</QtyInPackage><UnitOfMeasurePrice>0.0090</UnitOfMeasurePrice><AllowDiscount>1</AllowDiscount><ItemStatus>1</ItemStatus><ItemPrice>4.50</ItemPrice></item><item><PriceUpdateDate>2014-11-10 06:30:03</PriceUpdateDate><ItemCode>7290006644510</ItemCode><ItemType>1</ItemType><ItemName>תפוזינה ענבינה 0.5 ל</ItemName><ManufacturerName>תפוזינה</ManufacturerName><ManufactureCountry>ישראל</ManufactureCountry><ManufacturerItemDescription>תפוזינה ענבינה 0.5 ל</ManufacturerItemDescription><SoldByWeight/><Quantity>500.00</Quantity><UnitOfMeasure>מ"ל</UnitOfMeasure><QtyInPackage>לא ידוע</QtyInPackage><UnitOfMeasurePrice>0.0090</UnitOfMeasurePrice><AllowDiscount>1</AllowDiscount><ItemStatus>1</ItemStatus><ItemPrice>4.50</ItemPrice></item><item><PriceUpdateDate>2016-05-31 07:02:51</PriceUpdateDate><ItemCode>7290006644596</ItemCode><ItemType>1</ItemType><ItemName>קריסטל אקזוטי מוגז 2</ItemName><ManufacturerName>קריסטל משק"ל</ManufacturerName><ManufactureCountry>ישראל</ManufactureCountry><ManufacturerItemDescription>קריסטל אקזוטי מוגז 2</ManufacturerItemDescription><SoldByWeight/><Quantity>2000.00</Quantity><UnitOfMeasure>מ"ל</UnitOfMeasure><QtyInPackage>לא ידוע</QtyInPackage><UnitOfMeasurePrice>0.0019</UnitOfMeasurePrice><AllowDiscount>0</AllowDiscount><ItemStatus>1</ItemStatus><ItemPrice>3.70</ItemPrice></item><item><PriceUpdateDate>2016-05-31 07:02:52</PriceUpdateDate><ItemCode>7290006644626</ItemCode><ItemType>1</ItemType><ItemName>ספרינג 1.5 ליטר פירו</ItemName><ManufacturerName>ספרינג</ManufacturerName><ManufactureCountry>ישראל</ManufactureCountry><ManufacturerItemDescription>ספרינג פירות קיץ טרופיים</ManufacturerItemDescription><SoldByWeight/><Quantity>1500.00</Quantity><UnitOfMeasure>מ"ל</UnitOfMeasure><QtyInPackage>לא ידוע</QtyInPackage><UnitOfMeasurePrice>0.0039</UnitOfMeasurePrice><AllowDiscount>1</AllowDiscount><ItemStatus>1</ItemStatus><ItemPrice>5.90</ItemPrice></item><item><PriceUpdateDate>2016-05-01 08:13:36</PriceUpdateDate><ItemCode>7290006644732</ItemCode><ItemType>1</ItemType><ItemName>נקטר ספרינג פירות קי</ItemName><ManufacturerName>ספרינג</ManufacturerName><ManufactureCountry>ישראל</ManufactureCountry><ManufacturerItemDescription>נקטר ספרינג פירות קי</ManufacturerItemDescription><SoldByWeight/><Quantity>1000.00</Quantity><UnitOfMeasure>מ"ל</UnitOfMeasure><QtyInPackage>לא ידוע</QtyInPackage><UnitOfMeasurePrice>0.0067</UnitOfMeasurePrice><AllowDiscount>1</AllowDiscount><ItemStatus>1</ItemStatus><ItemPrice>6.70</ItemPrice></item><item><PriceUpdateDate>2014-11-10 06:30:03</PriceUpdateDate><ItemCode>7290006644817</ItemCode><ItemType>1</ItemType><ItemName>שוופס סודה רביעייה 1</ItemName><ManufacturerName>שוופס</ManufacturerName><ManufactureCountry>ישראל</ManufactureCountry><ManufacturerItemDescription>סודה שוופס 1.5 מארז</ManufacturerItemDescription><SoldByWeight/><Quantity>6000.00</Quantity><UnitOfMeasure>מ"ל</UnitOfMeasure><QtyInPackage>לא ידוע</QtyInPackage><UnitOfMeasurePrice>0.0018</UnitOfMeasurePrice><AllowDiscount>1</AllowDiscount><ItemStatus>1</ItemStatus><ItemPrice>11.00</ItemPrice></item><item><PriceUpdateDate>2016-05-01 08:13:36</PriceUpdateDate><ItemCode>7290006644848</ItemCode><ItemType>1</ItemType><ItemName>קרטונית ספרינג תפוחי</ItemName><ManufacturerName>ספרינג</ManufacturerName><ManufactureCountry>ישראל</ManufactureCountry><ManufacturerItemDescription>ספרינג נקטר תפוח דיאט 1 ל</ManufacturerItemDescription><SoldByWeight/><Quantity>1000.00</Quantity><UnitOfMeasure>מ"ל</UnitOfMeasure><QtyInPackage>לא ידוע</QtyInPackage><UnitOfMeasurePrice>0.0067</UnitOfMeasurePrice><AllowDiscount>1</AllowDiscount><ItemStatus>1</ItemStatus><ItemPrice>6.70</ItemPrice></item><item><PriceUpdateDate>2016-05-31 07:02:52</PriceUpdateDate><ItemCode>7290006652027</ItemCode><ItemType>1</ItemType><ItemName>מארז חטיף במבה 20*15</ItemName><ManufacturerName>במבה</ManufacturerName><ManufactureCountry>ישראל</ManufactureCountry><ManufacturerItemDescription>מארז חטיף במבה 20*15</ManufacturerItemDescription><SoldByWeight/><Quantity>300.00</Quantity><UnitOfMeasure>גרם     </UnitOfMeasure><QtyInPackage>לא ידוע</QtyInPackage><UnitOfMeasurePrice>0.0830</UnitOfMeasurePrice><AllowDiscount>1</AllowDiscount><ItemStatus>1</ItemStatus><ItemPrice>24.90</ItemPrice></item><item><PriceUpdateDate>2016-03-17 09:36:58</PriceUpdateDate><ItemCode>7290006653819</ItemCode><ItemType>1</ItemType><ItemName>קוסקוס דק בשקית 350</ItemName><ManufacturerName>אסם</ManufacturerName><ManufactureCountry>ישראל</ManufactureCountry><ManufacturerItemDescription>קוסקוס דק בשקית 350</ManufacturerItemDescription><SoldByWeight/><Quantity>350.00</Quantity><UnitOfMeasure>גרם     </UnitOfMeasure><QtyInPackage>לא ידוע</QtyInPackage><UnitOfMeasurePrice>0.0226</UnitOfMeasurePrice><AllowDiscount>1</AllowDiscount><ItemStatus>1</ItemStatus><ItemPrice>7.90</ItemPrice></item><item><PriceUpdateDate>2016-05-31 07:02:52</PriceUpdateDate><ItemCode>7290006653857</ItemCode><ItemType>1</ItemType><ItemName>חטיף ארנבונים תפו"א</ItemName><ManufacturerName>דובונים</ManufacturerName><ManufactureCountry>ישראל</ManufactureCountry><ManufacturerItemDescription>חטיף ארנבונים תפו"א</ManufacturerItemDescription><SoldByWeight/><Quantity>14.00</Quantity><UnitOfMeasure>גרם     </UnitOfMeasure><QtyInPackage>לא ידוע</QtyInPackage><UnitOfMeasurePrice>0.2857</UnitOfMeasurePrice><AllowDiscount>1</AllowDiscount><ItemStatus>1</ItemStatus><ItemPrice>4.00</ItemPrice></item><item><PriceUpdateDate>2016-03-01 06:13:41</PriceUpdateDate><ItemCode>7290006664037</ItemCode><ItemType>1</ItemType><ItemName>מארז גמדים דגנים 4*1</ItemName><ManufacturerName>גמדים</ManufacturerName><ManufactureCountry>ישראל</ManufactureCountry><ManufacturerItemDescription>מארז גמדים דגנים 4*1</ManufacturerItemDescription><SoldByWeight/><Quantity>400.00</Quantity><UnitOfMeasure>מ"ל</UnitOfMeasure><QtyInPackage>לא ידוע</QtyInPackage><UnitOfMeasurePrice>0.0285</UnitOfMeasurePrice><AllowDiscount>0</AllowDiscount><ItemStatus>1</ItemStatus><ItemPrice>11.40</ItemPrice></item><item><PriceUpdateDate>2016-05-31 07:02:52</PriceUpdateDate><ItemCode>7290006664051</ItemCode><ItemType>1</ItemType><ItemName>מארז אקטימל טבעי 14</ItemName><ManufacturerName>אקטימל</ManufacturerName><ManufactureCountry>ישראל</ManufactureCountry><ManufacturerItemDescription>מארז אקטימל טבעי 14</ManufacturerItemDescription><SoldByWeight/><Quantity>1480.00</Quantity><UnitOfMeasure>מ"ל</UnitOfMeasure><QtyInPackage>לא ידוע</QtyInPackage><UnitOfMeasurePrice>0.0212</UnitOfMeasurePrice><AllowDiscount>1</AllowDiscount><ItemStatus>1</ItemStatus><ItemPrice>31.40</ItemPrice></item><item><PriceUpdateDate>2016-06-28 09:29:12</PriceUpdateDate><ItemCode>7290006664167</ItemCode><ItemType>1</ItemType><ItemName>סימפוניה 3% עם שום ש</ItemName><ManufacturerName>סימפוניה שטראוס</ManufacturerName><ManufactureCountry>ישראל</ManufactureCountry><ManufacturerItemDescription>סימפוניה 3% שום שמיר</ManufacturerItemDescription><SoldByWeight/><Quantity>200.00</Quantity><UnitOfMeasure>גרם     </UnitOfMeasure><QtyInPackage>לא ידוע</QtyInPackage><UnitOfMeasurePrice>0.0595</UnitOfMeasurePrice><AllowDiscount>0</AllowDiscount><ItemStatus>1</ItemStatus><ItemPrice>11.90</ItemPrice></item><item><PriceUpdateDate>2015-12-07 10:52:41</PriceUpdateDate><ItemCode>7290006664310</ItemCode><ItemType>1</ItemType><ItemName>גבינת סקי 3% 250 גרם</ItemName><ManufacturerName>שטראוס</ManufacturerName><ManufactureCountry>ישראל</ManufactureCountry><ManufacturerItemDescription>גבינה סקי 250 3% גרם</ManufacturerItemDescription><SoldByWeight/><Quantity>250.00</Quantity><UnitOfMeasure>גרם     </UnitOfMeasure><QtyInPackage>לא ידוע</QtyInPackage><UnitOfMeasurePrice>0.0192</UnitOfMeasurePrice><AllowDiscount>1</AllowDiscount><ItemStatus>1</ItemStatus><ItemPrice>4.80</ItemPrice></item><item><PriceUpdateDate>2016-02-11 08:21:17</PriceUpdateDate><ItemCode>7290006664402</ItemCode><ItemType>1</ItemType><ItemName>גבינת סקי 5% 750 גרם</ItemName><ManufacturerName>שטראוס</ManufacturerName><ManufactureCountry>ישראל</ManufactureCountry><ManufacturerItemDescription>גבינת סקי 5% 750 גרם</ManufacturerItemDescription><SoldByWeight/><Quantity>750.00</Quantity><UnitOfMeasure>גרם     </UnitOfMeasure><QtyInPackage>לא ידוע</QtyInPackage><UnitOfMeasurePrice>0.0184</UnitOfMeasurePrice><AllowDiscount>1</AllowDiscount><ItemStatus>1</ItemStatus><ItemPrice>13.80</ItemPrice></item><item><PriceUpdateDate>2016-05-23 14:02:42</PriceUpdateDate><ItemCode>7290006664532</ItemCode><ItemType>1</ItemType><ItemName>דנונה תות 3% 150 גרם</ItemName><ManufacturerName>דנונה</ManufacturerName><ManufactureCountry>ישראל</ManufactureCountry><ManufacturerItemDescription>יוגורט דנונה תות</ManufacturerItemDescription><SoldByWeight/><Quantity>150.00</Quantity><UnitOfMeasure>גרם     </UnitOfMeasure><QtyInPackage>לא ידוע</QtyInPackage><UnitOfMeasurePrice>0.0260</UnitOfMeasurePrice><AllowDiscount>1</AllowDiscount><ItemStatus>1</ItemStatus><ItemPrice>3.90</ItemPrice></item><item><PriceUpdateDate>2015-12-17 09:13:47</PriceUpdateDate><ItemCode>7290006664631</ItemCode><ItemType>1</ItemType><ItemName>מארז אקטימל תות שמינ</ItemName><ManufacturerName>אקטימל</ManufacturerName><ManufactureCountry>ישראל</ManufactureCountry><ManufacturerItemDescription>מארז אקטימל תות 8 יח</ManufacturerItemDescription><SoldByWeight/><Quantity>850.00</Quantity><UnitOfMeasure>מ"ל</UnitOfMeasure><QtyInPackage>לא ידוע</QtyInPackage><UnitOfMeasurePrice>0.0258</UnitOfMeasurePrice><AllowDiscount>1</AllowDiscount><ItemStatus>1</ItemStatus><ItemPrice>21.90</ItemPrice></item><item><PriceUpdateDate>2015-12-17 09:13:47</PriceUpdateDate><ItemCode>7290006664655</ItemCode><ItemType>1</ItemType><ItemName>מארז אקטימל טבעי שמי</ItemName><ManufacturerName>אקטימל</ManufacturerName><ManufactureCountry>ישראל</ManufactureCountry><ManufacturerItemDescription>מארז אקטימל 8 יח</ManufacturerItemDescription><SoldByWeight/><Quantity>850.00</Quantity><UnitOfMeasure>מ"ל</UnitOfMeasure><QtyInPackage>לא ידוע</QtyInPackage><UnitOfMeasurePrice>0.0258</UnitOfMeasurePrice><AllowDiscount>1</AllowDiscount><ItemStatus>1</ItemStatus><ItemPrice>21.90</ItemPrice></item><item><PriceUpdateDate>2016-05-23 14:02:42</PriceUpdateDate><ItemCode>7290006664693</ItemCode><ItemType>1</ItemType><ItemName>דנונה אפרסק 3% 150 ג</ItemName><ManufacturerName>דנונה</ManufacturerName><ManufactureCountry>ישראל</ManufactureCountry><ManufacturerItemDescription>דנונה אפרסק 150 3% גרם</ManufacturerItemDescription><SoldByWeight/><Quantity>150.00</Quantity><UnitOfMeasure>גרם     </UnitOfMeasure><QtyInPackage>לא ידוע</QtyInPackage><UnitOfMeasurePrice>0.0260</UnitOfMeasurePrice><AllowDiscount>1</AllowDiscount><ItemStatus>1</ItemStatus><ItemPrice>3.90</ItemPrice></item><item><PriceUpdateDate>2016-08-10 08:23:12</PriceUpdateDate><ItemCode>7290006664969</ItemCode><ItemType>1</ItemType><ItemName>מארז דנונה שמיניה במ</ItemName><ManufacturerName>דנונה</ManufacturerName><ManufactureCountry>ישראל</ManufactureCountry><ManufacturerItemDescription>מארז 1/8 מתיקות מעודנת</ManufacturerItemDescription><SoldByWeight/><Quantity>1200.00</Quantity><UnitOfMeasure>מ"ל</UnitOfMeasure><QtyInPackage>לא ידוע</QtyInPackage><UnitOfMeasurePrice>0.0170</UnitOfMeasurePrice><AllowDiscount>1</AllowDiscount><ItemStatus>1</ItemStatus><ItemPrice>20.40</ItemPrice></item><item><PriceUpdateDate>2015-10-01 06:17:22</PriceUpdateDate><ItemCode>7290006664990</ItemCode><ItemType>1</ItemType><ItemName>מארז דנונה ביו 1.7%</ItemName><ManufacturerName>דנונה</ManufacturerName><ManufactureCountry>ישראל</ManufactureCountry><ManufacturerItemDescription>מארז דנונה ביו 1.7%</ManufacturerItemDescription><SoldByWeight/><Quantity>1200.00</Quantity><UnitOfMeasure>מ"ל</UnitOfMeasure><QtyInPackage>לא ידוע</QtyInPackage><UnitOfMeasurePrice>0.0147</UnitOfMeasurePrice><AllowDiscount>1</AllowDiscount><ItemStatus>1</ItemStatus><ItemPrice>17.60</ItemPrice></item><item><PriceUpdateDate>2016-08-02 07:35:23</PriceUpdateDate><ItemCode>7290006681003</ItemCode><ItemType>1</ItemType><ItemName>גלידות קרמיסימו סורב</ItemName><ManufacturerName>קרמיסימו</ManufacturerName><ManufactureCountry>ישראל</ManufactureCountry><ManufacturerItemDescription>גלידות קרמיסימו סורב</ManufacturerItemDescription><SoldByWeight/><Quantity>1330.00</Quantity><UnitOfMeasure>מ"ל</UnitOfMeasure><QtyInPackage>לא ידוע</QtyInPackage><UnitOfMeasurePrice>0.0150</UnitOfMeasurePrice><AllowDiscount>1</AllowDiscount><ItemStatus>1</ItemStatus><ItemPrice>19.90</ItemPrice></item><item><PriceUpdateDate>2015-11-18 13:59:19</PriceUpdateDate><ItemCode>7290006681089</ItemCode><ItemType>1</ItemType><ItemName>גלידת לייט מיני סנדו</ItemName><ManufacturerName>שטראוס לייט</ManufacturerName><ManufactureCountry>ישראל</ManufactureCountry><ManufacturerItemDescription>מאגדת לייט מיני סנדוויץ</ManufacturerItemDescription><SoldByWeight/><Quantity>200.00</Quantity><UnitOfMeasure>גרם     </UnitOfMeasure><QtyInPackage>לא ידוע</QtyInPackage><UnitOfMeasurePrice>0.1735</UnitOfMeasurePrice><AllowDiscount>1</AllowDiscount><ItemStatus>1</ItemStatus><ItemPrice>34.70</ItemPrice></item><item><PriceUpdateDate>2016-06-28 09:31:12</PriceUpdateDate><ItemCode>7290006681577</ItemCode><ItemType>1</ItemType><ItemName>מב אסקימו לימון דובד</ItemName><ManufacturerName>אסקימו</ManufacturerName><ManufactureCountry>ישראל</ManufactureCountry><ManufacturerItemDescription>מאגדת אסקימו לימון דובדבן</ManufacturerItemDescription><SoldByWeight/><Quantity>700.00</Quantity><UnitOfMeasure>גרם     </UnitOfMeasure><QtyInPackage>לא ידוע</QtyInPackage><UnitOfMeasurePrice>0.0184</UnitOfMeasurePrice><AllowDiscount>1</AllowDiscount><ItemStatus>1</ItemStatus><ItemPrice>12.90</ItemPrice></item><item><PriceUpdateDate>2016-06-30 06:41:05</PriceUpdateDate><ItemCode>7290006681904</ItemCode><ItemType>1</ItemType><ItemName>מאגדת מצופים וניל שו</ItemName><ManufacturerName>שטראוס גלידה</ManufacturerName><ManufactureCountry>ישראל</ManufactureCountry><ManufacturerItemDescription>מאגדת מצופים וניל שו</ManufacturerItemDescription><SoldByWeight/><Quantity>600.00</Quantity><UnitOfMeasure>גרם     </UnitOfMeasure><QtyInPackage>לא ידוע</QtyInPackage><UnitOfMeasurePrice>0.0582</UnitOfMeasurePrice><AllowDiscount>1</AllowDiscount><ItemStatus>1</ItemStatus><ItemPrice>34.90</ItemPrice></item><item><PriceUpdateDate>2016-08-02 07:39:38</PriceUpdateDate><ItemCode>7290006738424</ItemCode><ItemType>1</ItemType><ItemName>מב נקניק מיני סלמי פ</ItemName><ManufacturerName>זוגלובק</ManufacturerName><ManufactureCountry>ישראל</ManufactureCountry><ManufacturerItemDescription>מיני סלמי פיקנטי - שלם 25</ManufacturerItemDescription><SoldByWeight/><Quantity>250.00</Quantity><UnitOfMeasure>גרם     </UnitOfMeasure><QtyInPackage>לא ידוע</QtyInPackage><UnitOfMeasurePrice>0.0516</UnitOfMeasurePrice><AllowDiscount>1</AllowDiscount><ItemStatus>1</ItemStatus><ItemPrice>12.90</ItemPrice></item><item><PriceUpdateDate>2016-05-02 14:15:26</PriceUpdateDate><ItemCode>7290006738615</ItemCode><ItemType>1</ItemType><ItemName>קבב פרימיום זוגלובק</ItemName><ManufacturerName>זוגלובק</ManufacturerName><ManufactureCountry>ישראל</ManufactureCountry><ManufacturerItemDescription>קבב זהב 100% בשר זוגלובק</ManufacturerItemDescription><SoldByWeight/><Quantity>400.00</Quantity><UnitOfMeasure>גרם     </UnitOfMeasure><QtyInPackage>לא ידוע</QtyInPackage><UnitOfMeasurePrice>0.0497</UnitOfMeasurePrice><AllowDiscount>1</AllowDiscount><ItemStatus>1</ItemStatus><ItemPrice>19.90</ItemPrice></item><item><PriceUpdateDate>2015-10-11 20:34:31</PriceUpdateDate><ItemCode>7290006739247</ItemCode><ItemType>3</ItemType><ItemName>פסטרמה איטלקית</ItemName><ManufacturerName>זוגלובק</ManufacturerName><ManufactureCountry>ישראל</ManufactureCountry><ManufacturerItemDescription>פסטרמה איטלקית</ManufacturerItemDescription><SoldByWeight/><Quantity>1.00</Quantity><UnitOfMeasure>ק"ג</UnitOfMeasure><QtyInPackage>לא ידוע</QtyInPackage><UnitOfMeasurePrice>88.7000</UnitOfMeasurePrice><AllowDiscount>1</AllowDiscount><ItemStatus>1</ItemStatus><ItemPrice>88.70</ItemPrice></item><item><PriceUpdateDate>2016-08-10 08:23:47</PriceUpdateDate><ItemCode>7290006739346</ItemCode><ItemType>1</ItemType><ItemName>נקניקיות פרגיות 400</ItemName><ManufacturerName>זוגלובק</ManufacturerName><ManufactureCountry>ישראל</ManufactureCountry><ManufacturerItemDescription>נקניקיות פרגיות 400</ManufacturerItemDescription><SoldByWeight/><Quantity>400.00</Quantity><UnitOfMeasure>גרם     </UnitOfMeasure><QtyInPackage>לא ידוע</QtyInPackage><UnitOfMeasurePrice>0.0497</UnitOfMeasurePrice><AllowDiscount>1</AllowDiscount><ItemStatus>1</ItemStatus><ItemPrice>19.90</ItemPrice></item><item><PriceUpdateDate>2016-01-04 21:06:32</PriceUpdateDate><ItemCode>7290006739407</ItemCode><ItemType>1</ItemType><ItemName>שניצל תירס לייט 600</ItemName><ManufacturerName>זוגלובק</ManufacturerName><ManufactureCountry>ישראל</ManufactureCountry><ManufacturerItemDescription>שניצל תירס לייט 630 גרם</ManufacturerItemDescription><SoldByWeight/><Quantity>600.00</Quantity><UnitOfMeasure>גרם     </UnitOfMeasure><QtyInPackage>לא ידוע</QtyInPackage><UnitOfMeasurePrice>0.0513</UnitOfMeasurePrice><AllowDiscount>1</AllowDiscount><ItemStatus>1</ItemStatus><ItemPrice>30.80</ItemPrice></item><item><PriceUpdateDate>2016-08-02 07:39:39</PriceUpdateDate><ItemCode>7290006739414</ItemCode><ItemType>1</ItemType><ItemName>מב נקניק קוניאק 300</ItemName><ManufacturerName>זוגלובק</ManufacturerName><ManufactureCountry>ישראל</ManufactureCountry><ManufacturerItemDescription>סלמי קוניאק 300 גרם</ManufacturerItemDescription><SoldByWeight/><Quantity>300.00</Quantity><UnitOfMeasure>גרם     </UnitOfMeasure><QtyInPackage>לא ידוע</QtyInPackage><UnitOfMeasurePrice>0.0863</UnitOfMeasurePrice><AllowDiscount>1</AllowDiscount><ItemStatus>1</ItemStatus><ItemPrice>25.90</ItemPrice></item><item><PriceUpdateDate>2016-08-02 07:39:39</PriceUpdateDate><ItemCode>7290006739421</ItemCode><ItemType>1</ItemType><ItemName>מב מעושן איטלקי 300</ItemName><ManufacturerName>זוגלובק</ManufacturerName><ManufactureCountry>ישראל</ManufactureCountry><ManufacturerItemDescription>סלמי מעושן איטלקי 300 גרם</ManufacturerItemDescription><SoldByWeight/><Quantity>300.00</Quantity><UnitOfMeasure>גרם     </UnitOfMeasure><QtyInPackage>לא ידוע</QtyInPackage><UnitOfMeasurePrice>0.0863</UnitOfMeasurePrice><AllowDiscount>1</AllowDiscount><ItemStatus>1</ItemStatus><ItemPrice>25.90</ItemPrice></item><item><PriceUpdateDate>2016-08-02 07:35:24</PriceUpdateDate><ItemCode>7290006739445</ItemCode><ItemType>1</ItemType><ItemName>מב שניצל תירס 750 גר</ItemName><ManufacturerName>זוגלובק</ManufacturerName><ManufactureCountry>ישראל</ManufactureCountry><ManufacturerItemDescription>שניצל תירס קלאסי 750 גרם</ManufacturerItemDescription><SoldByWeight/><Quantity>750.00</Quantity><UnitOfMeasure>גרם     </UnitOfMeasure><QtyInPackage>לא ידוע</QtyInPackage><UnitOfMeasurePrice>0.0292</UnitOfMeasurePrice><AllowDiscount>1</AllowDiscount><ItemStatus>1</ItemStatus><ItemPrice>21.90</ItemPrice></item><item><PriceUpdateDate>2016-08-02 07:35:25</PriceUpdateDate><ItemCode>7290006740274</ItemCode><ItemType>1</ItemType><ItemName>מב המבורגר טקסס 400</ItemName><ManufacturerName>זוגלובק</ManufacturerName><ManufactureCountry>ישראל</ManufactureCountry><ManufacturerItemDescription>מב המבורגר טקסס 400</ManufacturerItemDescription><SoldByWeight/><Quantity>400.00</Quantity><UnitOfMeasure>גרם     </UnitOfMeasure><QtyInPackage>לא ידוע</QtyInPackage><UnitOfMeasurePrice>0.0472</UnitOfMeasurePrice><AllowDiscount>1</AllowDiscount><ItemStatus>1</ItemStatus><ItemPrice>18.90</ItemPrice></item><item><PriceUpdateDate>2016-08-02 07:35:25</PriceUpdateDate><ItemCode>7290006740281</ItemCode><ItemType>1</ItemType><ItemName>מב קבב קלאסי זוגלובק</ItemName><ManufacturerName>זוגלובק</ManufacturerName><ManufactureCountry>ישראל</ManufactureCountry><ManufacturerItemDescription>מב קבב קלאסי זוגלובק</ManufacturerItemDescription><SoldByWeight/><Quantity>400.00</Quantity><UnitOfMeasure>גרם     </UnitOfMeasure><QtyInPackage>לא ידוע</QtyInPackage><UnitOfMeasurePrice>0.0472</UnitOfMeasurePrice><AllowDiscount>1</AllowDiscount><ItemStatus>1</ItemStatus><ItemPrice>18.90</ItemPrice></item><item><PriceUpdateDate>2016-08-02 07:35:25</PriceUpdateDate><ItemCode>7290006741028</ItemCode><ItemType>1</ItemType><ItemName>מב פיצה משפחתית מרגר</ItemName><ManufacturerName>זוגלובק</ManufacturerName><ManufactureCountry>ישראל</ManufactureCountry><ManufacturerItemDescription>פיצה משפחתית מרגריטה 500</ManufacturerItemDescription><SoldByWeight/><Quantity>500.00</Quantity><UnitOfMeasure>גרם     </UnitOfMeasure><QtyInPackage>לא ידוע</QtyInPackage><UnitOfMeasurePrice>0.0338</UnitOfMeasurePrice><AllowDiscount>1</AllowDiscount><ItemStatus>1</ItemStatus><ItemPrice>16.90</ItemPrice></item><item><PriceUpdateDate>2016-05-31 06:55:56</PriceUpdateDate><ItemCode>7290006741035</ItemCode><ItemType>1</ItemType><ItemName>פיצה משפחתית עם זיתי</ItemName><ManufacturerName>זוגלובק</ManufacturerName><ManufactureCountry>ישראל</ManufactureCountry><ManufacturerItemDescription>פיצה משפחתית עם זיתי</ManufacturerItemDescription><SoldByWeight/><Quantity>550.00</Quantity><UnitOfMeasure>גרם     </UnitOfMeasure><QtyInPackage>לא ידוע</QtyInPackage><UnitOfMeasurePrice>0.0416</UnitOfMeasurePrice><AllowDiscount>1</AllowDiscount><ItemStatus>1</ItemStatus><ItemPrice>22.90</ItemPrice></item><item><PriceUpdateDate>2016-08-02 07:35:25</PriceUpdateDate><ItemCode>7290006741363</ItemCode><ItemType>1</ItemType><ItemName>מב בורקס תפו"א בד"צ</ItemName><ManufacturerName>זוגלובק</ManufacturerName><ManufactureCountry>ישראל</ManufactureCountry><ManufacturerItemDescription>בורקס תפוא 800 גר</ManufacturerItemDescription><SoldByWeight/><Quantity>800.00</Quantity><UnitOfMeasure>גרם     </UnitOfMeasure><QtyInPackage>לא ידוע</QtyInPackage><UnitOfMeasurePrice>0.0211</UnitOfMeasurePrice><AllowDiscount>1</AllowDiscount><ItemStatus>1</ItemStatus><ItemPrice>16.90</ItemPrice></item><item><PriceUpdateDate>2016-08-02 07:35:25</PriceUpdateDate><ItemCode>7290006741387</ItemCode><ItemType>1</ItemType><ItemName>מב מלוואח תימני בד"צ</ItemName><ManufacturerName>זוגלובק</ManufacturerName><ManufactureCountry>ישראל</ManufactureCountry><ManufacturerItemDescription>מב מלוואח תימני בד"צ</ManufacturerItemDescription><SoldByWeight/><Quantity>700.00</Quantity><UnitOfMeasure>גרם     </UnitOfMeasure><QtyInPackage>לא ידוע</QtyInPackage><UnitOfMeasurePrice>0.0241</UnitOfMeasurePrice><AllowDiscount>1</AllowDiscount><ItemStatus>1</ItemStatus><ItemPrice>16.90</ItemPrice></item><item><PriceUpdateDate>2016-08-02 07:35:26</PriceUpdateDate><ItemCode>7290006741516</ItemCode><ItemType>1</ItemType><ItemName>3 יחידות  פיצה משפחת</ItemName><ManufacturerName>זוגלובק</ManufacturerName><ManufactureCountry>ישראל</ManufactureCountry><ManufacturerItemDescription>3 יחידות  פיצה משפחת</ManufacturerItemDescription><SoldByWeight/><Quantity>1500.00</Quantity><UnitOfMeasure>גרם     </UnitOfMeasure><QtyInPackage>לא ידוע</QtyInPackage><UnitOfMeasurePrice>0.0292</UnitOfMeasurePrice><AllowDiscount>1</AllowDiscount><ItemStatus>1</ItemStatus><ItemPrice>43.80</ItemPrice></item><item><PriceUpdateDate>2016-08-02 07:35:26</PriceUpdateDate><ItemCode>7290006742162</ItemCode><ItemType>1</ItemType><ItemName>מב המבורגר מזרחי 400</ItemName><ManufacturerName>זוגלובק</ManufacturerName><ManufactureCountry>ישראל</ManufactureCountry><ManufacturerItemDescription>המבורגר מזרחי 400 גרם</ManufacturerItemDescription><SoldByWeight/><Quantity>400.00</Quantity><UnitOfMeasure>גרם     </UnitOfMeasure><QtyInPackage>לא ידוע</QtyInPackage><UnitOfMeasurePrice>0.0472</UnitOfMeasurePrice><AllowDiscount>1</AllowDiscount><ItemStatus>1</ItemStatus><ItemPrice>18.90</ItemPrice></item><item><PriceUpdateDate>2016-08-02 07:39:39</PriceUpdateDate><ItemCode>7290006742278</ItemCode><ItemType>1</ItemType><ItemName>מב פסטרמה צלויה על ל</ItemName><ManufacturerName>זוגלובק</ManufacturerName><ManufactureCountry>ישראל</ManufactureCountry><ManufacturerItemDescription>פסטרממיה צלויה על לבנים</ManufacturerItemDescription><SoldByWeight/><Quantity>330.00</Quantity><UnitOfMeasure>גרם     </UnitOfMeasure><QtyInPackage>לא ידוע</QtyInPackage><UnitOfMeasurePrice>0.0785</UnitOfMeasurePrice><AllowDiscount>1</AllowDiscount><ItemStatus>1</ItemStatus><ItemPrice>25.90</ItemPrice></item><item><PriceUpdateDate>2016-08-02 07:39:39</PriceUpdateDate><ItemCode>7290006742292</ItemCode><ItemType>1</ItemType><ItemName>מב פסטרמה זגלובק בדב</ItemName><ManufacturerName>זוגלובק</ManufacturerName><ManufactureCountry>ישראל</ManufactureCountry><ManufacturerItemDescription>פסטרממיה בדבש 330 גרם</ManufacturerItemDescription><SoldByWeight/><Quantity>330.00</Quantity><UnitOfMeasure>גרם     </UnitOfMeasure><QtyInPackage>לא ידוע</QtyInPackage><UnitOfMeasurePrice>0.0785</UnitOfMeasurePrice><AllowDiscount>1</AllowDiscount><ItemStatus>1</ItemStatus><ItemPrice>25.90</ItemPrice></item><item><PriceUpdateDate>2016-08-02 07:39:39</PriceUpdateDate><ItemCode>7290006742308</ItemCode><ItemType>1</ItemType><ItemName>מב פסטרמה חזה עוף בר</ItemName><ManufacturerName>זוגלובק</ManufacturerName><ManufactureCountry>ישראל</ManufactureCountry><ManufacturerItemDescription>מב פסטרמה חזה עוף בר</ManufacturerItemDescription><SoldByWeight/><Quantity>300.00</Quantity><UnitOfMeasure>גרם     </UnitOfMeasure><QtyInPackage>לא ידוע</QtyInPackage><UnitOfMeasurePrice>0.0863</UnitOfMeasurePrice><AllowDiscount>1</AllowDiscount><ItemStatus>1</ItemStatus><ItemPrice>25.90</ItemPrice></item><item><PriceUpdateDate>2016-08-02 07:39:39</PriceUpdateDate><ItemCode>7290006742315</ItemCode><ItemType>1</ItemType><ItemName>מב פסטרמה ברביקיו 33</ItemName><ManufacturerName>זוגלובק</ManufacturerName><ManufactureCountry>ישראל</ManufactureCountry><ManufacturerItemDescription>מב פסטרמה ברביקיו 33</ManufacturerItemDescription><SoldByWeight/><Quantity>330.00</Quantity><UnitOfMeasure>גרם     </UnitOfMeasure><QtyInPackage>לא ידוע</QtyInPackage><UnitOfMeasurePrice>0.0785</UnitOfMeasurePrice><AllowDiscount>1</AllowDiscount><ItemStatus>1</ItemStatus><ItemPrice>25.90</ItemPrice></item><item><PriceUpdateDate>2016-07-26 12:39:43</PriceUpdateDate><ItemCode>7290006751720</ItemCode><ItemType>3</ItemType><ItemName>עוף טחון טרי במשקל</ItemName><ManufacturerName>לא ממותג</ManufacturerName><ManufactureCountry>ישראל</ManufactureCountry><ManufacturerItemDescription>עוף טחון טרי במשקל</ManufacturerItemDescription><SoldByWeight/><Quantity>1.00</Quantity><UnitOfMeasure>ק"ג</UnitOfMeasure><QtyInPackage>לא ידוע</QtyInPackage><UnitOfMeasurePrice>33.9000</UnitOfMeasurePrice><AllowDiscount>1</AllowDiscount><ItemStatus>1</ItemStatus><ItemPrice>33.90</ItemPrice></item><item><PriceUpdateDate>2016-02-01 20:48:37</PriceUpdateDate><ItemCode>7290006755469</ItemCode><ItemType>1</ItemType><ItemName>שניצל תירס לייט 630</ItemName><ManufacturerName>טבעול</ManufacturerName><ManufactureCountry>ישראל</ManufactureCountry><ManufacturerItemDescription>שניצל תירס לייט פחות 5% ש</ManufacturerItemDescription><SoldByWeight/><Quantity>630.00</Quantity><UnitOfMeasure>גרם     </UnitOfMeasure><QtyInPackage>לא ידוע</QtyInPackage><UnitOfMeasurePrice>0.0475</UnitOfMeasurePrice><AllowDiscount>1</AllowDiscount><ItemStatus>1</ItemStatus><ItemPrice>29.90</ItemPrice></item><item><PriceUpdateDate>2016-02-08 10:37:35</PriceUpdateDate><ItemCode>7290006764058</ItemCode><ItemType>1</ItemType><ItemName>בירה נשר לבן 500 מ"ל</ItemName><ManufacturerName>נשר</ManufacturerName><ManufactureCountry>ישראל</ManufactureCountry><ManufacturerItemDescription>בירה נשר לבן 500 מ"ל</ManufacturerItemDescription><SoldByWeight/><Quantity>500.00</Quantity><UnitOfMeasure>מ"ל</UnitOfMeasure><QtyInPackage>לא ידוע</QtyInPackage><UnitOfMeasurePrice>0.0152</UnitOfMeasurePrice><AllowDiscount>1</AllowDiscount><ItemStatus>1</ItemStatus><ItemPrice>7.60</ItemPrice></item><item><PriceUpdateDate>2015-10-22 10:37:28</PriceUpdateDate><ItemCode>7290006764065</ItemCode><ItemType>1</ItemType><ItemName>בירה מאלט 500 מ''ל</ItemName><ManufacturerName>נשר מאלט</ManufacturerName><ManufactureCountry>ישראל</ManufactureCountry><ManufacturerItemDescription>בירה נשר מאלט 500 מל בקב.</ManufacturerItemDescription><SoldByWeight/><Quantity>500.00</Quantity><UnitOfMeasure>מ"ל</UnitOfMeasure><QtyInPackage>לא ידוע</QtyInPackage><UnitOfMeasurePrice>0.0114</UnitOfMeasurePrice><AllowDiscount>1</AllowDiscount><ItemStatus>1</ItemStatus><ItemPrice>5.70</ItemPrice></item><item><PriceUpdateDate>2016-06-30 06:41:33</PriceUpdateDate><ItemCode>7290006764072</ItemCode><ItemType>1</ItemType><ItemName>בירה גולדסטאר 500 מ"</ItemName><ManufacturerName>גולדסטאר</ManufacturerName><ManufactureCountry>ישראל</ManufactureCountry><ManufacturerItemDescription>בירה גולדסטאר.500 מל בק ח</ManufacturerItemDescription><SoldByWeight/><Quantity>500.00</Quantity><UnitOfMeasure>מ"ל</UnitOfMeasure><QtyInPackage>לא ידוע</QtyInPackage><UnitOfMeasurePrice>0.0138</UnitOfMeasurePrice><AllowDiscount>1</AllowDiscount><ItemStatus>1</ItemStatus><ItemPrice>6.90</ItemPrice></item><item><PriceUpdateDate>2016-03-01 06:17:49</PriceUpdateDate><ItemCode>7290006764348</ItemCode><ItemType>1</ItemType><ItemName>מאלטסטאר 1.5 ליטר רג</ItemName><ManufacturerName>מאלטסטאר</ManufacturerName><ManufactureCountry>ישראל</ManufactureCountry><ManufacturerItemDescription>מאלטסטאר 1.5 ליטר רג</ManufacturerItemDescription><SoldByWeight/><Quantity>1500.00</Quantity><UnitOfMeasure>מ"ל</UnitOfMeasure><QtyInPackage>לא ידוע</QtyInPackage><UnitOfMeasurePrice>0.0059</UnitOfMeasurePrice><AllowDiscount>1</AllowDiscount><ItemStatus>1</ItemStatus><ItemPrice>8.90</ItemPrice></item><item><PriceUpdateDate>2016-08-10 08:23:12</PriceUpdateDate><ItemCode>7290006775023</ItemCode><ItemType>1</ItemType><ItemName>עוגת אחווה אנגלית 45</ItemName><ManufacturerName>אחוה</ManufacturerName><ManufactureCountry>ישראל</ManufactureCountry><ManufacturerItemDescription>עוגת אחווה אנגלית 45</ManufacturerItemDescription><SoldByWeight/><Quantity>450.00</Quantity><UnitOfMeasure>גרם     </UnitOfMeasure><QtyInPackage>לא ידוע</QtyInPackage><UnitOfMeasurePrice>0.0280</UnitOfMeasurePrice><AllowDiscount>1</AllowDiscount><ItemStatus>1</ItemStatus><ItemPrice>12.60</ItemPrice></item><item><PriceUpdateDate>2016-08-10 08:23:12</PriceUpdateDate><ItemCode>7290006775054</ItemCode><ItemType>1</ItemType><ItemName>עוגת אחווה שיש 450 ג</ItemName><ManufacturerName>אחוה</ManufacturerName><ManufactureCountry>ישראל</ManufactureCountry><ManufacturerItemDescription>עוגת אחווה שיש 450 ג</ManufacturerItemDescription><SoldByWeight/><Quantity>450.00</Quantity><UnitOfMeasure>גרם     </UnitOfMeasure><QtyInPackage>לא ידוע</QtyInPackage><UnitOfMeasurePrice>0.0280</UnitOfMeasurePrice><AllowDiscount>1</AllowDiscount><ItemStatus>1</ItemStatus><ItemPrice>12.60</ItemPrice></item><item><PriceUpdateDate>2015-11-18 13:59:20</PriceUpdateDate><ItemCode>7290006775337</ItemCode><ItemType>1</ItemType><ItemName>עוגת אחווה שמרים פרג</ItemName><ManufacturerName>אחוה</ManufacturerName><ManufactureCountry>ישראל</ManufactureCountry><ManufacturerItemDescription>עוגת אחווה שמרים פרג</ManufacturerItemDescription><SoldByWeight/><Quantity>400.00</Quantity><UnitOfMeasure>גרם     </UnitOfMeasure><QtyInPackage>לא ידוע</QtyInPackage><UnitOfMeasurePrice>0.0370</UnitOfMeasurePrice><AllowDiscount>1</AllowDiscount><ItemStatus>1</ItemStatus><ItemPrice>14.80</ItemPrice></item><item><PriceUpdateDate>2015-11-18 13:59:20</PriceUpdateDate><ItemCode>7290006775764</ItemCode><ItemType>1</ItemType><ItemName>עוגת שוקולד ציפס ללא</ItemName><ManufacturerName>אחוה</ManufacturerName><ManufactureCountry>ישראל</ManufactureCountry><ManufacturerItemDescription>עוגת שוקולד ציפס ללא</ManufacturerItemDescription><SoldByWeight/><Quantity>400.00</Quantity><UnitOfMeasure>גרם     </UnitOfMeasure><QtyInPackage>לא ידוע</QtyInPackage><UnitOfMeasurePrice>0.0413</UnitOfMeasurePrice><AllowDiscount>1</AllowDiscount><ItemStatus>1</ItemStatus><ItemPrice>16.50</ItemPrice></item><item><PriceUpdateDate>2016-05-31 06:55:58</PriceUpdateDate><ItemCode>7290006788016</ItemCode><ItemType>1</ItemType><ItemName>שמפו 10 לשיער יבש 70</ItemName><ManufacturerName>קרליין</ManufacturerName><ManufactureCountry>ישראל</ManufactureCountry><ManufacturerItemDescription>שמפו 10 לשיער יבש 70</ManufacturerItemDescription><SoldByWeight/><Quantity>700.00</Quantity><UnitOfMeasure>מ"ל</UnitOfMeasure><QtyInPackage>לא ידוע</QtyInPackage><UnitOfMeasurePrice>0.0213</UnitOfMeasurePrice><AllowDiscount>1</AllowDiscount><ItemStatus>1</ItemStatus><ItemPrice>14.90</ItemPrice></item><item><PriceUpdateDate>2016-05-31 06:55:58</PriceUpdateDate><ItemCode>7290006788030</ItemCode><ItemType>1</ItemType><ItemName>שמפו 10 לשיער מתולתל</ItemName><ManufacturerName>קרליין</ManufacturerName><ManufactureCountry>ישראל</ManufactureCountry><ManufacturerItemDescription>שמפו 10 לשיער מתולתל</ManufacturerItemDescription><SoldByWeight/><Quantity>700.00</Quantity><UnitOfMeasure>מ"ל</UnitOfMeasure><QtyInPackage>לא ידוע</QtyInPackage><UnitOfMeasurePrice>0.0213</UnitOfMeasurePrice><AllowDiscount>1</AllowDiscount><ItemStatus>1</ItemStatus><ItemPrice>14.90</ItemPrice></item><item><PriceUpdateDate>2016-05-31 06:55:59</PriceUpdateDate><ItemCode>7290006788092</ItemCode><ItemType>1</ItemType><ItemName>מרכך 10 לשיער מתולתל</ItemName><ManufacturerName>קרליין</ManufacturerName><ManufactureCountry>ישראל</ManufactureCountry><ManufacturerItemDescription>מרכך 10 לשיער מתולתל</ManufacturerItemDescription><SoldByWeight/><Quantity>700.00</Quantity><UnitOfMeasure>מ"ל</UnitOfMeasure><QtyInPackage>לא ידוע</QtyInPackage><UnitOfMeasurePrice>0.0213</UnitOfMeasurePrice><AllowDiscount>1</AllowDiscount><ItemStatus>1</ItemStatus><ItemPrice>14.90</ItemPrice></item><item><PriceUpdateDate>2016-08-02 07:39:40</PriceUpdateDate><ItemCode>7290006804051</ItemCode><ItemType>3</ItemType><ItemName>מב בורקס גבינה במשקל</ItemName><ManufacturerName>פילסברי</ManufacturerName><ManufactureCountry>ישראל</ManufactureCountry><ManufacturerItemDescription>בורקס גבינה 1 קג לאפיה</ManufacturerItemDescription><SoldByWeight/><Quantity>1.00</Quantity><UnitOfMeasure>ק"ג</UnitOfMeasure><QtyInPackage>לא ידוע</QtyInPackage><UnitOfMeasurePrice>24.9000</UnitOfMeasurePrice><AllowDiscount>1</AllowDiscount><ItemStatus>1</ItemStatus><ItemPrice>24.90</ItemPrice></item><item><PriceUpdateDate>2016-08-02 07:39:40</PriceUpdateDate><ItemCode>7290006804068</ItemCode><ItemType>3</ItemType><ItemName>מב בורקס תפו"א מאפית</ItemName><ManufacturerName>פילסברי</ManufacturerName><ManufactureCountry>ישראל</ManufactureCountry><ManufacturerItemDescription>מב בורקס תפו"א מאפית</ManufacturerItemDescription><SoldByWeight/><Quantity>1.00</Quantity><UnitOfMeasure>ק"ג</UnitOfMeasure><QtyInPackage>לא ידוע</QtyInPackage><UnitOfMeasurePrice>24.9000</UnitOfMeasurePrice><AllowDiscount>1</AllowDiscount><ItemStatus>1</ItemStatus><ItemPrice>24.90</ItemPrice></item><item><PriceUpdateDate>2016-06-28 07:37:57</PriceUpdateDate><ItemCode>7290006804075</ItemCode><ItemType>3</ItemType><ItemName>בורקיטס מאפית</ItemName><ManufacturerName>פילסברי</ManufacturerName><ManufactureCountry>ישראל</ManufactureCountry><ManufacturerItemDescription>בורקיטס מאפית</ManufacturerItemDescription><SoldByWeight/><Quantity>1.00</Quantity><UnitOfMeasure>ק"ג</UnitOfMeasure><QtyInPackage>לא ידוע</QtyInPackage><UnitOfMeasurePrice>35.0000</UnitOfMeasurePrice><AllowDiscount>1</AllowDiscount><ItemStatus>1</ItemStatus><ItemPrice>35.00</ItemPrice></item><item><PriceUpdateDate>2016-08-02 07:39:40</PriceUpdateDate><ItemCode>7290006804082</ItemCode><ItemType>3</ItemType><ItemName>מב קוראסון ביס שוקול</ItemName><ManufacturerName>פילסברי</ManufacturerName><ManufactureCountry>ישראל</ManufactureCountry><ManufacturerItemDescription>מב קוראסון ביס שוקול</ManufacturerItemDescription><SoldByWeight/><Quantity>1.00</Quantity><UnitOfMeasure>ק"ג</UnitOfMeasure><QtyInPackage>לא ידוע</QtyInPackage><UnitOfMeasurePrice>24.9000</UnitOfMeasurePrice><AllowDiscount>1</AllowDiscount><ItemStatus>1</ItemStatus><ItemPrice>24.90</ItemPrice></item><item><PriceUpdateDate>2016-06-28 07:37:57</PriceUpdateDate><ItemCode>7290006804099</ItemCode><ItemType>3</ItemType><ItemName>גביניות</ItemName><ManufacturerName>פילסברי</ManufacturerName><ManufactureCountry>ישראל</ManufactureCountry><ManufacturerItemDescription>גבניות 1 קג לאפיה</ManufacturerItemDescription><SoldByWeight/><Quantity>1.00</Quantity><UnitOfMeasure>ק"ג</UnitOfMeasure><QtyInPackage>לא ידוע</QtyInPackage><UnitOfMeasurePrice>35.7000</UnitOfMeasurePrice><AllowDiscount>1</AllowDiscount><ItemStatus>1</ItemStatus><ItemPrice>35.70</ItemPrice></item><item><PriceUpdateDate>2015-11-18 13:59:21</PriceUpdateDate><ItemCode>7290006804112</ItemCode><ItemType>3</ItemType><ItemName>מאפה כיס</ItemName><ManufacturerName>פילסברי</ManufacturerName><ManufactureCountry>ישראל</ManufactureCountry><ManufacturerItemDescription>מאפה כיס</ManufacturerItemDescription><SoldByWeight/><Quantity>1.00</Quantity><UnitOfMeasure>ק"ג</UnitOfMeasure><QtyInPackage>לא ידוע</QtyInPackage><UnitOfMeasurePrice>40.8000</UnitOfMeasurePrice><AllowDiscount>1</AllowDiscount><ItemStatus>1</ItemStatus><ItemPrice>40.80</ItemPrice></item><item><PriceUpdateDate>2016-08-02 07:35:26</PriceUpdateDate><ItemCode>7290006804143</ItemCode><ItemType>3</ItemType><ItemName>רוגלך מאפית</ItemName><ManufacturerName>פילסברי</ManufacturerName><ManufactureCountry>ישראל</ManufactureCountry><ManufacturerItemDescription>רוגלך בטעם שוקולד 1 קג</ManufacturerItemDescription><SoldByWeight/><Quantity>1.00</Quantity><UnitOfMeasure>ק"ג</UnitOfMeasure><QtyInPackage>לא ידוע</QtyInPackage><UnitOfMeasurePrice>37.0000</UnitOfMeasurePrice><AllowDiscount>1</AllowDiscount><ItemStatus>1</ItemStatus><ItemPrice>37.00</ItemPrice></item><item><PriceUpdateDate>2014-11-10 06:30:28</PriceUpdateDate><ItemCode>7290006804174</ItemCode><ItemType>3</ItemType><ItemName>מאפה שנק 1 ק''ג קינמ</ItemName><ManufacturerName>פילסברי</ManufacturerName><ManufactureCountry>ישראל</ManufactureCountry><ManufacturerItemDescription>מאפה שנק 1 ק''ג קינמ</ManufacturerItemDescription><SoldByWeight/><Quantity>1.00</Quantity><UnitOfMeasure>ק"ג</UnitOfMeasure><QtyInPackage>לא ידוע</QtyInPackage><UnitOfMeasurePrice>35.0000</UnitOfMeasurePrice><AllowDiscount>1</AllowDiscount><ItemStatus>1</ItemStatus><ItemPrice>35.00</ItemPrice></item><item><PriceUpdateDate>2015-11-18 13:59:21</PriceUpdateDate><ItemCode>7290006804198</ItemCode><ItemType>3</ItemType><ItemName>מאפה פלמה 1 ק''ג קרם</ItemName><ManufacturerName>פילסברי</ManufacturerName><ManufactureCountry>ישראל</ManufactureCountry><ManufacturerItemDescription>מאפה פלמה קרם שניט 1 קג</ManufacturerItemDescription><SoldByWeight/><Quantity>1.00</Quantity><UnitOfMeasure>ק"ג</UnitOfMeasure><QtyInPackage>לא ידוע</QtyInPackage><UnitOfMeasurePrice>40.8000</UnitOfMeasurePrice><AllowDiscount>1</AllowDiscount><ItemStatus>1</ItemStatus><ItemPrice>40.80</ItemPrice></item><item><PriceUpdateDate>2015-10-22 10:37:28</PriceUpdateDate><ItemCode>7290006804457</ItemCode><ItemType>3</ItemType><ItemName>פילס פיצה</ItemName><ManufacturerName>פילסברי</ManufacturerName><ManufactureCountry>ישראל</ManufactureCountry><ManufacturerItemDescription>בורקס פילס פיצה 1 קג לאפי</ManufacturerItemDescription><SoldByWeight/><Quantity>1.00</Quantity><UnitOfMeasure>ק"ג</UnitOfMeasure><QtyInPackage>לא ידוע</QtyInPackage><UnitOfMeasurePrice>40.8000</UnitOfMeasurePrice><AllowDiscount>1</AllowDiscount><ItemStatus>1</ItemStatus><ItemPrice>40.80</ItemPrice></item><item><PriceUpdateDate>2015-11-18 13:59:22</PriceUpdateDate><ItemCode>7290006804785</ItemCode><ItemType>1</ItemType><ItemName>עוגת שמרים גבינה</ItemName><ManufacturerName>פילסברי</ManufacturerName><ManufactureCountry>ישראל</ManufactureCountry><ManufacturerItemDescription>עוגת שמרים גבינה</ManufacturerItemDescription><SoldByWeight/><Quantity>1000.00</Quantity><UnitOfMeasure>ק"ג     </UnitOfMeasure><QtyInPackage>לא ידוע</QtyInPackage><UnitOfMeasurePrice>0.0206</UnitOfMeasurePrice><AllowDiscount>1</AllowDiscount><ItemStatus>1</ItemStatus><ItemPrice>20.60</ItemPrice></item><item><PriceUpdateDate>2016-03-09 10:54:04</PriceUpdateDate><ItemCode>7290006805355</ItemCode><ItemType>1</ItemType><ItemName>תערובת להכנת כדורי ש</ItemName><ManufacturerName>ליימן חטיבת המותגים</ManufacturerName><ManufactureCountry>ישראל</ManufactureCountry><ManufacturerItemDescription>תערובת לכדורי שוקולד 500</ManufacturerItemDescription><SoldByWeight/><Quantity>500.00</Quantity><UnitOfMeasure>גרם     </UnitOfMeasure><QtyInPackage>לא ידוע</QtyInPackage><UnitOfMeasurePrice>0.0398</UnitOfMeasurePrice><AllowDiscount>1</AllowDiscount><ItemStatus>1</ItemStatus><ItemPrice>19.90</ItemPrice></item><item><PriceUpdateDate>2015-10-11 20:34:33</PriceUpdateDate><ItemCode>7290006805362</ItemCode><ItemType>1</ItemType><ItemName>חצי באגט 180 גרם</ItemName><ManufacturerName>פילסברי</ManufacturerName><ManufactureCountry>ישראל</ManufactureCountry><ManufacturerItemDescription>חצי באגט 180 גרם</ManufacturerItemDescription><SoldByWeight/><Quantity>1000.00</Quantity><UnitOfMeasure>ק"ג     </UnitOfMeasure><QtyInPackage>לא ידוע</QtyInPackage><UnitOfMeasurePrice>0.0039</UnitOfMeasurePrice><AllowDiscount>1</AllowDiscount><ItemStatus>1</ItemStatus><ItemPrice>3.90</ItemPrice></item><item><PriceUpdateDate>2015-11-18 13:59:22</PriceUpdateDate><ItemCode>7290006805379</ItemCode><ItemType>1</ItemType><ItemName>שליש בגט</ItemName><ManufacturerName>פילסברי</ManufacturerName><ManufactureCountry>ישראל</ManufactureCountry><ManufacturerItemDescription>שליש בגט</ManufacturerItemDescription><SoldByWeight/><Quantity>1000.00</Quantity><UnitOfMeasure>ק"ג     </UnitOfMeasure><QtyInPackage>לא ידוע</QtyInPackage><UnitOfMeasurePrice>0.0028</UnitOfMeasurePrice><AllowDiscount>1</AllowDiscount><ItemStatus>1</ItemStatus><ItemPrice>2.80</ItemPrice></item><item><PriceUpdateDate>2015-10-22 10:37:28</PriceUpdateDate><ItemCode>7290006805386</ItemCode><ItemType>1</ItemType><ItemName>שליש באגט כפרי</ItemName><ManufacturerName>פילסברי</ManufacturerName><ManufactureCountry>ישראל</ManufactureCountry><ManufacturerItemDescription>שליש באגט כפרי</ManufacturerItemDescription><SoldByWeight/><Quantity>1000.00</Quantity><UnitOfMeasure>ק"ג     </UnitOfMeasure><QtyInPackage>לא ידוע</QtyInPackage><UnitOfMeasurePrice>0.0031</UnitOfMeasurePrice><AllowDiscount>1</AllowDiscount><ItemStatus>1</ItemStatus><ItemPrice>3.10</ItemPrice></item><item><PriceUpdateDate>2015-10-11 20:34:33</PriceUpdateDate><ItemCode>7290006805911</ItemCode><ItemType>1</ItemType><ItemName>לחמניה פטיט פאן לבן</ItemName><ManufacturerName>פילסברי</ManufacturerName><ManufactureCountry>ישראל</ManufactureCountry><ManufacturerItemDescription>לחמניה פטיט פאן לבן</ManufacturerItemDescription><SoldByWeight/><Quantity>1000.00</Quantity><UnitOfMeasure>ק"ג     </UnitOfMeasure><QtyInPackage>לא ידוע</QtyInPackage><UnitOfMeasurePrice>0.0017</UnitOfMeasurePrice><AllowDiscount>1</AllowDiscount><ItemStatus>1</ItemStatus><ItemPrice>1.70</ItemPrice></item><item><PriceUpdateDate>2015-10-22 10:37:28</PriceUpdateDate><ItemCode>7290006806963</ItemCode><ItemType>1</ItemType><ItemName>חלה מתוקה קלועה חצי</ItemName><ManufacturerName>פילסברי</ManufacturerName><ManufactureCountry>ישראל</ManufactureCountry><ManufacturerItemDescription>חלה קלועה מתוקה אפויה 570</ManufacturerItemDescription><SoldByWeight/><Quantity>1000.00</Quantity><UnitOfMeasure>ק"ג     </UnitOfMeasure><QtyInPackage>לא ידוע</QtyInPackage><UnitOfMeasurePrice>0.0124</UnitOfMeasurePrice><AllowDiscount>1</AllowDiscount><ItemStatus>1</ItemStatus><ItemPrice>12.40</ItemPrice></item><item><PriceUpdateDate>2014-11-10 06:30:38</PriceUpdateDate><ItemCode>7290006811455</ItemCode><ItemType>3</ItemType><ItemName>חציל תאילנדי</ItemName><ManufacturerName>סלטי שמיר</ManufacturerName><ManufactureCountry>ישראל</ManufactureCountry><ManufacturerItemDescription>חציל תאילנדי</ManufacturerItemDescription><SoldByWeight/><Quantity>1.00</Quantity><UnitOfMeasure>ק"ג</UnitOfMeasure><QtyInPackage>לא ידוע</QtyInPackage><UnitOfMeasurePrice>46.0000</UnitOfMeasurePrice><AllowDiscount>1</AllowDiscount><ItemStatus>1</ItemStatus><ItemPrice>46.00</ItemPrice></item><item><PriceUpdateDate>2014-11-10 06:30:38</PriceUpdateDate><ItemCode>7290006811998</ItemCode><ItemType>3</ItemType><ItemName>כרוב כבוש במשקל</ItemName><ManufacturerName>סלטי שמיר</ManufacturerName><ManufactureCountry>ישראל</ManufactureCountry><ManufacturerItemDescription>כרוב כבוש במשקל</ManufacturerItemDescription><SoldByWeight/><Quantity>1.00</Quantity><UnitOfMeasure>ק"ג</UnitOfMeasure><QtyInPackage>לא ידוע</QtyInPackage><UnitOfMeasurePrice>25.0000</UnitOfMeasurePrice><AllowDiscount>1</AllowDiscount><ItemStatus>1</ItemStatus><ItemPrice>25.00</ItemPrice></item><item><PriceUpdateDate>2016-02-01 20:44:37</PriceUpdateDate><ItemCode>7290006822192</ItemCode><ItemType>1</ItemType><ItemName>נקטר חמוציות דיאט 1</ItemName><ManufacturerName>אושן ספרי</ManufacturerName><ManufactureCountry>ישראל</ManufactureCountry><ManufacturerItemDescription>נקטר חמוציות דיאט 1 ליטר</ManufacturerItemDescription><SoldByWeight/><Quantity>1000.00</Quantity><UnitOfMeasure>מ"ל</UnitOfMeasure><QtyInPackage>לא ידוע</QtyInPackage><UnitOfMeasurePrice>0.0132</UnitOfMeasurePrice><AllowDiscount>1</AllowDiscount><ItemStatus>1</ItemStatus><ItemPrice>13.20</ItemPrice></item><item><PriceUpdateDate>2016-02-11 08:21:17</PriceUpdateDate><ItemCode>7290006869449</ItemCode><ItemType>1</ItemType><ItemName>לבן 3% 150 מ"ל</ItemName><ManufacturerName>טרה</ManufacturerName><ManufactureCountry>ישראל</ManufactureCountry><ManufacturerItemDescription>לבן 3% 150 מ"ל</ManufacturerItemDescription><SoldByWeight/><Quantity>150.00</Quantity><UnitOfMeasure>מ"ל</UnitOfMeasure><QtyInPackage>לא ידוע</QtyInPackage><UnitOfMeasurePrice>0.0070</UnitOfMeasurePrice><AllowDiscount>1</AllowDiscount><ItemStatus>1</ItemStatus><ItemPrice>1.05</ItemPrice></item><item><PriceUpdateDate>2016-06-15 08:33:16</PriceUpdateDate><ItemCode>7290006941176</ItemCode><ItemType>1</ItemType><ItemName>כוס שתייה קרה שקוף 1</ItemName><ManufacturerName>"המותג"</ManufacturerName><ManufactureCountry>ישראל</ManufactureCountry><ManufacturerItemDescription>כוס שתייה קרה שקוף 1</ManufacturerItemDescription><SoldByWeight/><Quantity>1.00</Quantity><UnitOfMeasure>יח'</UnitOfMeasure><QtyInPackage>לא ידוע</QtyInPackage><UnitOfMeasurePrice>3.9000</UnitOfMeasurePrice><AllowDiscount>1</AllowDiscount><ItemStatus>1</ItemStatus><ItemPrice>3.90</ItemPrice></item><item><PriceUpdateDate>2016-03-15 15:45:01</PriceUpdateDate><ItemCode>7290006941237</ItemCode><ItemType>1</ItemType><ItemName>לפתניה 25 יח' צבעוני</ItemName><ManufacturerName>"המותג"</ManufacturerName><ManufactureCountry>ישראל</ManufactureCountry><ManufacturerItemDescription>לפתניה 25 יח' צבעוני</ManufacturerItemDescription><SoldByWeight/><Quantity>25.00</Quantity><UnitOfMeasure>יח</UnitOfMeasure><QtyInPackage>לא ידוע</QtyInPackage><UnitOfMeasurePrice>0.1560</UnitOfMeasurePrice><AllowDiscount>1</AllowDiscount><ItemStatus>1</ItemStatus><ItemPrice>3.90</ItemPrice></item><item><PriceUpdateDate>2016-06-28 09:29:14</PriceUpdateDate><ItemCode>7290006941510</ItemCode><ItemType>1</ItemType><ItemName>מגש עגול צבעוני בינו</ItemName><ManufacturerName>"המותג"</ManufacturerName><ManufactureCountry>ישראל</ManufactureCountry><ManufacturerItemDescription>מגש עגול צבעוני בינו</ManufacturerItemDescription><SoldByWeight/><Quantity>1.00</Quantity><UnitOfMeasure>יח'</UnitOfMeasure><QtyInPackage>לא ידוע</QtyInPackage><UnitOfMeasurePrice>10.9000</UnitOfMeasurePrice><AllowDiscount>1</AllowDiscount><ItemStatus>1</ItemStatus><ItemPrice>10.90</ItemPrice></item><item><PriceUpdateDate>2015-11-18 13:59:24</PriceUpdateDate><ItemCode>7290006982704</ItemCode><ItemType>1</ItemType><ItemName>חטיף ציפסי מארז 10 י</ItemName><ManufacturerName>ציפסי</ManufacturerName><ManufactureCountry>ישראל</ManufactureCountry><ManufacturerItemDescription>חטיף ציפסי מארז 10 י</ManufacturerItemDescription><SoldByWeight/><Quantity>200.00</Quantity><UnitOfMeasure>גרם     </UnitOfMeasure><QtyInPackage>לא ידוע</QtyInPackage><UnitOfMeasurePrice>0.0935</UnitOfMeasurePrice><AllowDiscount>1</AllowDiscount><ItemStatus>1</ItemStatus><ItemPrice>18.70</ItemPrice></item><item><PriceUpdateDate>2015-10-22 10:37:29</PriceUpdateDate><ItemCode>7290006983152</ItemCode><ItemType>1</ItemType><ItemName>קרוטונים מתובלים למר</ItemName><ManufacturerName>אסם</ManufacturerName><ManufactureCountry>ישראל</ManufactureCountry><ManufacturerItemDescription>קרוטונים מתובלים למר</ManufacturerItemDescription><SoldByWeight/><Quantity>400.00</Quantity><UnitOfMeasure>גרם     </UnitOfMeasure><QtyInPackage>לא ידוע</QtyInPackage><UnitOfMeasurePrice>0.0525</UnitOfMeasurePrice><AllowDiscount>1</AllowDiscount><ItemStatus>1</ItemStatus><ItemPrice>21.00</ItemPrice></item><item><PriceUpdateDate>2016-08-02 07:35:27</PriceUpdateDate><ItemCode>7290006983176</ItemCode><ItemType>1</ItemType><ItemName>לחמית שיפון  230 גרם</ItemName><ManufacturerName>לחמית</ManufacturerName><ManufactureCountry>ישראל</ManufactureCountry><ManufacturerItemDescription>לחמית עם שיפון 230 גרם</ManufacturerItemDescription><SoldByWeight/><Quantity>230.00</Quantity><UnitOfMeasure>גרם     </UnitOfMeasure><QtyInPackage>לא ידוע</QtyInPackage><UnitOfMeasurePrice>0.0430</UnitOfMeasurePrice><AllowDiscount>1</AllowDiscount><ItemStatus>1</ItemStatus><ItemPrice>9.90</ItemPrice></item><item><PriceUpdateDate>2016-03-01 06:13:46</PriceUpdateDate><ItemCode>7290006983527</ItemCode><ItemType>1</ItemType><ItemName>עוגת הבית תפוחים פיר</ItemName><ManufacturerName>אסם</ManufacturerName><ManufactureCountry>ישראל</ManufactureCountry><ManufacturerItemDescription>עוגת הבית תפוחים פיר</ManufacturerItemDescription><SoldByWeight/><Quantity>400.00</Quantity><UnitOfMeasure>גרם     </UnitOfMeasure><QtyInPackage>לא ידוע</QtyInPackage><UnitOfMeasurePrice>0.0472</UnitOfMeasurePrice><AllowDiscount>1</AllowDiscount><ItemStatus>1</ItemStatus><ItemPrice>18.90</ItemPrice></item><item><PriceUpdateDate>2016-05-31 07:02:55</PriceUpdateDate><ItemCode>7290006983763</ItemCode><ItemType>1</ItemType><ItemName>עוגת הבית שוקולד 400</ItemName><ManufacturerName>עוגות הבית</ManufacturerName><ManufactureCountry>ישראל</ManufactureCountry><ManufacturerItemDescription>עוגת הבית שוקולד 400 גר</ManufacturerItemDescription><SoldByWeight/><Quantity>400.00</Quantity><UnitOfMeasure>גרם     </UnitOfMeasure><QtyInPackage>לא ידוע</QtyInPackage><UnitOfMeasurePrice>0.0273</UnitOfMeasurePrice><AllowDiscount>0</AllowDiscount><ItemStatus>1</ItemStatus><ItemPrice>10.90</ItemPrice></item><item><PriceUpdateDate>2016-05-31 07:02:55</PriceUpdateDate><ItemCode>7290006983770</ItemCode><ItemType>1</ItemType><ItemName>עוגת הבית שיש 400 גר</ItemName><ManufacturerName>אסם</ManufacturerName><ManufactureCountry>ישראל</ManufactureCountry><ManufacturerItemDescription>עוגת הבית שיש 400 גרם</ManufacturerItemDescription><SoldByWeight/><Quantity>400.00</Quantity><UnitOfMeasure>גרם     </UnitOfMeasure><QtyInPackage>לא ידוע</QtyInPackage><UnitOfMeasurePrice>0.0273</UnitOfMeasurePrice><AllowDiscount>0</AllowDiscount><ItemStatus>1</ItemStatus><ItemPrice>10.90</ItemPrice></item><item><PriceUpdateDate>2016-05-31 07:02:56</PriceUpdateDate><ItemCode>7290006983787</ItemCode><ItemType>1</ItemType><ItemName>עוגת הבית שוקוצ'יפס</ItemName><ManufacturerName>עוגות הבית</ManufacturerName><ManufactureCountry>ישראל</ManufactureCountry><ManufacturerItemDescription>עוגת הבית שוקוציפס 400 גר</ManufacturerItemDescription><SoldByWeight/><Quantity>400.00</Quantity><UnitOfMeasure>גרם     </UnitOfMeasure><QtyInPackage>לא ידוע</QtyInPackage><UnitOfMeasurePrice>0.0273</UnitOfMeasurePrice><AllowDiscount>0</AllowDiscount><ItemStatus>1</ItemStatus><ItemPrice>10.90</ItemPrice></item><item><PriceUpdateDate>2016-05-31 07:02:56</PriceUpdateDate><ItemCode>7290006983794</ItemCode><ItemType>1</ItemType><ItemName>עוגת הבית תפוז 400 ג</ItemName><ManufacturerName>עוגות הבית</ManufacturerName><ManufactureCountry>ישראל</ManufactureCountry><ManufacturerItemDescription>עוגת הבית תפוז 400 גר</ManufacturerItemDescription><SoldByWeight/><Quantity>400.00</Quantity><UnitOfMeasure>גרם     </UnitOfMeasure><QtyInPackage>לא ידוע</QtyInPackage><UnitOfMeasurePrice>0.0273</UnitOfMeasurePrice><AllowDiscount>0</AllowDiscount><ItemStatus>1</ItemStatus><ItemPrice>10.90</ItemPrice></item><item><PriceUpdateDate>2016-05-31 07:02:56</PriceUpdateDate><ItemCode>7290006992161</ItemCode><ItemType>1</ItemType><ItemName>דייסת מטרנה קורנפלור</ItemName><ManufacturerName>מטרנה</ManufacturerName><ManufactureCountry>ישראל</ManufactureCountry><ManufacturerItemDescription>דייסת קורנפלור מטרנה 200</ManufacturerItemDescription><SoldByWeight/><Quantity>200.00</Quantity><UnitOfMeasure>גרם     </UnitOfMeasure><QtyInPackage>לא ידוע</QtyInPackage><UnitOfMeasurePrice>0.0725</UnitOfMeasurePrice><AllowDiscount>1</AllowDiscount><ItemStatus>1</ItemStatus><ItemPrice>14.50</ItemPrice></item><item><PriceUpdateDate>2016-05-31 07:02:56</PriceUpdateDate><ItemCode>7290006992208</ItemCode><ItemType>1</ItemType><ItemName>דייסת מטרנה דגנים מע</ItemName><ManufacturerName>מטרנה</ManufacturerName><ManufactureCountry>ישראל</ManufactureCountry><ManufacturerItemDescription>דייסת דגנים מעורבים 200 ג</ManufacturerItemDescription><SoldByWeight/><Quantity>200.00</Quantity><UnitOfMeasure>גרם     </UnitOfMeasure><QtyInPackage>לא ידוע</QtyInPackage><UnitOfMeasurePrice>0.0725</UnitOfMeasurePrice><AllowDiscount>1</AllowDiscount><ItemStatus>1</ItemStatus><ItemPrice>14.50</ItemPrice></item><item><PriceUpdateDate>2016-05-31 07:02:56</PriceUpdateDate><ItemCode>7290006992390</ItemCode><ItemType>1</ItemType><ItemName>דייסת מטרנה וניל בד"</ItemName><ManufacturerName>מטרנה</ManufacturerName><ManufactureCountry>ישראל</ManufactureCountry><ManufacturerItemDescription>דייסת וניל מטרנה 200 גרם</ManufacturerItemDescription><SoldByWeight/><Quantity>200.00</Quantity><UnitOfMeasure>גרם     </UnitOfMeasure><QtyInPackage>לא ידוע</QtyInPackage><UnitOfMeasurePrice>0.0725</UnitOfMeasurePrice><AllowDiscount>1</AllowDiscount><ItemStatus>1</ItemStatus><ItemPrice>14.50</ItemPrice></item><item><PriceUpdateDate>2014-11-10 06:29:41</PriceUpdateDate><ItemCode>7290008018678</ItemCode><ItemType>1</ItemType><ItemName>שמפו פינוק לילדים 2</ItemName><ManufacturerName>לא ידוע</ManufacturerName><ManufactureCountry>ישראל</ManufactureCountry><ManufacturerItemDescription>שמפו פינוק לילדים 2</ManufacturerItemDescription><SoldByWeight/><Quantity>700.00</Quantity><UnitOfMeasure>מ"ל</UnitOfMeasure><QtyInPackage>לא ידוע</QtyInPackage><UnitOfMeasurePrice>0.0247</UnitOfMeasurePrice><AllowDiscount>1</AllowDiscount><ItemStatus>1</ItemStatus><ItemPrice>17.30</ItemPrice></item><item><PriceUpdateDate>2016-03-29 07:04:58</PriceUpdateDate><ItemCode>7290008021050</ItemCode><ItemType>1</ItemType><ItemName>שמפו פינוק לשיער יבש</ItemName><ManufacturerName>פינוק</ManufacturerName><ManufactureCountry>ישראל</ManufactureCountry><ManufacturerItemDescription>שמפו פינוק לשיער יבש</ManufacturerItemDescription><SoldByWeight/><Quantity>700.00</Quantity><UnitOfMeasure>מ"ל</UnitOfMeasure><QtyInPackage>לא ידוע</QtyInPackage><UnitOfMeasurePrice>0.0184</UnitOfMeasurePrice><AllowDiscount>1</AllowDiscount><ItemStatus>1</ItemStatus><ItemPrice>12.90</ItemPrice></item><item><PriceUpdateDate>2016-03-29 07:04:59</PriceUpdateDate><ItemCode>7290008021104</ItemCode><ItemType>1</ItemType><ItemName>מרכך פינוק לשיער רגי</ItemName><ManufacturerName>פינוק</ManufacturerName><ManufactureCountry>ישראל</ManufactureCountry><ManufacturerItemDescription>מרכך פינוק לשיער רגי</ManufacturerItemDescription><SoldByWeight/><Quantity>700.00</Quantity><UnitOfMeasure>מ"ל</UnitOfMeasure><QtyInPackage>לא ידוע</QtyInPackage><UnitOfMeasurePrice>0.0184</UnitOfMeasurePrice><AllowDiscount>1</AllowDiscount><ItemStatus>1</ItemStatus><ItemPrice>12.90</ItemPrice></item><item><PriceUpdateDate>2016-03-29 07:04:59</PriceUpdateDate><ItemCode>7290008021111</ItemCode><ItemType>1</ItemType><ItemName>מרכך פינוק לשיער יבש</ItemName><ManufacturerName>פינוק</ManufacturerName><ManufactureCountry>ישראל</ManufactureCountry><ManufacturerItemDescription>מרכך פינוק לשיער יבש</ManufacturerItemDescription><SoldByWeight/><Quantity>700.00</Quantity><UnitOfMeasure>מ"ל</UnitOfMeasure><QtyInPackage>לא ידוע</QtyInPackage><UnitOfMeasurePrice>0.0184</UnitOfMeasurePrice><AllowDiscount>1</AllowDiscount><ItemStatus>1</ItemStatus><ItemPrice>12.90</ItemPrice></item><item><PriceUpdateDate>2016-03-29 07:04:59</PriceUpdateDate><ItemCode>7290008021135</ItemCode><ItemType>1</ItemType><ItemName>שמפו פינוק לשיער רגי</ItemName><ManufacturerName>פינוק</ManufacturerName><ManufactureCountry>ישראל</ManufactureCountry><ManufacturerItemDescription>שמפו פינוק לשיער רגי</ManufacturerItemDescription><SoldByWeight/><Quantity>700.00</Quantity><UnitOfMeasure>מ"ל</UnitOfMeasure><QtyInPackage>לא ידוע</QtyInPackage><UnitOfMeasurePrice>0.0184</UnitOfMeasurePrice><AllowDiscount>1</AllowDiscount><ItemStatus>1</ItemStatus><ItemPrice>12.90</ItemPrice></item><item><PriceUpdateDate>2016-05-01 08:13:37</PriceUpdateDate><ItemCode>7290008023542</ItemCode><ItemType>1</ItemType><ItemName>פנטסטיק סיף שמפו לרצ</ItemName><ManufacturerName>סיף</ManufacturerName><ManufactureCountry>ישראל</ManufactureCountry><ManufacturerItemDescription>פנטסטיק סיף שמפו לרצ</ManufacturerItemDescription><SoldByWeight/><Quantity>4000.00</Quantity><UnitOfMeasure>מ"ל</UnitOfMeasure><QtyInPackage>לא ידוע</QtyInPackage><UnitOfMeasurePrice>0.0060</UnitOfMeasurePrice><AllowDiscount>1</AllowDiscount><ItemStatus>1</ItemStatus><ItemPrice>24.00</ItemPrice></item><item><PriceUpdateDate>2016-08-02 07:39:41</PriceUpdateDate><ItemCode>7290008096317</ItemCode><ItemType>1</ItemType><ItemName>מב משחת שיניים פרודו</ItemName><ManufacturerName>פרודונטקס</ManufacturerName><ManufactureCountry>ישראל</ManufactureCountry><ManufacturerItemDescription>מב משחת שיניים פרודו</ManufacturerItemDescription><SoldByWeight/><Quantity>75.00</Quantity><UnitOfMeasure>מ"ל</UnitOfMeasure><QtyInPackage>לא ידוע</QtyInPackage><UnitOfMeasurePrice>0.2387</UnitOfMeasurePrice><AllowDiscount>1</AllowDiscount><ItemStatus>1</ItemStatus><ItemPrice>17.90</ItemPrice></item><item><PriceUpdateDate>2016-03-29 07:04:59</PriceUpdateDate><ItemCode>7290008142540</ItemCode><ItemType>1</ItemType><ItemName>מארז מי פה ליסטרין פ</ItemName><ManufacturerName>ליסטרין</ManufacturerName><ManufactureCountry>ארצות הברית</ManufactureCountry><ManufacturerItemDescription>מר מאסל רב שימושי 750 מל</ManufacturerItemDescription><SoldByWeight/><Quantity>750.00</Quantity><UnitOfMeasure>מ"ל</UnitOfMeasure><QtyInPackage>לא ידוע</QtyInPackage><UnitOfMeasurePrice>0.0665</UnitOfMeasurePrice><AllowDiscount>1</AllowDiscount><ItemStatus>1</ItemStatus><ItemPrice>49.90</ItemPrice></item><item><PriceUpdateDate>2016-07-25 09:01:24</PriceUpdateDate><ItemCode>7290008154222</ItemCode><ItemType>1</ItemType><ItemName>מב שניצלונים עוף טוב</ItemName><ManufacturerName>עוף טוב</ManufacturerName><ManufactureCountry>ישראל</ManufactureCountry><ManufacturerItemDescription>שניצלונים 700 גרם</ManufacturerItemDescription><SoldByWeight/><Quantity>700.00</Quantity><UnitOfMeasure>גרם     </UnitOfMeasure><QtyInPackage>לא ידוע</QtyInPackage><UnitOfMeasurePrice>0.0170</UnitOfMeasurePrice><AllowDiscount>1</AllowDiscount><ItemStatus>1</ItemStatus><ItemPrice>11.90</ItemPrice></item><item><PriceUpdateDate>2016-08-02 07:39:41</PriceUpdateDate><ItemCode>7290008175494</ItemCode><ItemType>1</ItemType><ItemName>מב ממרח חמאה לורפק ע</ItemName><ManufacturerName>לורפק</ManufacturerName><ManufactureCountry>ישראל</ManufactureCountry><ManufacturerItemDescription>ממרח חמאה 250 גר LURPAKעם</ManufacturerItemDescription><SoldByWeight/><Quantity>250.00</Quantity><UnitOfMeasure>גרם     </UnitOfMeasure><QtyInPackage>לא ידוע</QtyInPackage><UnitOfMeasurePrice>0.0480</UnitOfMeasurePrice><AllowDiscount>1</AllowDiscount><ItemStatus>1</ItemStatus><ItemPrice>12.00</ItemPrice></item><item><PriceUpdateDate>2014-11-10 06:29:43</PriceUpdateDate><ItemCode>7290008175807</ItemCode><ItemType>3</ItemType><ItemName>פלפלים ממולאים בגבינ</ItemName><ManufacturerName>וילי פוד</ManufacturerName><ManufactureCountry>ישראל</ManufactureCountry><ManufacturerItemDescription>פלפלים ממולאים בגבינ</ManufacturerItemDescription><SoldByWeight/><Quantity>1.00</Quantity><UnitOfMeasure>ק"ג</UnitOfMeasure><QtyInPackage>לא ידוע</QtyInPackage><UnitOfMeasurePrice>150.0000</UnitOfMeasurePrice><AllowDiscount>1</AllowDiscount><ItemStatus>1</ItemStatus><ItemPrice>150.00</ItemPrice></item><item><PriceUpdateDate>2016-05-31 07:02:56</PriceUpdateDate><ItemCode>7290008175814</ItemCode><ItemType>1</ItemType><ItemName>פטריות חתוכות 400 גר</ItemName><ManufacturerName>לא ממותג</ManufacturerName><ManufactureCountry>ישראל</ManufactureCountry><ManufacturerItemDescription>פטריות חתוכות 8 אונז 400</ManufacturerItemDescription><SoldByWeight/><Quantity>330.00</Quantity><UnitOfMeasure>גרם     </UnitOfMeasure><QtyInPackage>לא ידוע</QtyInPackage><UnitOfMeasurePrice>0.0142</UnitOfMeasurePrice><AllowDiscount>1</AllowDiscount><ItemStatus>1</ItemStatus><ItemPrice>4.70</ItemPrice></item><item><PriceUpdateDate>2016-05-31 06:56:02</PriceUpdateDate><ItemCode>7290008175913</ItemCode><ItemType>1</ItemType><ItemName>רביעיית טונה ויליפוד</ItemName><ManufacturerName>וילי פוד</ManufacturerName><ManufactureCountry>ישראל</ManufactureCountry><ManufacturerItemDescription>רביעיית טונה ויליפוד</ManufacturerItemDescription><SoldByWeight/><Quantity>640.00</Quantity><UnitOfMeasure>גרם     </UnitOfMeasure><QtyInPackage>לא ידוע</QtyInPackage><UnitOfMeasurePrice>0.0373</UnitOfMeasurePrice><AllowDiscount>1</AllowDiscount><ItemStatus>1</ItemStatus><ItemPrice>23.90</ItemPrice></item><item><PriceUpdateDate>2016-02-18 11:10:33</PriceUpdateDate><ItemCode>7290008190664</ItemCode><ItemType>1</ItemType><ItemName>וופל אגו חלב 130 גרם</ItemName><ManufacturerName>אגו</ManufacturerName><ManufactureCountry>ישראל</ManufactureCountry><ManufacturerItemDescription>וופל אגו חלב 130 גרם</ManufacturerItemDescription><SoldByWeight/><Quantity>130.00</Quantity><UnitOfMeasure>גרם     </UnitOfMeasure><QtyInPackage>לא ידוע</QtyInPackage><UnitOfMeasurePrice>0.0762</UnitOfMeasurePrice><AllowDiscount>1</AllowDiscount><ItemStatus>1</ItemStatus><ItemPrice>9.90</ItemPrice></item><item><PriceUpdateDate>2016-08-02 07:39:41</PriceUpdateDate><ItemCode>7290008190985</ItemCode><ItemType>1</ItemType><ItemName>מב לקקן גלידה 50 יח'</ItemName><ManufacturerName>לני</ManufacturerName><ManufactureCountry>ישראל</ManufactureCountry><ManufacturerItemDescription>מב לקקן גלידה 50 יח'</ManufacturerItemDescription><SoldByWeight/><Quantity>450.00</Quantity><UnitOfMeasure>גרם     </UnitOfMeasure><QtyInPackage>לא ידוע</QtyInPackage><UnitOfMeasurePrice>0.0376</UnitOfMeasurePrice><AllowDiscount>1</AllowDiscount><ItemStatus>1</ItemStatus><ItemPrice>16.90</ItemPrice></item><item><PriceUpdateDate>2016-03-01 06:13:47</PriceUpdateDate><ItemCode>7290008330459</ItemCode><ItemType>1</ItemType><ItemName>קרם ידיים דאב 100 מ"</ItemName><ManufacturerName>דאב</ManufacturerName><ManufactureCountry>ישראל</ManufactureCountry><ManufacturerItemDescription>קרם ידיים דאב 100 מ"</ManufacturerItemDescription><SoldByWeight/><Quantity>100.00</Quantity><UnitOfMeasure>מ"ל</UnitOfMeasure><QtyInPackage>לא ידוע</QtyInPackage><UnitOfMeasurePrice>0.1340</UnitOfMeasurePrice><AllowDiscount>1</AllowDiscount><ItemStatus>1</ItemStatus><ItemPrice>13.40</ItemPrice></item><item><PriceUpdateDate>2015-11-18 13:59:24</PriceUpdateDate><ItemCode>7290008333115</ItemCode><ItemType>1</ItemType><ItemName>ג'לטין טהור ויליגר 2</ItemName><ManufacturerName>ויליגר</ManufacturerName><ManufactureCountry>ישראל</ManufactureCountry><ManufacturerItemDescription>גלטין טהור 28 גר</ManufacturerItemDescription><SoldByWeight/><Quantity>14.00</Quantity><UnitOfMeasure>גרם     </UnitOfMeasure><QtyInPackage>לא ידוע</QtyInPackage><UnitOfMeasurePrice>0.7286</UnitOfMeasurePrice><AllowDiscount>1</AllowDiscount><ItemStatus>1</ItemStatus><ItemPrice>10.20</ItemPrice></item><item><PriceUpdateDate>2015-11-02 20:39:54</PriceUpdateDate><ItemCode>7290008335560</ItemCode><ItemType>1</ItemType><ItemName>סיגרים 600 גרם במילו</ItemName><ManufacturerName>שלושת האופים</ManufacturerName><ManufactureCountry>ישראל</ManufactureCountry><ManufacturerItemDescription>סיגרים במילוי בשר 600 גרם</ManufacturerItemDescription><SoldByWeight/><Quantity>600.00</Quantity><UnitOfMeasure>גרם     </UnitOfMeasure><QtyInPackage>לא ידוע</QtyInPackage><UnitOfMeasurePrice>0.0182</UnitOfMeasurePrice><AllowDiscount>1</AllowDiscount><ItemStatus>1</ItemStatus><ItemPrice>10.90</ItemPrice></item><item><PriceUpdateDate>2015-11-02 20:39:54</PriceUpdateDate><ItemCode>7290008335577</ItemCode><ItemType>1</ItemType><ItemName>פסטלים  600 גרם תפו"</ItemName><ManufacturerName>שלושת האופים</ManufacturerName><ManufactureCountry>ישראל</ManufactureCountry><ManufacturerItemDescription>פסטלים תפוא 600 גרם</ManufacturerItemDescription><SoldByWeight/><Quantity>600.00</Quantity><UnitOfMeasure>גרם     </UnitOfMeasure><QtyInPackage>לא ידוע</QtyInPackage><UnitOfMeasurePrice>0.0182</UnitOfMeasurePrice><AllowDiscount>1</AllowDiscount><ItemStatus>1</ItemStatus><ItemPrice>10.90</ItemPrice></item><item><PriceUpdateDate>2015-11-02 20:39:54</PriceUpdateDate><ItemCode>7290008335584</ItemCode><ItemType>1</ItemType><ItemName>סיגרים 600 גרם במילו</ItemName><ManufacturerName>שלושת האופים</ManufacturerName><ManufactureCountry>ישראל</ManufactureCountry><ManufacturerItemDescription>סיגרים במילוי תפא 600 גרם</ManufacturerItemDescription><SoldByWeight/><Quantity>600.00</Quantity><UnitOfMeasure>גרם     </UnitOfMeasure><QtyInPackage>לא ידוע</QtyInPackage><UnitOfMeasurePrice>0.0182</UnitOfMeasurePrice><AllowDiscount>1</AllowDiscount><ItemStatus>1</ItemStatus><ItemPrice>10.90</ItemPrice></item><item><PriceUpdateDate>2016-05-31 06:56:02</PriceUpdateDate><ItemCode>7290008340618</ItemCode><ItemType>1</ItemType><ItemName>סלמון מעושן מצונן 10</ItemName><ManufacturerName>דלידג</ManufacturerName><ManufactureCountry>ישראל</ManufactureCountry><ManufacturerItemDescription>סלמון מעושן מצונן 100 גרם</ManufacturerItemDescription><SoldByWeight/><Quantity>100.00</Quantity><UnitOfMeasure>גרם     </UnitOfMeasure><QtyInPackage>לא ידוע</QtyInPackage><UnitOfMeasurePrice>0.1990</UnitOfMeasurePrice><AllowDiscount>1</AllowDiscount><ItemStatus>1</ItemStatus><ItemPrice>19.90</ItemPrice></item><item><PriceUpdateDate>2016-08-02 07:39:41</PriceUpdateDate><ItemCode>7290008343466</ItemCode><ItemType>1</ItemType><ItemName>מב בצק פילו 500 גרם</ItemName><ManufacturerName>שלושת האופים</ManufacturerName><ManufactureCountry>ישראל</ManufactureCountry><ManufacturerItemDescription>בצק פילו 500גר ש.האופים</ManufacturerItemDescription><SoldByWeight/><Quantity>500.00</Quantity><UnitOfMeasure>גרם     </UnitOfMeasure><QtyInPackage>לא ידוע</QtyInPackage><UnitOfMeasurePrice>0.0278</UnitOfMeasurePrice><AllowDiscount>1</AllowDiscount><ItemStatus>1</ItemStatus><ItemPrice>13.90</ItemPrice></item><item><PriceUpdateDate>2015-11-18 13:59:25</PriceUpdateDate><ItemCode>7290008343473</ItemCode><ItemType>1</ItemType><ItemName>עלים לסיגר 500 גרם</ItemName><ManufacturerName>שלושת האופים</ManufacturerName><ManufactureCountry>ישראל</ManufactureCountry><ManufacturerItemDescription>עלים לסיגרים 500 גרם</ManufacturerItemDescription><SoldByWeight/><Quantity>500.00</Quantity><UnitOfMeasure>גרם     </UnitOfMeasure><QtyInPackage>לא ידוע</QtyInPackage><UnitOfMeasurePrice>0.0276</UnitOfMeasurePrice><AllowDiscount>1</AllowDiscount><ItemStatus>1</ItemStatus><ItemPrice>13.80</ItemPrice></item><item><PriceUpdateDate>2016-06-28 09:31:13</PriceUpdateDate><ItemCode>7290008343503</ItemCode><ItemType>1</ItemType><ItemName>מב ג'חנון אפוי 650 ג</ItemName><ManufacturerName>שלושת האופים</ManufacturerName><ManufactureCountry>ישראל</ManufactureCountry><ManufacturerItemDescription>מב ג'חנון אפוי 650 ג</ManufacturerItemDescription><SoldByWeight/><Quantity>650.00</Quantity><UnitOfMeasure>גרם     </UnitOfMeasure><QtyInPackage>לא ידוע</QtyInPackage><UnitOfMeasurePrice>0.0229</UnitOfMeasurePrice><AllowDiscount>1</AllowDiscount><ItemStatus>1</ItemStatus><ItemPrice>14.90</ItemPrice></item><item><PriceUpdateDate>2016-08-02 07:39:41</PriceUpdateDate><ItemCode>7290008344272</ItemCode><ItemType>1</ItemType><ItemName>מב המבורגר 100% 400</ItemName><ManufacturerName>טיבון ויל</ManufacturerName><ManufactureCountry>ישראל</ManufactureCountry><ManufacturerItemDescription>המבורגר 400 100% גרם</ManufacturerItemDescription><SoldByWeight/><Quantity>400.00</Quantity><UnitOfMeasure>גרם     </UnitOfMeasure><QtyInPackage>לא ידוע</QtyInPackage><UnitOfMeasurePrice>0.0472</UnitOfMeasurePrice><AllowDiscount>1</AllowDiscount><ItemStatus>1</ItemStatus><ItemPrice>18.90</ItemPrice></item><item><PriceUpdateDate>2016-08-10 08:23:13</PriceUpdateDate><ItemCode>7290008345125</ItemCode><ItemType>1</ItemType><ItemName>פילה מטיאס 2 בשמן 40</ItemName><ManufacturerName>דלידג</ManufacturerName><ManufactureCountry>ישראל</ManufactureCountry><ManufacturerItemDescription>פילה מטיאס בשמן 240 גרם</ManufacturerItemDescription><SoldByWeight/><Quantity>240.00</Quantity><UnitOfMeasure>גרם     </UnitOfMeasure><QtyInPackage>לא ידוע</QtyInPackage><UnitOfMeasurePrice>0.1042</UnitOfMeasurePrice><AllowDiscount>1</AllowDiscount><ItemStatus>1</ItemStatus><ItemPrice>25.00</ItemPrice></item><item><PriceUpdateDate>2016-05-31 06:56:02</PriceUpdateDate><ItemCode>7290008345163</ItemCode><ItemType>3</ItemType><ItemName>מקרל שלם ואקום דלידג</ItemName><ManufacturerName>דלידג</ManufacturerName><ManufactureCountry>ישראל</ManufactureCountry><ManufacturerItemDescription>מקרל שלם ואקום דלידג</ManufacturerItemDescription><SoldByWeight/><Quantity>1.00</Quantity><UnitOfMeasure>ק"ג</UnitOfMeasure><QtyInPackage>לא ידוע</QtyInPackage><UnitOfMeasurePrice>99.0000</UnitOfMeasurePrice><AllowDiscount>1</AllowDiscount><ItemStatus>1</ItemStatus><ItemPrice>99.00</ItemPrice></item><item><PriceUpdateDate>2016-05-31 06:56:02</PriceUpdateDate><ItemCode>7290008345170</ItemCode><ItemType>3</ItemType><ItemName>מקרל חצאים ואקום דלי</ItemName><ManufacturerName>דלידג</ManufacturerName><ManufactureCountry>ישראל</ManufactureCountry><ManufacturerItemDescription>מקרל חצאים ואקום דלי</ManufacturerItemDescription><SoldByWeight/><Quantity>1.00</Quantity><UnitOfMeasure>ק"ג</UnitOfMeasure><QtyInPackage>לא ידוע</QtyInPackage><UnitOfMeasurePrice>102.0000</UnitOfMeasurePrice><AllowDiscount>1</AllowDiscount><ItemStatus>1</ItemStatus><ItemPrice>102.00</ItemPrice></item><item><PriceUpdateDate>2014-11-10 06:29:59</PriceUpdateDate><ItemCode>7290008347877</ItemCode><ItemType>1</ItemType><ItemName>ג'לטין בקר 28גרם</ItemName><ManufacturerName>ויליגר</ManufacturerName><ManufactureCountry>איטליה</ManufactureCountry><ManufacturerItemDescription>טבליות סטיביה   1 יחידות</ManufacturerItemDescription><SoldByWeight/><Quantity>14.00</Quantity><UnitOfMeasure>גרם     </UnitOfMeasure><QtyInPackage>לא ידוע</QtyInPackage><UnitOfMeasurePrice>0.5786</UnitOfMeasurePrice><AllowDiscount>1</AllowDiscount><ItemStatus>1</ItemStatus><ItemPrice>8.10</ItemPrice></item><item><PriceUpdateDate>2016-08-02 07:39:42</PriceUpdateDate><ItemCode>7290008403238</ItemCode><ItemType>3</ItemType><ItemName>מב גבינת ברי איזיני</ItemName><ManufacturerName>נטו סחר</ManufacturerName><ManufactureCountry>לא ידוע</ManufactureCountry><ManufacturerItemDescription>מב גבינת ברי איזיני</ManufacturerItemDescription><SoldByWeight/><Quantity>1.00</Quantity><UnitOfMeasure>ק"ג</UnitOfMeasure><QtyInPackage>לא ידוע</QtyInPackage><UnitOfMeasurePrice>90.0000</UnitOfMeasurePrice><AllowDiscount>1</AllowDiscount><ItemStatus>1</ItemStatus><ItemPrice>90.00</ItemPrice></item><item><PriceUpdateDate>2016-05-01 08:13:38</PriceUpdateDate><ItemCode>7290008409100</ItemCode><ItemType>1</ItemType><ItemName>מב אצבעות שניצל בציפ</ItemName><ManufacturerName>מאמא עוף קפוא</ManufacturerName><ManufactureCountry>ישראל</ManufactureCountry><ManufacturerItemDescription>אצבעות שניצל ציפוי שומשום</ManufacturerItemDescription><SoldByWeight/><Quantity>700.00</Quantity><UnitOfMeasure>גרם     </UnitOfMeasure><QtyInPackage>לא ידוע</QtyInPackage><UnitOfMeasurePrice>0.0427</UnitOfMeasurePrice><AllowDiscount>1</AllowDiscount><ItemStatus>1</ItemStatus><ItemPrice>29.90</ItemPrice></item><item><PriceUpdateDate>2016-05-01 08:19:24</PriceUpdateDate><ItemCode>7290008409124</ItemCode><ItemType>1</ItemType><ItemName>מב שניצל ג'ונגל 700</ItemName><ManufacturerName>מאמא עוף קפוא</ManufacturerName><ManufactureCountry>ישראל</ManufactureCountry><ManufacturerItemDescription>שניצל גונגל מאמא עוף 700</ManufacturerItemDescription><SoldByWeight/><Quantity>700.00</Quantity><UnitOfMeasure>גרם     </UnitOfMeasure><QtyInPackage>לא ידוע</QtyInPackage><UnitOfMeasurePrice>0.0427</UnitOfMeasurePrice><AllowDiscount>1</AllowDiscount><ItemStatus>1</ItemStatus><ItemPrice>29.90</ItemPrice></item><item><PriceUpdateDate>2016-06-30 06:41:33</PriceUpdateDate><ItemCode>7290008409216</ItemCode><ItemType>1</ItemType><ItemName>שניצל דק דק פריך 700</ItemName><ManufacturerName>מאמא עוף קפוא</ManufacturerName><ManufactureCountry>ישראל</ManufactureCountry><ManufacturerItemDescription>שניצל דק דק פריך 700 גרם</ManufacturerItemDescription><SoldByWeight/><Quantity>700.00</Quantity><UnitOfMeasure>גרם     </UnitOfMeasure><QtyInPackage>לא ידוע</QtyInPackage><UnitOfMeasurePrice>0.0527</UnitOfMeasurePrice><AllowDiscount>1</AllowDiscount><ItemStatus>1</ItemStatus><ItemPrice>36.90</ItemPrice></item><item><PriceUpdateDate>2016-08-02 07:35:27</PriceUpdateDate><ItemCode>7290008409353</ItemCode><ItemType>1</ItemType><ItemName>מיני מיני טבעות בציפ</ItemName><ManufacturerName>מאמא עוף קפוא</ManufacturerName><ManufactureCountry>ישראל</ManufactureCountry><ManufacturerItemDescription>מיני טבעות ציפוי פריך 500</ManufacturerItemDescription><SoldByWeight/><Quantity>500.00</Quantity><UnitOfMeasure>גרם     </UnitOfMeasure><QtyInPackage>לא ידוע</QtyInPackage><UnitOfMeasurePrice>0.0508</UnitOfMeasurePrice><AllowDiscount>1</AllowDiscount><ItemStatus>1</ItemStatus><ItemPrice>25.40</ItemPrice></item><item><PriceUpdateDate>2016-08-02 07:35:27</PriceUpdateDate><ItemCode>7290008409582</ItemCode><ItemType>1</ItemType><ItemName>מב שניצל אמיתי ביתי</ItemName><ManufacturerName>מאמא עוף קפוא</ManufacturerName><ManufactureCountry>ישראל</ManufactureCountry><ManufacturerItemDescription>שניצל אמיתי ביתי 700 גרם</ManufacturerItemDescription><SoldByWeight/><Quantity>700.00</Quantity><UnitOfMeasure>גרם     </UnitOfMeasure><QtyInPackage>לא ידוע</QtyInPackage><UnitOfMeasurePrice>0.0499</UnitOfMeasurePrice><AllowDiscount>1</AllowDiscount><ItemStatus>1</ItemStatus><ItemPrice>34.90</ItemPrice></item><item><PriceUpdateDate>2016-05-01 08:13:38</PriceUpdateDate><ItemCode>7290008409605</ItemCode><ItemType>1</ItemType><ItemName>מב כוכבי עוף 700 גרם</ItemName><ManufacturerName>מאמא עוף קפוא</ManufacturerName><ManufactureCountry>ישראל</ManufactureCountry><ManufacturerItemDescription>מב כוכבי עוף 700 גרם</ManufacturerItemDescription><SoldByWeight/><Quantity>700.00</Quantity><UnitOfMeasure>גרם     </UnitOfMeasure><QtyInPackage>לא ידוע</QtyInPackage><UnitOfMeasurePrice>0.0427</UnitOfMeasurePrice><AllowDiscount>1</AllowDiscount><ItemStatus>1</ItemStatus><ItemPrice>29.90</ItemPrice></item><item><PriceUpdateDate>2016-05-01 08:13:38</PriceUpdateDate><ItemCode>7290008409667</ItemCode><ItemType>1</ItemType><ItemName>מב טבעות עוף 700 גרם</ItemName><ManufacturerName>מאמא עוף קפוא</ManufacturerName><ManufactureCountry>ישראל</ManufactureCountry><ManufacturerItemDescription>מב טבעות עוף 700 גרם</ManufacturerItemDescription><SoldByWeight/><Quantity>700.00</Quantity><UnitOfMeasure>גרם     </UnitOfMeasure><QtyInPackage>לא ידוע</QtyInPackage><UnitOfMeasurePrice>0.0427</UnitOfMeasurePrice><AllowDiscount>1</AllowDiscount><ItemStatus>1</ItemStatus><ItemPrice>29.90</ItemPrice></item><item><PriceUpdateDate>2016-08-02 07:39:42</PriceUpdateDate><ItemCode>7290008409773</ItemCode><ItemType>1</ItemType><ItemName>מב קציצות עוף והודו</ItemName><ManufacturerName>מאמא עוף קפוא</ManufacturerName><ManufactureCountry>ישראל</ManufactureCountry><ManufacturerItemDescription>קציצות עוף והודו אמיתיות7</ManufacturerItemDescription><SoldByWeight/><Quantity>700.00</Quantity><UnitOfMeasure>גרם     </UnitOfMeasure><QtyInPackage>לא ידוע</QtyInPackage><UnitOfMeasurePrice>0.0384</UnitOfMeasurePrice><AllowDiscount>1</AllowDiscount><ItemStatus>1</ItemStatus><ItemPrice>26.90</ItemPrice></item><item><PriceUpdateDate>2016-01-05 09:20:45</PriceUpdateDate><ItemCode>7290008415071</ItemCode><ItemType>1</ItemType><ItemName>חומוס עם טחינה צבר 1</ItemName><ManufacturerName>צבר</ManufacturerName><ManufactureCountry>ישראל</ManufactureCountry><ManufacturerItemDescription>סלט חומוס וטחינה 150 גרם</ManufacturerItemDescription><SoldByWeight/><Quantity>150.00</Quantity><UnitOfMeasure>גרם     </UnitOfMeasure><QtyInPackage>לא ידוע</QtyInPackage><UnitOfMeasurePrice>0.0367</UnitOfMeasurePrice><AllowDiscount>1</AllowDiscount><ItemStatus>1</ItemStatus><ItemPrice>5.50</ItemPrice></item><item><PriceUpdateDate>2016-01-05 09:20:45</PriceUpdateDate><ItemCode>7290008415514</ItemCode><ItemType>1</ItemType><ItemName>חומוס עם חריף 150 גר</ItemName><ManufacturerName>צבר</ManufacturerName><ManufactureCountry>ישראל</ManufactureCountry><ManufacturerItemDescription>סלט חומוס וחריף 150 גרם</ManufacturerItemDescription><SoldByWeight/><Quantity>150.00</Quantity><UnitOfMeasure>גרם     </UnitOfMeasure><QtyInPackage>לא ידוע</QtyInPackage><UnitOfMeasurePrice>0.0367</UnitOfMeasurePrice><AllowDiscount>1</AllowDiscount><ItemStatus>1</ItemStatus><ItemPrice>5.50</ItemPrice></item><item><PriceUpdateDate>2016-08-02 07:35:28</PriceUpdateDate><ItemCode>7290008415576</ItemCode><ItemType>1</ItemType><ItemName>סלט חומוס 850 גרם צב</ItemName><ManufacturerName>צבר</ManufacturerName><ManufactureCountry>ישראל</ManufactureCountry><ManufacturerItemDescription>סלט חומוס 850 גרם צב</ManufacturerItemDescription><SoldByWeight/><Quantity>850.00</Quantity><UnitOfMeasure>גרם     </UnitOfMeasure><QtyInPackage>לא ידוע</QtyInPackage><UnitOfMeasurePrice>0.0194</UnitOfMeasurePrice><AllowDiscount>1</AllowDiscount><ItemStatus>1</ItemStatus><ItemPrice>16.50</ItemPrice></item><item><PriceUpdateDate>2016-08-02 07:39:42</PriceUpdateDate><ItemCode>7290008443630</ItemCode><ItemType>1</ItemType><ItemName>מב שמפו נקה-7 לשיער</ItemName><ManufacturerName>נקה 7</ManufacturerName><ManufactureCountry>ישראל</ManufactureCountry><ManufacturerItemDescription>מב שמפו נקה-7 לשיער</ManufacturerItemDescription><SoldByWeight/><Quantity>750.00</Quantity><UnitOfMeasure>מ"ל</UnitOfMeasure><QtyInPackage>לא ידוע</QtyInPackage><UnitOfMeasurePrice>0.0145</UnitOfMeasurePrice><AllowDiscount>0</AllowDiscount><ItemStatus>1</ItemStatus><ItemPrice>10.90</ItemPrice></item><item><PriceUpdateDate>2016-06-28 09:29:14</PriceUpdateDate><ItemCode>7290008464130</ItemCode><ItemType>1</ItemType><ItemName>שישיות בירה גולדסטאר</ItemName><ManufacturerName>גולדסטאר</ManufacturerName><ManufactureCountry>ישראל</ManufactureCountry><ManufacturerItemDescription>בירה גולדסטאר 1/6 ל.מסונן</ManufacturerItemDescription><SoldByWeight/><Quantity>1980.00</Quantity><UnitOfMeasure>מ"ל</UnitOfMeasure><QtyInPackage>לא ידוע</QtyInPackage><UnitOfMeasurePrice>0.0262</UnitOfMeasurePrice><AllowDiscount>1</AllowDiscount><ItemStatus>1</ItemStatus><ItemPrice>51.90</ItemPrice></item><item><PriceUpdateDate>2016-02-08 10:37:35</PriceUpdateDate><ItemCode>7290008464604</ItemCode><ItemType>1</ItemType><ItemName>בירה הייניקן   פחית</ItemName><ManufacturerName>הייניקן</ManufacturerName><ManufactureCountry>ישראל</ManufactureCountry><ManufacturerItemDescription>בירה היינקן פחית 500 מל</ManufacturerItemDescription><SoldByWeight/><Quantity>550.00</Quantity><UnitOfMeasure>מ"ל</UnitOfMeasure><QtyInPackage>לא ידוע</QtyInPackage><UnitOfMeasurePrice>0.0249</UnitOfMeasurePrice><AllowDiscount>1</AllowDiscount><ItemStatus>1</ItemStatus><ItemPrice>13.70</ItemPrice></item><item><PriceUpdateDate>2016-06-30 06:41:33</PriceUpdateDate><ItemCode>7290008464741</ItemCode><ItemType>1</ItemType><ItemName>בירה גולדסטאר שישיות</ItemName><ManufacturerName>גולדסטאר</ManufacturerName><ManufactureCountry>ישראל</ManufactureCountry><ManufacturerItemDescription>בירה גולדסטאר בקבוק330- 1</ManufacturerItemDescription><SoldByWeight/><Quantity>1980.00</Quantity><UnitOfMeasure>מ"ל</UnitOfMeasure><QtyInPackage>לא ידוע</QtyInPackage><UnitOfMeasurePrice>0.0186</UnitOfMeasurePrice><AllowDiscount>1</AllowDiscount><ItemStatus>1</ItemStatus><ItemPrice>36.90</ItemPrice></item><item><PriceUpdateDate>2016-06-30 06:41:33</PriceUpdateDate><ItemCode>7290008464796</ItemCode><ItemType>1</ItemType><ItemName>בירה היינקן שישיות ב</ItemName><ManufacturerName>הייניקן</ManufacturerName><ManufactureCountry>ישראל</ManufactureCountry><ManufacturerItemDescription>בירה הייניקן 6יח330* מ"ל</ManufacturerItemDescription><SoldByWeight/><Quantity>1980.00</Quantity><UnitOfMeasure>מ"ל</UnitOfMeasure><QtyInPackage>לא ידוע</QtyInPackage><UnitOfMeasurePrice>0.0202</UnitOfMeasurePrice><AllowDiscount>1</AllowDiscount><ItemStatus>1</ItemStatus><ItemPrice>39.90</ItemPrice></item><item><PriceUpdateDate>2015-07-28 09:26:44</PriceUpdateDate><ItemCode>7290008464987</ItemCode><ItemType>1</ItemType><ItemName>מב סודה שישייה 1.5 ל</ItemName><ManufacturerName>טמפו</ManufacturerName><ManufactureCountry>ישראל</ManufactureCountry><ManufacturerItemDescription>שישיית סודה 1.5 ליטר</ManufacturerItemDescription><SoldByWeight/><Quantity>9000.00</Quantity><UnitOfMeasure>מ"ל</UnitOfMeasure><QtyInPackage>לא ידוע</QtyInPackage><UnitOfMeasurePrice>0.0019</UnitOfMeasurePrice><AllowDiscount>1</AllowDiscount><ItemStatus>1</ItemStatus><ItemPrice>16.90</ItemPrice></item><item><PriceUpdateDate>2016-08-02 07:35:28</PriceUpdateDate><ItemCode>7290008493369</ItemCode><ItemType>1</ItemType><ItemName>בייגלה טבעות שומשום</ItemName><ManufacturerName>מאיר את בייגל</ManufacturerName><ManufactureCountry>ישראל</ManufactureCountry><ManufacturerItemDescription>בייגלה טבעות שומשום</ManufacturerItemDescription><SoldByWeight/><Quantity>330.00</Quantity><UnitOfMeasure>גרם     </UnitOfMeasure><QtyInPackage>לא ידוע</QtyInPackage><UnitOfMeasurePrice>0.0330</UnitOfMeasurePrice><AllowDiscount>0</AllowDiscount><ItemStatus>1</ItemStatus><ItemPrice>10.90</ItemPrice></item><item><PriceUpdateDate>2016-08-02 07:39:43</PriceUpdateDate><ItemCode>7290008493390</ItemCode><ItemType>1</ItemType><ItemName>מב גריסיני מקלות 200</ItemName><ManufacturerName>לא ממותג</ManufacturerName><ManufactureCountry>ישראל</ManufactureCountry><ManufacturerItemDescription>גריסיני 200 גרם</ManufacturerItemDescription><SoldByWeight/><Quantity>200.00</Quantity><UnitOfMeasure>גרם     </UnitOfMeasure><QtyInPackage>לא ידוע</QtyInPackage><UnitOfMeasurePrice>0.0395</UnitOfMeasurePrice><AllowDiscount>1</AllowDiscount><ItemStatus>1</ItemStatus><ItemPrice>7.90</ItemPrice></item><item><PriceUpdateDate>2016-01-19 09:52:24</PriceUpdateDate><ItemCode>7290008493413</ItemCode><ItemType>1</ItemType><ItemName>פרורי גריסיני 200 גר</ItemName><ManufacturerName>לא ממותג</ManufacturerName><ManufactureCountry>ישראל</ManufactureCountry><ManufacturerItemDescription>פירורים גריסיני 200גרם</ManufacturerItemDescription><SoldByWeight/><Quantity>200.00</Quantity><UnitOfMeasure>גרם     </UnitOfMeasure><QtyInPackage>לא ידוע</QtyInPackage><UnitOfMeasurePrice>0.0395</UnitOfMeasurePrice><AllowDiscount>1</AllowDiscount><ItemStatus>1</ItemStatus><ItemPrice>7.90</ItemPrice></item><item><PriceUpdateDate>2016-01-19 09:52:25</PriceUpdateDate><ItemCode>7290008493710</ItemCode><ItemType>1</ItemType><ItemName>פרורי גריסיני  זהב 2</ItemName><ManufacturerName>לא ממותג</ManufacturerName><ManufactureCountry>ישראל</ManufactureCountry><ManufacturerItemDescription>פירורים גריסיני 200גרם</ManufacturerItemDescription><SoldByWeight/><Quantity>200.00</Quantity><UnitOfMeasure>גרם     </UnitOfMeasure><QtyInPackage>לא ידוע</QtyInPackage><UnitOfMeasurePrice>0.0395</UnitOfMeasurePrice><AllowDiscount>1</AllowDiscount><ItemStatus>1</ItemStatus><ItemPrice>7.90</ItemPrice></item><item><PriceUpdateDate>2016-08-02 07:39:43</PriceUpdateDate><ItemCode>7290008636933</ItemCode><ItemType>1</ItemType><ItemName>מב אגוז מלך גרוס מיה</ItemName><ManufacturerName>מיה</ManufacturerName><ManufactureCountry>ישראל</ManufactureCountry><ManufacturerItemDescription>מב אגוז מלך גרוס מיה</ManufacturerItemDescription><SoldByWeight/><Quantity>100.00</Quantity><UnitOfMeasure>גרם     </UnitOfMeasure><QtyInPackage>לא ידוע</QtyInPackage><UnitOfMeasurePrice>0.1190</UnitOfMeasurePrice><AllowDiscount>1</AllowDiscount><ItemStatus>1</ItemStatus><ItemPrice>11.90</ItemPrice></item><item><PriceUpdateDate>2016-04-03 12:01:40</PriceUpdateDate><ItemCode>7290008644235</ItemCode><ItemType>1</ItemType><ItemName>עלי בייבי ירקות שטרא</ItemName><ManufacturerName>שטראוס</ManufacturerName><ManufactureCountry>ישראל</ManufactureCountry><ManufacturerItemDescription>מבחר עלי בייבי</ManufacturerItemDescription><SoldByWeight/><Quantity>120.00</Quantity><UnitOfMeasure>יח'</UnitOfMeasure><QtyInPackage>לא ידוע</QtyInPackage><UnitOfMeasurePrice>0.0908</UnitOfMeasurePrice><AllowDiscount>1</AllowDiscount><ItemStatus>1</ItemStatus><ItemPrice>10.90</ItemPrice></item><item><PriceUpdateDate>2016-04-03 12:01:41</PriceUpdateDate><ItemCode>7290008644945</ItemCode><ItemType>1</ItemType><ItemName>סלט המושבה 450 גרם</ItemName><ManufacturerName>שטראוס</ManufacturerName><ManufactureCountry>ישראל</ManufactureCountry><ManufacturerItemDescription>סלט המושבה</ManufacturerItemDescription><SoldByWeight/><Quantity>450.00</Quantity><UnitOfMeasure>גרם     </UnitOfMeasure><QtyInPackage>לא ידוע</QtyInPackage><UnitOfMeasurePrice>0.0331</UnitOfMeasurePrice><AllowDiscount>1</AllowDiscount><ItemStatus>1</ItemStatus><ItemPrice>14.90</ItemPrice></item><item><PriceUpdateDate>2016-05-02 14:15:26</PriceUpdateDate><ItemCode>7290008645935</ItemCode><ItemType>1</ItemType><ItemName>סלט חומוס אחלה 750 ג</ItemName><ManufacturerName>אחלה</ManufacturerName><ManufactureCountry>ישראל</ManufactureCountry><ManufacturerItemDescription>סלט חומוס אחלה 750 ג</ManufacturerItemDescription><SoldByWeight/><Quantity>750.00</Quantity><UnitOfMeasure>גרם     </UnitOfMeasure><QtyInPackage>לא ידוע</QtyInPackage><UnitOfMeasurePrice>0.0132</UnitOfMeasurePrice><AllowDiscount>1</AllowDiscount><ItemStatus>1</ItemStatus><ItemPrice>9.90</ItemPrice></item><item><PriceUpdateDate>2016-08-10 08:23:13</PriceUpdateDate><ItemCode>7290008679428</ItemCode><ItemType>1</ItemType><ItemName>כפפות הנדי בינוני</ItemName><ManufacturerName>הנדי</ManufacturerName><ManufactureCountry>ישראל</ManufactureCountry><ManufacturerItemDescription>כפפות הנדי בינוני</ManufacturerItemDescription><SoldByWeight/><Quantity>0.00</Quantity><UnitOfMeasure>יח'</UnitOfMeasure><QtyInPackage>לא ידוע</QtyInPackage><UnitOfMeasurePrice>0.0000</UnitOfMeasurePrice><AllowDiscount>1</AllowDiscount><ItemStatus>1</ItemStatus><ItemPrice>8.40</ItemPrice></item><item><PriceUpdateDate>2016-08-10 08:23:13</PriceUpdateDate><ItemCode>7290008679435</ItemCode><ItemType>1</ItemType><ItemName>כפפות הנדי בית מטבח</ItemName><ManufacturerName>הנדי</ManufacturerName><ManufactureCountry>ישראל</ManufactureCountry><ManufacturerItemDescription>כפפות הנדי בית מטבח</ManufacturerItemDescription><SoldByWeight/><Quantity>0.00</Quantity><UnitOfMeasure>יח'</UnitOfMeasure><QtyInPackage>לא ידוע</QtyInPackage><UnitOfMeasurePrice>0.0000</UnitOfMeasurePrice><AllowDiscount>1</AllowDiscount><ItemStatus>1</ItemStatus><ItemPrice>8.40</ItemPrice></item><item><PriceUpdateDate>2016-03-16 18:08:51</PriceUpdateDate><ItemCode>7290008690164</ItemCode><ItemType>1</ItemType><ItemName>קוקה קולה לימון דיאט</ItemName><ManufacturerName>דיאט קולה לימון</ManufacturerName><ManufactureCountry>ישראל</ManufactureCountry><ManufacturerItemDescription>קוקה קולה דיאט לימון 1.5</ManufacturerItemDescription><SoldByWeight/><Quantity>1500.00</Quantity><UnitOfMeasure>מ"ל</UnitOfMeasure><QtyInPackage>לא ידוע</QtyInPackage><UnitOfMeasurePrice>0.0046</UnitOfMeasurePrice><AllowDiscount>1</AllowDiscount><ItemStatus>1</ItemStatus><ItemPrice>6.90</ItemPrice></item><item><PriceUpdateDate>2015-10-11 20:34:34</PriceUpdateDate><ItemCode>7290008693134</ItemCode><ItemType>1</ItemType><ItemName>דניאלה תות 150 מ"ל</ItemName><ManufacturerName>דניאלה</ManufacturerName><ManufactureCountry>ישראל</ManufactureCountry><ManufacturerItemDescription>דניאלה מעדן גבינה תות 150</ManufacturerItemDescription><SoldByWeight/><Quantity>150.00</Quantity><UnitOfMeasure>מ"ל</UnitOfMeasure><QtyInPackage>לא ידוע</QtyInPackage><UnitOfMeasurePrice>0.0280</UnitOfMeasurePrice><AllowDiscount>1</AllowDiscount><ItemStatus>1</ItemStatus><ItemPrice>4.20</ItemPrice></item><item><PriceUpdateDate>2016-08-02 07:39:44</PriceUpdateDate><ItemCode>7290008713016</ItemCode><ItemType>1</ItemType><ItemName>מב לחם שבעה דגנים קל</ItemName><ManufacturerName>אנג'ל</ManufacturerName><ManufactureCountry>ישראל</ManufactureCountry><ManufacturerItemDescription>לחם שבעה דגנים קל 500 גרם</ManufacturerItemDescription><SoldByWeight/><Quantity>500.00</Quantity><UnitOfMeasure>גרם     </UnitOfMeasure><QtyInPackage>לא ידוע</QtyInPackage><UnitOfMeasurePrice>0.0278</UnitOfMeasurePrice><AllowDiscount>1</AllowDiscount><ItemStatus>1</ItemStatus><ItemPrice>13.90</ItemPrice></item><item><PriceUpdateDate>2016-03-01 06:17:54</PriceUpdateDate><ItemCode>7290008713498</ItemCode><ItemType>1</ItemType><ItemName>לחם עינן מסורתי 750</ItemName><ManufacturerName>עינן</ManufacturerName><ManufactureCountry>ישראל</ManufactureCountry><ManufacturerItemDescription>לחם עינן מסורתי 750 גר</ManufacturerItemDescription><SoldByWeight/><Quantity>750.00</Quantity><UnitOfMeasure>גרם     </UnitOfMeasure><QtyInPackage>לא ידוע</QtyInPackage><UnitOfMeasurePrice>0.0225</UnitOfMeasurePrice><AllowDiscount>1</AllowDiscount><ItemStatus>1</ItemStatus><ItemPrice>16.90</ItemPrice></item><item><PriceUpdateDate>2016-08-10 08:23:13</PriceUpdateDate><ItemCode>7290008713696</ItemCode><ItemType>1</ItemType><ItemName>הלחמניה המלאה אנג'ל</ItemName><ManufacturerName>אנג'ל</ManufacturerName><ManufactureCountry>ישראל</ManufactureCountry><ManufacturerItemDescription>הלחמניה  המלאה מקמח מלא 4</ManufacturerItemDescription><SoldByWeight/><Quantity>450.00</Quantity><UnitOfMeasure>גרם     </UnitOfMeasure><QtyInPackage>לא ידוע</QtyInPackage><UnitOfMeasurePrice>0.0296</UnitOfMeasurePrice><AllowDiscount>1</AllowDiscount><ItemStatus>1</ItemStatus><ItemPrice>13.30</ItemPrice></item><item><PriceUpdateDate>2016-08-10 08:23:13</PriceUpdateDate><ItemCode>7290008713900</ItemCode><ItemType>1</ItemType><ItemName>לחם שיפון עגול אנג''</ItemName><ManufacturerName>אנג'ל</ManufacturerName><ManufactureCountry>ישראל</ManufactureCountry><ManufacturerItemDescription>לחם שיפון עגול 750 גרם</ManufacturerItemDescription><SoldByWeight/><Quantity>750.00</Quantity><UnitOfMeasure>גרם     </UnitOfMeasure><QtyInPackage>לא ידוע</QtyInPackage><UnitOfMeasurePrice>0.0212</UnitOfMeasurePrice><AllowDiscount>0</AllowDiscount><ItemStatus>1</ItemStatus><ItemPrice>15.90</ItemPrice></item><item><PriceUpdateDate>2016-03-01 06:17:54</PriceUpdateDate><ItemCode>7290008713917</ItemCode><ItemType>1</ItemType><ItemName>לחם שיפון כהה אנג''ל</ItemName><ManufacturerName>אנג'ל</ManufacturerName><ManufactureCountry>ישראל</ManufactureCountry><ManufacturerItemDescription>לחם שיפון כהה 750 גרם</ManufacturerItemDescription><SoldByWeight/><Quantity>750.00</Quantity><UnitOfMeasure>גרם     </UnitOfMeasure><QtyInPackage>לא ידוע</QtyInPackage><UnitOfMeasurePrice>0.0172</UnitOfMeasurePrice><AllowDiscount>1</AllowDiscount><ItemStatus>1</ItemStatus><ItemPrice>12.90</ItemPrice></item><item><PriceUpdateDate>2015-10-01 06:17:27</PriceUpdateDate><ItemCode>7290008745239</ItemCode><ItemType>1</ItemType><ItemName>תפוצ'יפס קראנצ' טבעי</ItemName><ManufacturerName>תפוצ'יפס</ManufacturerName><ManufactureCountry>ישראל</ManufactureCountry><ManufacturerItemDescription>תפוציפס קראנץ בטעם טבעי 5</ManufacturerItemDescription><SoldByWeight/><Quantity>14.00</Quantity><UnitOfMeasure>גרם     </UnitOfMeasure><QtyInPackage>לא ידוע</QtyInPackage><UnitOfMeasurePrice>0.2786</UnitOfMeasurePrice><AllowDiscount>1</AllowDiscount><ItemStatus>1</ItemStatus><ItemPrice>3.90</ItemPrice></item><item><PriceUpdateDate>2016-08-02 07:39:44</PriceUpdateDate><ItemCode>7290008745345</ItemCode><ItemType>1</ItemType><ItemName>מב ממרח פרה שוקולד מ</ItemName><ManufacturerName>פרה</ManufacturerName><ManufactureCountry>ישראל</ManufactureCountry><ManufacturerItemDescription>מב ממרח פרה שוקולד מ</ManufacturerItemDescription><SoldByWeight/><Quantity>500.00</Quantity><UnitOfMeasure>גרם     </UnitOfMeasure><QtyInPackage>לא ידוע</QtyInPackage><UnitOfMeasurePrice>0.0158</UnitOfMeasurePrice><AllowDiscount>1</AllowDiscount><ItemStatus>1</ItemStatus><ItemPrice>7.90</ItemPrice></item><item><PriceUpdateDate>2015-10-11 20:34:34</PriceUpdateDate><ItemCode>7290008747431</ItemCode><ItemType>1</ItemType><ItemName>חטיף שוקולד פרה במיל</ItemName><ManufacturerName>פרה</ManufacturerName><ManufactureCountry>ישראל</ManufactureCountry><ManufacturerItemDescription>שוקולד פרה במלוי תות</ManufacturerItemDescription><SoldByWeight/><Quantity>50.00</Quantity><UnitOfMeasure>גרם     </UnitOfMeasure><QtyInPackage>לא ידוע</QtyInPackage><UnitOfMeasurePrice>0.1000</UnitOfMeasurePrice><AllowDiscount>1</AllowDiscount><ItemStatus>1</ItemStatus><ItemPrice>5.00</ItemPrice></item><item><PriceUpdateDate>2016-08-10 08:23:13</PriceUpdateDate><ItemCode>7290008747516</ItemCode><ItemType>1</ItemType><ItemName>מארז צ'יטוס איקס עיג</ItemName><ManufacturerName>צ'יטוס</ManufacturerName><ManufactureCountry>ישראל</ManufactureCountry><ManufacturerItemDescription>מארז צ'יטוס איקס עיג</ManufacturerItemDescription><SoldByWeight/><Quantity>150.00</Quantity><UnitOfMeasure>גרם     </UnitOfMeasure><QtyInPackage>לא ידוע</QtyInPackage><UnitOfMeasurePrice>0.0867</UnitOfMeasurePrice><AllowDiscount>1</AllowDiscount><ItemStatus>1</ItemStatus><ItemPrice>13.00</ItemPrice></item><item><PriceUpdateDate>2016-01-14 10:29:51</PriceUpdateDate><ItemCode>7290008750264</ItemCode><ItemType>1</ItemType><ItemName>מסטיק מאסט דובדבן 28</ItemName><ManufacturerName>לא ידוע</ManufacturerName><ManufactureCountry>ישראל</ManufactureCountry><ManufacturerItemDescription>מסטיק מאסט ציקלס דובדבן 2</ManufacturerItemDescription><SoldByWeight/><Quantity>0.00</Quantity><UnitOfMeasure>יח'</UnitOfMeasure><QtyInPackage>לא ידוע</QtyInPackage><UnitOfMeasurePrice>0.0000</UnitOfMeasurePrice><AllowDiscount>1</AllowDiscount><ItemStatus>1</ItemStatus><ItemPrice>4.50</ItemPrice></item><item><PriceUpdateDate>2015-10-01 06:17:27</PriceUpdateDate><ItemCode>7290008752244</ItemCode><ItemType>1</ItemType><ItemName>חטיף תפוציפס קראנצ'</ItemName><ManufacturerName>תפוצ'יפס</ManufacturerName><ManufactureCountry>ישראל</ManufactureCountry><ManufacturerItemDescription>תפוציפס קראנץ גריל 50 גרם</ManufacturerItemDescription><SoldByWeight/><Quantity>14.00</Quantity><UnitOfMeasure>גרם     </UnitOfMeasure><QtyInPackage>לא ידוע</QtyInPackage><UnitOfMeasurePrice>0.2786</UnitOfMeasurePrice><AllowDiscount>1</AllowDiscount><ItemStatus>1</ItemStatus><ItemPrice>3.90</ItemPrice></item><item><PriceUpdateDate>2015-10-01 06:17:27</PriceUpdateDate><ItemCode>7290008753111</ItemCode><ItemType>1</ItemType><ItemName>חטיף תפוציפס קראנצ'</ItemName><ManufacturerName>תפוצ'יפס</ManufacturerName><ManufactureCountry>ישראל</ManufactureCountry><ManufacturerItemDescription>תפוציפס קראנץ מקסיקני 50</ManufacturerItemDescription><SoldByWeight/><Quantity>14.00</Quantity><UnitOfMeasure>גרם     </UnitOfMeasure><QtyInPackage>לא ידוע</QtyInPackage><UnitOfMeasurePrice>0.2786</UnitOfMeasurePrice><AllowDiscount>1</AllowDiscount><ItemStatus>1</ItemStatus><ItemPrice>3.90</ItemPrice></item><item><PriceUpdateDate>2016-08-10 08:23:13</PriceUpdateDate><ItemCode>7290008753364</ItemCode><ItemType>1</ItemType><ItemName>חטיף דוריטוס גריל 55</ItemName><ManufacturerName>דוריטוס</ManufacturerName><ManufactureCountry>ישראל</ManufactureCountry><ManufacturerItemDescription>דוריטוס גריל 55 גרם</ManufacturerItemDescription><SoldByWeight/><Quantity>14.00</Quantity><UnitOfMeasure>גרם     </UnitOfMeasure><QtyInPackage>לא ידוע</QtyInPackage><UnitOfMeasurePrice>0.2571</UnitOfMeasurePrice><AllowDiscount>1</AllowDiscount><ItemStatus>1</ItemStatus><ItemPrice>3.60</ItemPrice></item><item><PriceUpdateDate>2016-08-10 08:23:13</PriceUpdateDate><ItemCode>7290008753371</ItemCode><ItemType>1</ItemType><ItemName>חטיף דוריטוס נאצ'ו מ</ItemName><ManufacturerName>דוריטוס</ManufacturerName><ManufactureCountry>ישראל</ManufactureCountry><ManufacturerItemDescription>דוריטוס נאצו 55 גרם</ManufacturerItemDescription><SoldByWeight/><Quantity>14.00</Quantity><UnitOfMeasure>גרם     </UnitOfMeasure><QtyInPackage>לא ידוע</QtyInPackage><UnitOfMeasurePrice>0.2571</UnitOfMeasurePrice><AllowDiscount>1</AllowDiscount><ItemStatus>1</ItemStatus><ItemPrice>3.60</ItemPrice></item><item><PriceUpdateDate>2016-03-21 10:07:06</PriceUpdateDate><ItemCode>7290008754033</ItemCode><ItemType>1</ItemType><ItemName>ממרח שוקולד פרה 850</ItemName><ManufacturerName>פרה</ManufacturerName><ManufactureCountry>ישראל</ManufactureCountry><ManufacturerItemDescription>ממרח שוקולד פרה 850</ManufacturerItemDescription><SoldByWeight/><Quantity>850.00</Quantity><UnitOfMeasure>גרם     </UnitOfMeasure><QtyInPackage>לא ידוע</QtyInPackage><UnitOfMeasurePrice>0.0222</UnitOfMeasurePrice><AllowDiscount>1</AllowDiscount><ItemStatus>1</ItemStatus><ItemPrice>18.90</ItemPrice></item><item><PriceUpdateDate>2016-03-21 10:07:06</PriceUpdateDate><ItemCode>7290008754040</ItemCode><ItemType>1</ItemType><ItemName>ממרח שוקולד פרה מגדי</ItemName><ManufacturerName>פרה</ManufacturerName><ManufactureCountry>ישראל</ManufactureCountry><ManufacturerItemDescription>ממרח שוקולד פרה מגדי</ManufacturerItemDescription><SoldByWeight/><Quantity>850.00</Quantity><UnitOfMeasure>גרם     </UnitOfMeasure><QtyInPackage>לא ידוע</QtyInPackage><UnitOfMeasurePrice>0.0222</UnitOfMeasurePrice><AllowDiscount>1</AllowDiscount><ItemStatus>1</ItemStatus><ItemPrice>18.90</ItemPrice></item><item><PriceUpdateDate>2016-01-14 10:29:51</PriceUpdateDate><ItemCode>7290008754415</ItemCode><ItemType>1</ItemType><ItemName>מסטיק מאסט מנטה עדין</ItemName><ManufacturerName>מאסט</ManufacturerName><ManufactureCountry>ישראל</ManufactureCountry><ManufacturerItemDescription>מסטיק מאסט עדיין ספירמינט</ManufacturerItemDescription><SoldByWeight/><Quantity>28.00</Quantity><UnitOfMeasure>גרם     </UnitOfMeasure><QtyInPackage>לא ידוע</QtyInPackage><UnitOfMeasurePrice>0.1607</UnitOfMeasurePrice><AllowDiscount>1</AllowDiscount><ItemStatus>1</ItemStatus><ItemPrice>4.50</ItemPrice></item><item><PriceUpdateDate>2016-01-14 10:29:51</PriceUpdateDate><ItemCode>7290008754422</ItemCode><ItemType>1</ItemType><ItemName>מסטיק מאסט קלאסי 28</ItemName><ManufacturerName>מאסט</ManufacturerName><ManufactureCountry>ישראל</ManufactureCountry><ManufacturerItemDescription>מסטיק מאסט קלאסי פפרמינט</ManufacturerItemDescription><SoldByWeight/><Quantity>0.00</Quantity><UnitOfMeasure>יח'</UnitOfMeasure><QtyInPackage>לא ידוע</QtyInPackage><UnitOfMeasurePrice>0.0000</UnitOfMeasurePrice><AllowDiscount>1</AllowDiscount><ItemStatus>1</ItemStatus><ItemPrice>4.50</ItemPrice></item><item><PriceUpdateDate>2016-05-26 11:45:52</PriceUpdateDate><ItemCode>7290008754682</ItemCode><ItemType>1</ItemType><ItemName>עוגת רולדה מצופה שוק</ItemName><ManufacturerName>עלית</ManufacturerName><ManufactureCountry>ישראל</ManufactureCountry><ManufacturerItemDescription>עוגת רולדה מצופה שוק</ManufacturerItemDescription><SoldByWeight/><Quantity>350.00</Quantity><UnitOfMeasure>גרם     </UnitOfMeasure><QtyInPackage>לא ידוע</QtyInPackage><UnitOfMeasurePrice>0.0483</UnitOfMeasurePrice><AllowDiscount>1</AllowDiscount><ItemStatus>1</ItemStatus><ItemPrice>16.90</ItemPrice></item><item><PriceUpdateDate>2016-05-01 08:13:40</PriceUpdateDate><ItemCode>7290008757980</ItemCode><ItemType>1</ItemType><ItemName>נקטר ספרינג רימונים</ItemName><ManufacturerName>ספרינג</ManufacturerName><ManufactureCountry>ישראל</ManufactureCountry><ManufacturerItemDescription>נקטר ספרינג רימונים</ManufacturerItemDescription><SoldByWeight/><Quantity>1000.00</Quantity><UnitOfMeasure>מ"ל</UnitOfMeasure><QtyInPackage>לא ידוע</QtyInPackage><UnitOfMeasurePrice>0.0067</UnitOfMeasurePrice><AllowDiscount>1</AllowDiscount><ItemStatus>1</ItemStatus><ItemPrice>6.70</ItemPrice></item><item><PriceUpdateDate>2016-08-02 07:35:29</PriceUpdateDate><ItemCode>7290008775731</ItemCode><ItemType>1</ItemType><ItemName>רוטב וינגרט 290 מ"ל</ItemName><ManufacturerName>אסם</ManufacturerName><ManufactureCountry>ישראל</ManufactureCountry><ManufacturerItemDescription>רוטב וינגרט קלאסי 290 מל</ManufacturerItemDescription><SoldByWeight/><Quantity>290.00</Quantity><UnitOfMeasure>מ"ל</UnitOfMeasure><QtyInPackage>לא ידוע</QtyInPackage><UnitOfMeasurePrice>0.0445</UnitOfMeasurePrice><AllowDiscount>1</AllowDiscount><ItemStatus>1</ItemStatus><ItemPrice>12.90</ItemPrice></item><item><PriceUpdateDate>2016-05-31 07:03:01</PriceUpdateDate><ItemCode>7290008775816</ItemCode><ItemType>1</ItemType><ItemName>ערגליות שוקו 300 גרם</ItemName><ManufacturerName>אסם</ManufacturerName><ManufactureCountry>ישראל</ManufactureCountry><ManufacturerItemDescription>ערגליות שוקו 300 גר</ManufacturerItemDescription><SoldByWeight/><Quantity>300.00</Quantity><UnitOfMeasure>גרם     </UnitOfMeasure><QtyInPackage>לא ידוע</QtyInPackage><UnitOfMeasurePrice>0.0357</UnitOfMeasurePrice><AllowDiscount>0</AllowDiscount><ItemStatus>1</ItemStatus><ItemPrice>10.70</ItemPrice></item><item><PriceUpdateDate>2016-05-31 07:03:01</PriceUpdateDate><ItemCode>7290008775823</ItemCode><ItemType>1</ItemType><ItemName>ערגליות תות 300 גרם</ItemName><ManufacturerName>אסם</ManufacturerName><ManufactureCountry>ישראל</ManufactureCountry><ManufacturerItemDescription>ערגליות תות 300 גר</ManufacturerItemDescription><SoldByWeight/><Quantity>300.00</Quantity><UnitOfMeasure>גרם     </UnitOfMeasure><QtyInPackage>לא ידוע</QtyInPackage><UnitOfMeasurePrice>0.0357</UnitOfMeasurePrice><AllowDiscount>0</AllowDiscount><ItemStatus>1</ItemStatus><ItemPrice>10.70</ItemPrice></item><item><PriceUpdateDate>2015-10-22 10:37:30</PriceUpdateDate><ItemCode>7290008775892</ItemCode><ItemType>1</ItemType><ItemName>פסטה פרפקטו לינגווינ</ItemName><ManufacturerName>פרפקטו</ManufacturerName><ManufactureCountry>איטליה</ManufactureCountry><ManufacturerItemDescription>פסטה פרפקטו לינגוויני 500</ManufacturerItemDescription><SoldByWeight/><Quantity>500.00</Quantity><UnitOfMeasure>גרם     </UnitOfMeasure><QtyInPackage>לא ידוע</QtyInPackage><UnitOfMeasurePrice>0.0198</UnitOfMeasurePrice><AllowDiscount>1</AllowDiscount><ItemStatus>1</ItemStatus><ItemPrice>9.90</ItemPrice></item><item><PriceUpdateDate>2016-05-31 07:03:02</PriceUpdateDate><ItemCode>7290008801454</ItemCode><ItemType>1</ItemType><ItemName>יין ישן נושן 650 מ"ל</ItemName><ManufacturerName>ישן נושן</ManufacturerName><ManufactureCountry>ישראל</ManufactureCountry><ManufacturerItemDescription>יין היובל ישן נושן 650 מל</ManufacturerItemDescription><SoldByWeight/><Quantity>650.00</Quantity><UnitOfMeasure>מ"ל</UnitOfMeasure><QtyInPackage>לא ידוע</QtyInPackage><UnitOfMeasurePrice>0.0257</UnitOfMeasurePrice><AllowDiscount>1</AllowDiscount><ItemStatus>1</ItemStatus><ItemPrice>16.70</ItemPrice></item><item><PriceUpdateDate>2014-11-10 06:30:04</PriceUpdateDate><ItemCode>7290008801478</ItemCode><ItemType>1</ItemType><ItemName>יין טופז זהב 750מ"ל</ItemName><ManufacturerName>לא ידוע</ManufacturerName><ManufactureCountry>ישראל</ManufactureCountry><ManufacturerItemDescription>יין טופז זהב 750מ"ל</ManufacturerItemDescription><SoldByWeight/><Quantity>750.00</Quantity><UnitOfMeasure>מ"ל</UnitOfMeasure><QtyInPackage>לא ידוע</QtyInPackage><UnitOfMeasurePrice>0.0311</UnitOfMeasurePrice><AllowDiscount>1</AllowDiscount><ItemStatus>1</ItemStatus><ItemPrice>23.30</ItemPrice></item><item><PriceUpdateDate>2016-08-02 07:35:29</PriceUpdateDate><ItemCode>7290008802895</ItemCode><ItemType>1</ItemType><ItemName>מב יין קברנה סוביניו</ItemName><ManufacturerName>Private Collection</ManufacturerName><ManufactureCountry>ישראל</ManufactureCountry><ManufacturerItemDescription>יין P.C קברנה סוביניון 75</ManufacturerItemDescription><SoldByWeight/><Quantity>750.00</Quantity><UnitOfMeasure>מ"ל</UnitOfMeasure><QtyInPackage>לא ידוע</QtyInPackage><UnitOfMeasurePrice>0.0532</UnitOfMeasurePrice><AllowDiscount>1</AllowDiscount><ItemStatus>1</ItemStatus><ItemPrice>39.90</ItemPrice></item><item><PriceUpdateDate>2016-08-02 07:39:45</PriceUpdateDate><ItemCode>7290008804332</ItemCode><ItemType>1</ItemType><ItemName>מב יין שיראז P.C 750</ItemName><ManufacturerName>Private Collection</ManufacturerName><ManufactureCountry>ישראל</ManufactureCountry><ManufacturerItemDescription>מב יין שיראז P.C 750</ManufacturerItemDescription><SoldByWeight/><Quantity>750.00</Quantity><UnitOfMeasure>מ"ל</UnitOfMeasure><QtyInPackage>לא ידוע</QtyInPackage><UnitOfMeasurePrice>0.0532</UnitOfMeasurePrice><AllowDiscount>1</AllowDiscount><ItemStatus>1</ItemStatus><ItemPrice>39.90</ItemPrice></item><item><PriceUpdateDate>2016-08-02 07:35:29</PriceUpdateDate><ItemCode>7290008806909</ItemCode><ItemType>1</ItemType><ItemName>גלידות קרמיסימו שוקו</ItemName><ManufacturerName>שטראוס לייט</ManufacturerName><ManufactureCountry>ישראל</ManufactureCountry><ManufacturerItemDescription>גלידה לייט שוקו וניל</ManufacturerItemDescription><SoldByWeight/><Quantity>1330.00</Quantity><UnitOfMeasure>מ"ל</UnitOfMeasure><QtyInPackage>לא ידוע</QtyInPackage><UnitOfMeasurePrice>0.0150</UnitOfMeasurePrice><AllowDiscount>1</AllowDiscount><ItemStatus>1</ItemStatus><ItemPrice>19.90</ItemPrice></item><item><PriceUpdateDate>2016-08-02 07:35:29</PriceUpdateDate><ItemCode>7290008806961</ItemCode><ItemType>1</ItemType><ItemName>גלידות קרמיסימו שבבי</ItemName><ManufacturerName>קרמיסימו</ManufacturerName><ManufactureCountry>ישראל</ManufactureCountry><ManufacturerItemDescription>קרמיסימו שוקולד ושבבי שוק</ManufacturerItemDescription><SoldByWeight/><Quantity>1330.00</Quantity><UnitOfMeasure>מ"ל</UnitOfMeasure><QtyInPackage>לא ידוע</QtyInPackage><UnitOfMeasurePrice>0.0150</UnitOfMeasurePrice><AllowDiscount>1</AllowDiscount><ItemStatus>1</ItemStatus><ItemPrice>19.90</ItemPrice></item><item><PriceUpdateDate>2016-05-31 07:03:02</PriceUpdateDate><ItemCode>7290008806985</ItemCode><ItemType>1</ItemType><ItemName>נשנושים גלידה שוקו ו</ItemName><ManufacturerName>קרמיסימו</ManufacturerName><ManufactureCountry>ישראל</ManufactureCountry><ManufacturerItemDescription>נשנושים גלידה שוקו ו</ManufacturerItemDescription><SoldByWeight/><Quantity>630.00</Quantity><UnitOfMeasure>גרם     </UnitOfMeasure><QtyInPackage>לא ידוע</QtyInPackage><UnitOfMeasurePrice>0.0681</UnitOfMeasurePrice><AllowDiscount>1</AllowDiscount><ItemStatus>1</ItemStatus><ItemPrice>42.90</ItemPrice></item><item><PriceUpdateDate>2014-11-10 06:31:16</PriceUpdateDate><ItemCode>7290008841511</ItemCode><ItemType>1</ItemType><ItemName>גרעינים שחורים 170 ג</ItemName><ManufacturerName>זארובי</ManufacturerName><ManufactureCountry>ישראל</ManufactureCountry><ManufacturerItemDescription>גרעינים שחורים 170 ג</ManufacturerItemDescription><SoldByWeight/><Quantity>170.00</Quantity><UnitOfMeasure>גרם     </UnitOfMeasure><QtyInPackage>לא ידוע</QtyInPackage><UnitOfMeasurePrice>0.0288</UnitOfMeasurePrice><AllowDiscount>1</AllowDiscount><ItemStatus>1</ItemStatus><ItemPrice>4.90</ItemPrice></item><item><PriceUpdateDate>2016-01-11 07:09:18</PriceUpdateDate><ItemCode>7290008899048</ItemCode><ItemType>3</ItemType><ItemName>קוראסון ביס</ItemName><ManufacturerName>פילסברי</ManufacturerName><ManufactureCountry>ישראל</ManufactureCountry><ManufacturerItemDescription>קוראסון ביס</ManufacturerItemDescription><SoldByWeight/><Quantity>1.00</Quantity><UnitOfMeasure>ק"ג</UnitOfMeasure><QtyInPackage>לא ידוע</QtyInPackage><UnitOfMeasurePrice>35.0000</UnitOfMeasurePrice><AllowDiscount>1</AllowDiscount><ItemStatus>1</ItemStatus><ItemPrice>35.00</ItemPrice></item><item><PriceUpdateDate>2015-10-22 10:37:31</PriceUpdateDate><ItemCode>7290008899093</ItemCode><ItemType>1</ItemType><ItemName>לחם איטלקי לאפיה</ItemName><ManufacturerName>פילסברי</ManufacturerName><ManufactureCountry>ישראל</ManufactureCountry><ManufacturerItemDescription>לחם איטלקי לאפיה</ManufacturerItemDescription><SoldByWeight/><Quantity>1000.00</Quantity><UnitOfMeasure>ק"ג     </UnitOfMeasure><QtyInPackage>לא ידוע</QtyInPackage><UnitOfMeasurePrice>0.0073</UnitOfMeasurePrice><AllowDiscount>1</AllowDiscount><ItemStatus>1</ItemStatus><ItemPrice>7.30</ItemPrice></item><item><PriceUpdateDate>2015-11-18 13:59:29</PriceUpdateDate><ItemCode>7290008899109</ItemCode><ItemType>1</ItemType><ItemName>לחם כפרי/ לחם חמניות</ItemName><ManufacturerName>פילסברי</ManufacturerName><ManufactureCountry>ישראל</ManufactureCountry><ManufacturerItemDescription>לחם כפרי/ לחם חמניות</ManufacturerItemDescription><SoldByWeight/><Quantity>1000.00</Quantity><UnitOfMeasure>ק"ג     </UnitOfMeasure><QtyInPackage>לא ידוע</QtyInPackage><UnitOfMeasurePrice>0.0112</UnitOfMeasurePrice><AllowDiscount>1</AllowDiscount><ItemStatus>1</ItemStatus><ItemPrice>11.20</ItemPrice></item><item><PriceUpdateDate>2015-10-11 20:34:35</PriceUpdateDate><ItemCode>7290008899321</ItemCode><ItemType>1</ItemType><ItemName>חלה קלועה אפיה בסניף</ItemName><ManufacturerName>פילסברי</ManufacturerName><ManufactureCountry>ישראל</ManufactureCountry><ManufacturerItemDescription>חלה קלועה אפיה בסניף</ManufacturerItemDescription><SoldByWeight/><Quantity>1000.00</Quantity><UnitOfMeasure>ק"ג     </UnitOfMeasure><QtyInPackage>לא ידוע</QtyInPackage><UnitOfMeasurePrice>0.0101</UnitOfMeasurePrice><AllowDiscount>1</AllowDiscount><ItemStatus>1</ItemStatus><ItemPrice>10.10</ItemPrice></item><item><PriceUpdateDate>2015-10-11 20:34:35</PriceUpdateDate><ItemCode>7290008899376</ItemCode><ItemType>1</ItemType><ItemName>לחמניה קשר לאפיה</ItemName><ManufacturerName>פילסברי</ManufacturerName><ManufactureCountry>ישראל</ManufactureCountry><ManufacturerItemDescription>לחמניה קשר לאפיה</ManufacturerItemDescription><SoldByWeight/><Quantity>1000.00</Quantity><UnitOfMeasure>ק"ג     </UnitOfMeasure><QtyInPackage>לא ידוע</QtyInPackage><UnitOfMeasurePrice>0.0031</UnitOfMeasurePrice><AllowDiscount>1</AllowDiscount><ItemStatus>1</ItemStatus><ItemPrice>3.10</ItemPrice></item><item><PriceUpdateDate>2015-10-11 20:34:35</PriceUpdateDate><ItemCode>7290008899413</ItemCode><ItemType>1</ItemType><ItemName>לחמניות ביס/פטיט פאן</ItemName><ManufacturerName>פילסברי</ManufacturerName><ManufactureCountry>ישראל</ManufactureCountry><ManufacturerItemDescription>לחמניות ביס/פטיט פאן</ManufacturerItemDescription><SoldByWeight/><Quantity>1000.00</Quantity><UnitOfMeasure>ק"ג     </UnitOfMeasure><QtyInPackage>לא ידוע</QtyInPackage><UnitOfMeasurePrice>0.0017</UnitOfMeasurePrice><AllowDiscount>0</AllowDiscount><ItemStatus>1</ItemStatus><ItemPrice>1.70</ItemPrice></item><item><PriceUpdateDate>2015-10-11 20:34:36</PriceUpdateDate><ItemCode>7290008899505</ItemCode><ItemType>1</ItemType><ItemName>באגט</ItemName><ManufacturerName>פילסברי</ManufacturerName><ManufactureCountry>ישראל</ManufactureCountry><ManufacturerItemDescription>באגט טרי אפיה בסניף</ManufacturerItemDescription><SoldByWeight/><Quantity>1000.00</Quantity><UnitOfMeasure>ק"ג     </UnitOfMeasure><QtyInPackage>לא ידוע</QtyInPackage><UnitOfMeasurePrice>0.0057</UnitOfMeasurePrice><AllowDiscount>0</AllowDiscount><ItemStatus>1</ItemStatus><ItemPrice>5.70</ItemPrice></item><item><PriceUpdateDate>2014-11-10 06:30:28</PriceUpdateDate><ItemCode>7290008899529</ItemCode><ItemType>1</ItemType><ItemName>לחם גיבטה 200 אפוי ק</ItemName><ManufacturerName>פילסברי</ManufacturerName><ManufactureCountry>ישראל</ManufactureCountry><ManufacturerItemDescription>לחם גיבטה 200 אפוי ק</ManufacturerItemDescription><SoldByWeight/><Quantity>1000.00</Quantity><UnitOfMeasure>ק"ג     </UnitOfMeasure><QtyInPackage>לא ידוע</QtyInPackage><UnitOfMeasurePrice>0.0057</UnitOfMeasurePrice><AllowDiscount>1</AllowDiscount><ItemStatus>1</ItemStatus><ItemPrice>5.70</ItemPrice></item><item><PriceUpdateDate>2016-06-28 07:37:58</PriceUpdateDate><ItemCode>7290008899642</ItemCode><ItemType>3</ItemType><ItemName>בורקס פילס 1 ק''ג פט</ItemName><ManufacturerName>פילסברי</ManufacturerName><ManufactureCountry>ישראל</ManufactureCountry><ManufacturerItemDescription>בורקס פילס פטריות 1 קג לא</ManufacturerItemDescription><SoldByWeight/><Quantity>1.00</Quantity><UnitOfMeasure>ק"ג</UnitOfMeasure><QtyInPackage>לא ידוע</QtyInPackage><UnitOfMeasurePrice>39.8000</UnitOfMeasurePrice><AllowDiscount>1</AllowDiscount><ItemStatus>1</ItemStatus><ItemPrice>39.80</ItemPrice></item><item><PriceUpdateDate>2016-05-31 07:03:03</PriceUpdateDate><ItemCode>7290008909167</ItemCode><ItemType>1</ItemType><ItemName>מיץ פריגת ענבים מרלו</ItemName><ManufacturerName>פריגת</ManufacturerName><ManufactureCountry>ישראל</ManufactureCountry><ManufacturerItemDescription>מיץ פריגת ענבים מרלו</ManufacturerItemDescription><SoldByWeight/><Quantity>1500.00</Quantity><UnitOfMeasure>מ"ל</UnitOfMeasure><QtyInPackage>לא ידוע</QtyInPackage><UnitOfMeasurePrice>0.0045</UnitOfMeasurePrice><AllowDiscount>0</AllowDiscount><ItemStatus>1</ItemStatus><ItemPrice>6.80</ItemPrice></item><item><PriceUpdateDate>2016-03-17 09:37:01</PriceUpdateDate><ItemCode>7290008909440</ItemCode><ItemType>1</ItemType><ItemName>פאנטה אורנג' מנגו 1.</ItemName><ManufacturerName>פאנטה אורנג</ManufacturerName><ManufactureCountry>ישראל</ManufactureCountry><ManufacturerItemDescription>פאנטה אורנג' מנגו 1.</ManufacturerItemDescription><SoldByWeight/><Quantity>1500.00</Quantity><UnitOfMeasure>מ"ל</UnitOfMeasure><QtyInPackage>לא ידוע</QtyInPackage><UnitOfMeasurePrice>0.0046</UnitOfMeasurePrice><AllowDiscount>1</AllowDiscount><ItemStatus>1</ItemStatus><ItemPrice>6.90</ItemPrice></item><item><PriceUpdateDate>2016-03-16 18:08:52</PriceUpdateDate><ItemCode>7290008909860</ItemCode><ItemType>1</ItemType><ItemName>קוקה קולה זירו 1.5 ל</ItemName><ManufacturerName>zero קוקה קולה</ManufacturerName><ManufactureCountry>ישראל</ManufactureCountry><ManufacturerItemDescription>קוקה קולה זירו 1.5 ל</ManufacturerItemDescription><SoldByWeight/><Quantity>1500.00</Quantity><UnitOfMeasure>מ"ל</UnitOfMeasure><QtyInPackage>לא ידוע</QtyInPackage><UnitOfMeasurePrice>0.0046</UnitOfMeasurePrice><AllowDiscount>1</AllowDiscount><ItemStatus>1</ItemStatus><ItemPrice>6.90</ItemPrice></item><item><PriceUpdateDate>2016-03-16 18:08:52</PriceUpdateDate><ItemCode>7290008909877</ItemCode><ItemType>1</ItemType><ItemName>קולה זירו שישיות 1.5</ItemName><ManufacturerName>zero קוקה קולה</ManufacturerName><ManufactureCountry>ישראל</ManufactureCountry><ManufacturerItemDescription>קוקה קולה זירו 1.5 1/6 ל</ManufacturerItemDescription><SoldByWeight/><Quantity>9000.00</Quantity><UnitOfMeasure>מ"ל</UnitOfMeasure><QtyInPackage>לא ידוע</QtyInPackage><UnitOfMeasurePrice>0.0041</UnitOfMeasurePrice><AllowDiscount>1</AllowDiscount><ItemStatus>1</ItemStatus><ItemPrice>36.90</ItemPrice></item><item><PriceUpdateDate>2016-06-28 09:29:16</PriceUpdateDate><ItemCode>7290008945202</ItemCode><ItemType>1</ItemType><ItemName>מב גלילונית רב שימוש</ItemName><ManufacturerName>גלילונית</ManufacturerName><ManufactureCountry>ישראל</ManufactureCountry><ManufacturerItemDescription>מב גלילונית רב שימוש</ManufacturerItemDescription><SoldByWeight/><Quantity>50.00</Quantity><UnitOfMeasure>יח'</UnitOfMeasure><QtyInPackage>לא ידוע</QtyInPackage><UnitOfMeasurePrice>0.2780</UnitOfMeasurePrice><AllowDiscount>1</AllowDiscount><ItemStatus>1</ItemStatus><ItemPrice>13.90</ItemPrice></item><item><PriceUpdateDate>2016-03-16 18:08:53</PriceUpdateDate><ItemCode>7290008975551</ItemCode><ItemType>1</ItemType><ItemName>מטרנה מהדרין שלב 3 7</ItemName><ManufacturerName>מטרנה</ManufacturerName><ManufactureCountry>ישראל</ManufactureCountry><ManufacturerItemDescription>מטרנה מהדרין שלב 3 7</ManufacturerItemDescription><SoldByWeight/><Quantity>700.00</Quantity><UnitOfMeasure>גרם     </UnitOfMeasure><QtyInPackage>לא ידוע</QtyInPackage><UnitOfMeasurePrice>0.0741</UnitOfMeasurePrice><AllowDiscount>1</AllowDiscount><ItemStatus>1</ItemStatus><ItemPrice>51.90</ItemPrice></item><item><PriceUpdateDate>2015-10-14 09:36:21</PriceUpdateDate><ItemCode>7290009076509</ItemCode><ItemType>1</ItemType><ItemName>5 פיתות מאפית</ItemName><ManufacturerName>אנג'ל</ManufacturerName><ManufactureCountry>ישראל</ManufactureCountry><ManufacturerItemDescription>5 פיתות מאפית</ManufacturerItemDescription><SoldByWeight/><Quantity>1.00</Quantity><UnitOfMeasure>יח'</UnitOfMeasure><QtyInPackage>לא ידוע</QtyInPackage><UnitOfMeasurePrice>6.9000</UnitOfMeasurePrice><AllowDiscount>1</AllowDiscount><ItemStatus>1</ItemStatus><ItemPrice>6.90</ItemPrice></item><item><PriceUpdateDate>2016-08-02 07:35:31</PriceUpdateDate><ItemCode>7290010045068</ItemCode><ItemType>1</ItemType><ItemName>עוגיות לחמי הנסיכה 2</ItemName><ManufacturerName>לא ידוע</ManufacturerName><ManufactureCountry>ישראל</ManufactureCountry><ManufacturerItemDescription>עוגיות הנסיכה 250 גר</ManufacturerItemDescription><SoldByWeight/><Quantity>250.00</Quantity><UnitOfMeasure>גרם     </UnitOfMeasure><QtyInPackage>לא ידוע</QtyInPackage><UnitOfMeasurePrice>0.0796</UnitOfMeasurePrice><AllowDiscount>1</AllowDiscount><ItemStatus>1</ItemStatus><ItemPrice>19.90</ItemPrice></item><item><PriceUpdateDate>2016-02-01 20:44:42</PriceUpdateDate><ItemCode>7290010065042</ItemCode><ItemType>1</ItemType><ItemName>מחית פרינוק 130 גרם</ItemName><ManufacturerName>פרינוק</ManufacturerName><ManufactureCountry>ישראל</ManufactureCountry><ManufacturerItemDescription>מחית פרינוק 130 גרם</ManufacturerItemDescription><SoldByWeight/><Quantity>130.00</Quantity><UnitOfMeasure>גרם     </UnitOfMeasure><QtyInPackage>לא ידוע</QtyInPackage><UnitOfMeasurePrice>0.0385</UnitOfMeasurePrice><AllowDiscount>1</AllowDiscount><ItemStatus>1</ItemStatus><ItemPrice>5.00</ItemPrice></item><item><PriceUpdateDate>2016-03-01 06:13:51</PriceUpdateDate><ItemCode>7290010065059</ItemCode><ItemType>1</ItemType><ItemName>מחית פרינוק 190 גרם</ItemName><ManufacturerName>פרינוק</ManufacturerName><ManufactureCountry>ישראל</ManufactureCountry><ManufacturerItemDescription>מחית פרינוק 190 גרם</ManufacturerItemDescription><SoldByWeight/><Quantity>190.00</Quantity><UnitOfMeasure>גרם     </UnitOfMeasure><QtyInPackage>לא ידוע</QtyInPackage><UnitOfMeasurePrice>0.0353</UnitOfMeasurePrice><AllowDiscount>1</AllowDiscount><ItemStatus>1</ItemStatus><ItemPrice>6.70</ItemPrice></item><item><PriceUpdateDate>2016-03-01 06:13:51</PriceUpdateDate><ItemCode>7290010065073</ItemCode><ItemType>1</ItemType><ItemName>מחית פרינוק 190 גרם</ItemName><ManufacturerName>פרינוק</ManufacturerName><ManufactureCountry>ישראל</ManufactureCountry><ManufacturerItemDescription>מחית פרינוק 190 גרם</ManufacturerItemDescription><SoldByWeight/><Quantity>190.00</Quantity><UnitOfMeasure>גרם     </UnitOfMeasure><QtyInPackage>לא ידוע</QtyInPackage><UnitOfMeasurePrice>0.0353</UnitOfMeasurePrice><AllowDiscount>1</AllowDiscount><ItemStatus>1</ItemStatus><ItemPrice>6.70</ItemPrice></item><item><PriceUpdateDate>2016-02-01 20:44:42</PriceUpdateDate><ItemCode>7290010065271</ItemCode><ItemType>1</ItemType><ItemName>מחית פרינוק תפו''ע 1</ItemName><ManufacturerName>פרינוק</ManufacturerName><ManufactureCountry>ישראל</ManufactureCountry><ManufacturerItemDescription>מחית פרינוק תפו''ע 1</ManufacturerItemDescription><SoldByWeight/><Quantity>130.00</Quantity><UnitOfMeasure>גרם     </UnitOfMeasure><QtyInPackage>לא ידוע</QtyInPackage><UnitOfMeasurePrice>0.0385</UnitOfMeasurePrice><AllowDiscount>1</AllowDiscount><ItemStatus>1</ItemStatus><ItemPrice>5.00</ItemPrice></item><item><PriceUpdateDate>2016-02-01 20:44:42</PriceUpdateDate><ItemCode>7290010065288</ItemCode><ItemType>1</ItemType><ItemName>מחית פרינוק בננה 130</ItemName><ManufacturerName>פרינוק</ManufacturerName><ManufactureCountry>ישראל</ManufactureCountry><ManufacturerItemDescription>מחית פרינוק בננה 130</ManufacturerItemDescription><SoldByWeight/><Quantity>130.00</Quantity><UnitOfMeasure>גרם     </UnitOfMeasure><QtyInPackage>לא ידוע</QtyInPackage><UnitOfMeasurePrice>0.0385</UnitOfMeasurePrice><AllowDiscount>1</AllowDiscount><ItemStatus>1</ItemStatus><ItemPrice>5.00</ItemPrice></item><item><PriceUpdateDate>2016-02-01 20:44:42</PriceUpdateDate><ItemCode>7290010065295</ItemCode><ItemType>1</ItemType><ItemName>מחית פרינוק תפו''ע ו</ItemName><ManufacturerName>פרינוק</ManufacturerName><ManufactureCountry>ישראל</ManufactureCountry><ManufacturerItemDescription>מחית פרינוק תפו''ע ו</ManufacturerItemDescription><SoldByWeight/><Quantity>130.00</Quantity><UnitOfMeasure>גרם     </UnitOfMeasure><QtyInPackage>לא ידוע</QtyInPackage><UnitOfMeasurePrice>0.0385</UnitOfMeasurePrice><AllowDiscount>1</AllowDiscount><ItemStatus>1</ItemStatus><ItemPrice>5.00</ItemPrice></item><item><PriceUpdateDate>2016-03-01 06:13:51</PriceUpdateDate><ItemCode>7290010065318</ItemCode><ItemType>1</ItemType><ItemName>מחית פרינוק תפו''ע ג</ItemName><ManufacturerName>פרינוק</ManufacturerName><ManufactureCountry>ישראל</ManufactureCountry><ManufacturerItemDescription>פרינוק מחית     פו"ע190ג</ManufacturerItemDescription><SoldByWeight/><Quantity>190.00</Quantity><UnitOfMeasure>גרם     </UnitOfMeasure><QtyInPackage>לא ידוע</QtyInPackage><UnitOfMeasurePrice>0.0353</UnitOfMeasurePrice><AllowDiscount>1</AllowDiscount><ItemStatus>1</ItemStatus><ItemPrice>6.70</ItemPrice></item><item><PriceUpdateDate>2016-02-01 20:44:43</PriceUpdateDate><ItemCode>7290010065721</ItemCode><ItemType>1</ItemType><ItemName>מחית פרינוק פירות 13</ItemName><ManufacturerName>פרינוק</ManufacturerName><ManufactureCountry>ישראל</ManufactureCountry><ManufacturerItemDescription>מחית פרינוק פירות 13</ManufacturerItemDescription><SoldByWeight/><Quantity>130.00</Quantity><UnitOfMeasure>גרם     </UnitOfMeasure><QtyInPackage>לא ידוע</QtyInPackage><UnitOfMeasurePrice>0.0385</UnitOfMeasurePrice><AllowDiscount>1</AllowDiscount><ItemStatus>1</ItemStatus><ItemPrice>5.00</ItemPrice></item><item><PriceUpdateDate>2016-06-28 09:29:16</PriceUpdateDate><ItemCode>7290010115938</ItemCode><ItemType>1</ItemType><ItemName>פתיבר שוקו עלית 500</ItemName><ManufacturerName>עלית</ManufacturerName><ManufactureCountry>ישראל</ManufactureCountry><ManufacturerItemDescription>פתיבר שוקו עלית 500</ManufacturerItemDescription><SoldByWeight/><Quantity>500.00</Quantity><UnitOfMeasure>גרם     </UnitOfMeasure><QtyInPackage>לא ידוע</QtyInPackage><UnitOfMeasurePrice>0.0238</UnitOfMeasurePrice><AllowDiscount>1</AllowDiscount><ItemStatus>1</ItemStatus><ItemPrice>11.90</ItemPrice></item><item><PriceUpdateDate>2016-05-31 07:03:04</PriceUpdateDate><ItemCode>7290010116348</ItemCode><ItemType>1</ItemType><ItemName>מיקס מעורב מגדים 390</ItemName><ManufacturerName>מיקס</ManufacturerName><ManufactureCountry>ישראל</ManufactureCountry><ManufacturerItemDescription>מיקס מעורב מגדים 390</ManufacturerItemDescription><SoldByWeight/><Quantity>390.00</Quantity><UnitOfMeasure>גרם     </UnitOfMeasure><QtyInPackage>לא ידוע</QtyInPackage><UnitOfMeasurePrice>0.0587</UnitOfMeasurePrice><AllowDiscount>1</AllowDiscount><ItemStatus>1</ItemStatus><ItemPrice>22.90</ItemPrice></item><item><PriceUpdateDate>2015-10-11 20:34:37</PriceUpdateDate><ItemCode>7290010116959</ItemCode><ItemType>1</ItemType><ItemName>צ'יטוס קראנצ' גבינה</ItemName><ManufacturerName>צ'יטוס</ManufacturerName><ManufactureCountry>ישראל</ManufactureCountry><ManufacturerItemDescription>חטיף ציטוס גבינה 80 גרם</ManufacturerItemDescription><SoldByWeight/><Quantity>80.00</Quantity><UnitOfMeasure>גרם     </UnitOfMeasure><QtyInPackage>לא ידוע</QtyInPackage><UnitOfMeasurePrice>0.0625</UnitOfMeasurePrice><AllowDiscount>1</AllowDiscount><ItemStatus>1</ItemStatus><ItemPrice>5.00</ItemPrice></item><item><PriceUpdateDate>2015-10-11 20:34:37</PriceUpdateDate><ItemCode>7290010116973</ItemCode><ItemType>1</ItemType><ItemName>צ'יטוס קראנצ' חמאת ב</ItemName><ManufacturerName>צ'יטוס</ManufacturerName><ManufactureCountry>ישראל</ManufactureCountry><ManufacturerItemDescription>צ'יטוס קראנצ' חמאת ב</ManufacturerItemDescription><SoldByWeight/><Quantity>80.00</Quantity><UnitOfMeasure>גרם     </UnitOfMeasure><QtyInPackage>לא ידוע</QtyInPackage><UnitOfMeasurePrice>0.0625</UnitOfMeasurePrice><AllowDiscount>1</AllowDiscount><ItemStatus>1</ItemStatus><ItemPrice>5.00</ItemPrice></item><item><PriceUpdateDate>2016-05-31 06:56:07</PriceUpdateDate><ItemCode>7290010116980</ItemCode><ItemType>1</ItemType><ItemName>שוקולית 850 גרם בשקי</ItemName><ManufacturerName>שוקולית</ManufacturerName><ManufactureCountry>ישראל</ManufactureCountry><ManufacturerItemDescription>שוקולית 850 גרם בשקי</ManufacturerItemDescription><SoldByWeight/><Quantity>850.00</Quantity><UnitOfMeasure>גרם     </UnitOfMeasure><QtyInPackage>לא ידוע</QtyInPackage><UnitOfMeasurePrice>0.0234</UnitOfMeasurePrice><AllowDiscount>1</AllowDiscount><ItemStatus>1</ItemStatus><ItemPrice>19.90</ItemPrice></item><item><PriceUpdateDate>2016-08-10 08:23:14</PriceUpdateDate><ItemCode>7290010118113</ItemCode><ItemType>1</ItemType><ItemName>מארז שוש אפוי 10*20</ItemName><ManufacturerName>שוש</ManufacturerName><ManufactureCountry>ישראל</ManufactureCountry><ManufacturerItemDescription>מארז שוש אפוי 10*20</ManufacturerItemDescription><SoldByWeight/><Quantity>200.00</Quantity><UnitOfMeasure>גרם     </UnitOfMeasure><QtyInPackage>לא ידוע</QtyInPackage><UnitOfMeasurePrice>0.0675</UnitOfMeasurePrice><AllowDiscount>1</AllowDiscount><ItemStatus>1</ItemStatus><ItemPrice>13.50</ItemPrice></item><item><PriceUpdateDate>2015-08-17 21:00:52</PriceUpdateDate><ItemCode>7290010153534</ItemCode><ItemType>1</ItemType><ItemName>קמח תירס 400 גרם</ItemName><ManufacturerName>מיה</ManufacturerName><ManufactureCountry>ישראל</ManufactureCountry><ManufacturerItemDescription>קמח תירס 400 גרם</ManufacturerItemDescription><SoldByWeight/><Quantity>400.00</Quantity><UnitOfMeasure>גרם     </UnitOfMeasure><QtyInPackage>לא ידוע</QtyInPackage><UnitOfMeasurePrice>0.0175</UnitOfMeasurePrice><AllowDiscount>1</AllowDiscount><ItemStatus>1</ItemStatus><ItemPrice>7.00</ItemPrice></item><item><PriceUpdateDate>2015-10-11 20:34:37</PriceUpdateDate><ItemCode>7290010154012</ItemCode><ItemType>1</ItemType><ItemName>לימון כבוש ביטון 250</ItemName><ManufacturerName>תבליני ביטון יוחאי</ManufacturerName><ManufactureCountry>ישראל</ManufactureCountry><ManufacturerItemDescription>לימון בלאדי 250 גר</ManufacturerItemDescription><SoldByWeight/><Quantity>250.00</Quantity><UnitOfMeasure>גרם     </UnitOfMeasure><QtyInPackage>לא ידוע</QtyInPackage><UnitOfMeasurePrice>0.0648</UnitOfMeasurePrice><AllowDiscount>1</AllowDiscount><ItemStatus>1</ItemStatus><ItemPrice>16.20</ItemPrice></item><item><PriceUpdateDate>2015-10-11 20:34:37</PriceUpdateDate><ItemCode>7290010154029</ItemCode><ItemType>1</ItemType><ItemName>אריסה מתוקה ביטון 25</ItemName><ManufacturerName>תבליני ביטון יוחאי</ManufacturerName><ManufactureCountry>ישראל</ManufactureCountry><ManufacturerItemDescription>אריסה מתוקה ביטון 25</ManufacturerItemDescription><SoldByWeight/><Quantity>250.00</Quantity><UnitOfMeasure>גרם     </UnitOfMeasure><QtyInPackage>לא ידוע</QtyInPackage><UnitOfMeasurePrice>0.0648</UnitOfMeasurePrice><AllowDiscount>1</AllowDiscount><ItemStatus>1</ItemStatus><ItemPrice>16.20</ItemPrice></item><item><PriceUpdateDate>2016-08-10 08:23:14</PriceUpdateDate><ItemCode>7290010154418</ItemCode><ItemType>1</ItemType><ItemName>סחוג אדום 130 גרם</ItemName><ManufacturerName>תבליני ביטון יוחאי</ManufacturerName><ManufactureCountry>ישראל</ManufactureCountry><ManufacturerItemDescription>סחוג אדום 130 גרם</ManufacturerItemDescription><SoldByWeight/><Quantity>130.00</Quantity><UnitOfMeasure>גרם     </UnitOfMeasure><QtyInPackage>לא ידוע</QtyInPackage><UnitOfMeasurePrice>0.0838</UnitOfMeasurePrice><AllowDiscount>1</AllowDiscount><ItemStatus>1</ItemStatus><ItemPrice>10.90</ItemPrice></item><item><PriceUpdateDate>2015-10-11 20:34:38</PriceUpdateDate><ItemCode>7290010237548</ItemCode><ItemType>1</ItemType><ItemName>בקבוק פפסי מקס 0.5 ל</ItemName><ManufacturerName>פפסי מקס</ManufacturerName><ManufactureCountry>ישראל</ManufactureCountry><ManufacturerItemDescription>פפסי מקס 500 מל</ManufacturerItemDescription><SoldByWeight/><Quantity>500.00</Quantity><UnitOfMeasure>מ"ל</UnitOfMeasure><QtyInPackage>לא ידוע</QtyInPackage><UnitOfMeasurePrice>0.0144</UnitOfMeasurePrice><AllowDiscount>1</AllowDiscount><ItemStatus>1</ItemStatus><ItemPrice>7.20</ItemPrice></item><item><PriceUpdateDate>2015-10-11 20:34:38</PriceUpdateDate><ItemCode>7290010237562</ItemCode><ItemType>1</ItemType><ItemName>בקבוק מירנדה 0.5 ליט</ItemName><ManufacturerName>מירינדה תפוז</ManufacturerName><ManufactureCountry>ישראל</ManufactureCountry><ManufacturerItemDescription>מירנדה 500 מל</ManufacturerItemDescription><SoldByWeight/><Quantity>500.00</Quantity><UnitOfMeasure>מ"ל</UnitOfMeasure><QtyInPackage>לא ידוע</QtyInPackage><UnitOfMeasurePrice>0.0144</UnitOfMeasurePrice><AllowDiscount>1</AllowDiscount><ItemStatus>1</ItemStatus><ItemPrice>7.20</ItemPrice></item><item><PriceUpdateDate>2015-10-11 20:34:38</PriceUpdateDate><ItemCode>7290010237579</ItemCode><ItemType>1</ItemType><ItemName>בקבוק סבן אפ 0.5 ליט</ItemName><ManufacturerName>7 אפ</ManufacturerName><ManufactureCountry>ישראל</ManufactureCountry><ManufacturerItemDescription>בקבוק סבן אפ 0.5 ליט</ManufacturerItemDescription><SoldByWeight/><Quantity>500.00</Quantity><UnitOfMeasure>מ"ל</UnitOfMeasure><QtyInPackage>לא ידוע</QtyInPackage><UnitOfMeasurePrice>0.0144</UnitOfMeasurePrice><AllowDiscount>1</AllowDiscount><ItemStatus>1</ItemStatus><ItemPrice>7.20</ItemPrice></item><item><PriceUpdateDate>2016-05-01 08:19:25</PriceUpdateDate><ItemCode>7290010237623</ItemCode><ItemType>1</ItemType><ItemName>בירה נשר מאלט 1.5 לי</ItemName><ManufacturerName>נשר מאלט</ManufacturerName><ManufactureCountry>ישראל</ManufactureCountry><ManufacturerItemDescription>בירה נשר מאלט 1.5 ל</ManufacturerItemDescription><SoldByWeight/><Quantity>1500.00</Quantity><UnitOfMeasure>מ"ל</UnitOfMeasure><QtyInPackage>לא ידוע</QtyInPackage><UnitOfMeasurePrice>0.0039</UnitOfMeasurePrice><AllowDiscount>1</AllowDiscount><ItemStatus>1</ItemStatus><ItemPrice>5.90</ItemPrice></item><item><PriceUpdateDate>2016-05-01 08:19:25</PriceUpdateDate><ItemCode>7290010237630</ItemCode><ItemType>1</ItemType><ItemName>בירה נשר מאלט דיאט 1</ItemName><ManufacturerName>נשר מאלט דיאט</ManufacturerName><ManufactureCountry>ישראל</ManufactureCountry><ManufacturerItemDescription>בירה נשר מאלט דיאט 1.5 ל</ManufacturerItemDescription><SoldByWeight/><Quantity>1500.00</Quantity><UnitOfMeasure>מ"ל</UnitOfMeasure><QtyInPackage>לא ידוע</QtyInPackage><UnitOfMeasurePrice>0.0039</UnitOfMeasurePrice><AllowDiscount>1</AllowDiscount><ItemStatus>1</ItemStatus><ItemPrice>5.90</ItemPrice></item><item><PriceUpdateDate>2016-05-01 08:13:41</PriceUpdateDate><ItemCode>7290010237692</ItemCode><ItemType>1</ItemType><ItemName>שישיית בירה היינקן 2</ItemName><ManufacturerName>הייניקן</ManufacturerName><ManufactureCountry>ישראל</ManufactureCountry><ManufacturerItemDescription>בירה היינקן בקבוק 250 1/6</ManufacturerItemDescription><SoldByWeight/><Quantity>1500.00</Quantity><UnitOfMeasure>מ"ל</UnitOfMeasure><QtyInPackage>לא ידוע</QtyInPackage><UnitOfMeasurePrice>0.0366</UnitOfMeasurePrice><AllowDiscount>1</AllowDiscount><ItemStatus>1</ItemStatus><ItemPrice>54.90</ItemPrice></item><item><PriceUpdateDate>2016-08-02 07:39:46</PriceUpdateDate><ItemCode>7290010237784</ItemCode><ItemType>1</ItemType><ItemName>מב מארז בירה מכבי שנ</ItemName><ManufacturerName>מכבי שנדי</ManufacturerName><ManufactureCountry>ישראל</ManufactureCountry><ManufacturerItemDescription>שישייה מכבי שנדי 330 מל ב</ManufacturerItemDescription><SoldByWeight/><Quantity>1980.00</Quantity><UnitOfMeasure>מ"ל</UnitOfMeasure><QtyInPackage>לא ידוע</QtyInPackage><UnitOfMeasurePrice>0.0166</UnitOfMeasurePrice><AllowDiscount>1</AllowDiscount><ItemStatus>1</ItemStatus><ItemPrice>32.90</ItemPrice></item><item><PriceUpdateDate>2015-10-22 10:38:25</PriceUpdateDate><ItemCode>7290010237890</ItemCode><ItemType>1</ItemType><ItemName>בירה היינקן 500 מ"ל</ItemName><ManufacturerName>הייניקן</ManufacturerName><ManufactureCountry>ישראל</ManufactureCountry><ManufacturerItemDescription>בירה היינקן.500 מל בקבוק</ManufacturerItemDescription><SoldByWeight/><Quantity>500.00</Quantity><UnitOfMeasure>מ"ל</UnitOfMeasure><QtyInPackage>לא ידוע</QtyInPackage><UnitOfMeasurePrice>0.0178</UnitOfMeasurePrice><AllowDiscount>1</AllowDiscount><ItemStatus>1</ItemStatus><ItemPrice>8.90</ItemPrice></item><item><PriceUpdateDate>2015-02-24 09:09:42</PriceUpdateDate><ItemCode>7290010256273</ItemCode><ItemType>1</ItemType><ItemName>מפות שולחן 8 יח' 135</ItemName><ManufacturerName>"המותג"</ManufacturerName><ManufactureCountry>ישראל</ManufactureCountry><ManufacturerItemDescription>מפות שולחן 8 יח' 135</ManufacturerItemDescription><SoldByWeight/><Quantity>8.00</Quantity><UnitOfMeasure>יח</UnitOfMeasure><QtyInPackage>לא ידוע</QtyInPackage><UnitOfMeasurePrice>0.6125</UnitOfMeasurePrice><AllowDiscount>1</AllowDiscount><ItemStatus>1</ItemStatus><ItemPrice>4.90</ItemPrice></item><item><PriceUpdateDate>2016-05-09 10:58:55</PriceUpdateDate><ItemCode>7290010259007</ItemCode><ItemType>1</ItemType><ItemName>עוגיות ביצים בישקוטי</ItemName><ManufacturerName>וילי פוד</ManufacturerName><ManufactureCountry>ישראל</ManufactureCountry><ManufacturerItemDescription>עוגיות ביצים בישקוטי</ManufacturerItemDescription><SoldByWeight/><Quantity>200.00</Quantity><UnitOfMeasure>גרם     </UnitOfMeasure><QtyInPackage>לא ידוע</QtyInPackage><UnitOfMeasurePrice>0.0345</UnitOfMeasurePrice><AllowDiscount>1</AllowDiscount><ItemStatus>1</ItemStatus><ItemPrice>6.90</ItemPrice></item><item><PriceUpdateDate>2016-08-10 08:23:14</PriceUpdateDate><ItemCode>7290010259366</ItemCode><ItemType>1</ItemType><ItemName>אטריות נודלס ביצים 2</ItemName><ManufacturerName>לא ממותג</ManufacturerName><ManufactureCountry>ישראל</ManufactureCountry><ManufacturerItemDescription>אטריות נודלס ביצים 2</ManufacturerItemDescription><SoldByWeight/><Quantity>200.00</Quantity><UnitOfMeasure>גרם     </UnitOfMeasure><QtyInPackage>לא ידוע</QtyInPackage><UnitOfMeasurePrice>0.0235</UnitOfMeasurePrice><AllowDiscount>1</AllowDiscount><ItemStatus>1</ItemStatus><ItemPrice>4.70</ItemPrice></item><item><PriceUpdateDate>2015-10-11 20:34:38</PriceUpdateDate><ItemCode>7290010259830</ItemCode><ItemType>1</ItemType><ItemName>מנת השף עם נודלס בסג</ItemName><ManufacturerName>מנת השף</ManufacturerName><ManufactureCountry>ישראל</ManufactureCountry><ManufacturerItemDescription>נודלס בסגנון סיני פיקנטי</ManufacturerItemDescription><SoldByWeight/><Quantity>70.00</Quantity><UnitOfMeasure>גרם     </UnitOfMeasure><QtyInPackage>לא ידוע</QtyInPackage><UnitOfMeasurePrice>0.0929</UnitOfMeasurePrice><AllowDiscount>1</AllowDiscount><ItemStatus>1</ItemStatus><ItemPrice>6.50</ItemPrice></item><item><PriceUpdateDate>2015-10-11 20:34:38</PriceUpdateDate><ItemCode>7290010259854</ItemCode><ItemType>1</ItemType><ItemName>מנת השף-מרק עם נודלס</ItemName><ManufacturerName>מנת השף</ManufacturerName><ManufactureCountry>ישראל</ManufactureCountry><ManufacturerItemDescription>נודלס מנת השף בטעם פטריות</ManufacturerItemDescription><SoldByWeight/><Quantity>70.00</Quantity><UnitOfMeasure>גרם     </UnitOfMeasure><QtyInPackage>לא ידוע</QtyInPackage><UnitOfMeasurePrice>0.0929</UnitOfMeasurePrice><AllowDiscount>1</AllowDiscount><ItemStatus>1</ItemStatus><ItemPrice>6.50</ItemPrice></item><item><PriceUpdateDate>2014-11-10 06:29:43</PriceUpdateDate><ItemCode>7290010259892</ItemCode><ItemType>1</ItemType><ItemName>מרגרינה ללא מלח 200ג</ItemName><ManufacturerName>לא ממותג</ManufacturerName><ManufactureCountry>ישראל</ManufactureCountry><ManufacturerItemDescription>מרגרינה ללא מלח 200ג</ManufacturerItemDescription><SoldByWeight/><Quantity>200.00</Quantity><UnitOfMeasure>מ"ל</UnitOfMeasure><QtyInPackage>לא ידוע</QtyInPackage><UnitOfMeasurePrice>0.0190</UnitOfMeasurePrice><AllowDiscount>1</AllowDiscount><ItemStatus>1</ItemStatus><ItemPrice>3.80</ItemPrice></item><item><PriceUpdateDate>2016-08-02 07:39:46</PriceUpdateDate><ItemCode>7290010259991</ItemCode><ItemType>1</ItemType><ItemName>מב צנימים 250 גרם</ItemName><ManufacturerName>לא ממותג</ManufacturerName><ManufactureCountry>ישראל</ManufactureCountry><ManufacturerItemDescription>מב צנימים 250 גרם</ManufacturerItemDescription><SoldByWeight/><Quantity>250.00</Quantity><UnitOfMeasure>גרם     </UnitOfMeasure><QtyInPackage>לא ידוע</QtyInPackage><UnitOfMeasurePrice>0.0236</UnitOfMeasurePrice><AllowDiscount>1</AllowDiscount><ItemStatus>1</ItemStatus><ItemPrice>5.90</ItemPrice></item><item><PriceUpdateDate>2016-06-28 09:29:17</PriceUpdateDate><ItemCode>7290010287222</ItemCode><ItemType>1</ItemType><ItemName>תירוש ענבים 100% טבע</ItemName><ManufacturerName>"המותג"</ManufacturerName><ManufactureCountry>ישראל</ManufactureCountry><ManufacturerItemDescription>תירוש ענבים 100% טבע</ManufacturerItemDescription><SoldByWeight/><Quantity>1000.00</Quantity><UnitOfMeasure>מ"ל</UnitOfMeasure><QtyInPackage>לא ידוע</QtyInPackage><UnitOfMeasurePrice>0.0149</UnitOfMeasurePrice><AllowDiscount>1</AllowDiscount><ItemStatus>1</ItemStatus><ItemPrice>14.90</ItemPrice></item><item><PriceUpdateDate>2016-08-02 07:35:32</PriceUpdateDate><ItemCode>7290010287239</ItemCode><ItemType>1</ItemType><ItemName>תירוש ענבים 750 מ"ל</ItemName><ManufacturerName>"המותג"</ManufacturerName><ManufactureCountry>ישראל</ManufactureCountry><ManufacturerItemDescription>תירוש ענבים 750 מ"ל</ManufacturerItemDescription><SoldByWeight/><Quantity>750.00</Quantity><UnitOfMeasure>מ"ל</UnitOfMeasure><QtyInPackage>לא ידוע</QtyInPackage><UnitOfMeasurePrice>0.0172</UnitOfMeasurePrice><AllowDiscount>1</AllowDiscount><ItemStatus>1</ItemStatus><ItemPrice>12.90</ItemPrice></item><item><PriceUpdateDate>2016-06-28 09:29:17</PriceUpdateDate><ItemCode>7290010287987</ItemCode><ItemType>1</ItemType><ItemName>יין וינטאז שיראז פטי</ItemName><ManufacturerName>לא ממתוג</ManufacturerName><ManufactureCountry>לא ידוע</ManufactureCountry><ManufacturerItemDescription>יין וינטאז שיראז פטי</ManufacturerItemDescription><SoldByWeight/><Quantity>750.00</Quantity><UnitOfMeasure>מ"ל</UnitOfMeasure><QtyInPackage>לא ידוע</QtyInPackage><UnitOfMeasurePrice>0.0385</UnitOfMeasurePrice><AllowDiscount>1</AllowDiscount><ItemStatus>1</ItemStatus><ItemPrice>28.90</ItemPrice></item><item><PriceUpdateDate>2014-11-10 06:29:46</PriceUpdateDate><ItemCode>7290010328093</ItemCode><ItemType>1</ItemType><ItemName>ממרח חלבה 500 גרם</ItemName><ManufacturerName>אחוה</ManufacturerName><ManufactureCountry>ישראל</ManufactureCountry><ManufacturerItemDescription>ממרח חלבה 500 גרם</ManufacturerItemDescription><SoldByWeight/><Quantity>500.00</Quantity><UnitOfMeasure>גרם     </UnitOfMeasure><QtyInPackage>לא ידוע</QtyInPackage><UnitOfMeasurePrice>0.0378</UnitOfMeasurePrice><AllowDiscount>1</AllowDiscount><ItemStatus>1</ItemStatus><ItemPrice>18.90</ItemPrice></item><item><PriceUpdateDate>2016-06-28 09:29:17</PriceUpdateDate><ItemCode>7290010328246</ItemCode><ItemType>1</ItemType><ItemName>טחינה אחוה שומשום מל</ItemName><ManufacturerName>אחווה</ManufacturerName><ManufactureCountry>ישראל</ManufactureCountry><ManufacturerItemDescription>טחינה אחוה שומשום מל</ManufacturerItemDescription><SoldByWeight/><Quantity>500.00</Quantity><UnitOfMeasure>גרם     </UnitOfMeasure><QtyInPackage>לא ידוע</QtyInPackage><UnitOfMeasurePrice>0.0278</UnitOfMeasurePrice><AllowDiscount>1</AllowDiscount><ItemStatus>1</ItemStatus><ItemPrice>13.90</ItemPrice></item><item><PriceUpdateDate>2016-06-28 09:29:17</PriceUpdateDate><ItemCode>7290010328253</ItemCode><ItemType>1</ItemType><ItemName>טחינה גולמית אחוה 50</ItemName><ManufacturerName>אחווה</ManufacturerName><ManufactureCountry>ישראל</ManufactureCountry><ManufacturerItemDescription>טחינה גולמית אחווה 500 גר</ManufacturerItemDescription><SoldByWeight/><Quantity>500.00</Quantity><UnitOfMeasure>גרם     </UnitOfMeasure><QtyInPackage>לא ידוע</QtyInPackage><UnitOfMeasurePrice>0.0278</UnitOfMeasurePrice><AllowDiscount>1</AllowDiscount><ItemStatus>1</ItemStatus><ItemPrice>13.90</ItemPrice></item><item><PriceUpdateDate>2016-02-18 11:10:33</PriceUpdateDate><ItemCode>7290010329595</ItemCode><ItemType>1</ItemType><ItemName>וופל אגו דאבל שוקולד</ItemName><ManufacturerName>אגו</ManufacturerName><ManufactureCountry>ישראל</ManufactureCountry><ManufacturerItemDescription>וופל אגו דאבל שוקולד</ManufacturerItemDescription><SoldByWeight/><Quantity>130.00</Quantity><UnitOfMeasure>גרם     </UnitOfMeasure><QtyInPackage>לא ידוע</QtyInPackage><UnitOfMeasurePrice>0.0762</UnitOfMeasurePrice><AllowDiscount>1</AllowDiscount><ItemStatus>1</ItemStatus><ItemPrice>9.90</ItemPrice></item><item><PriceUpdateDate>2016-02-18 11:10:34</PriceUpdateDate><ItemCode>7290010329984</ItemCode><ItemType>1</ItemType><ItemName>כרמית שוקולד ציפס מו</ItemName><ManufacturerName>כרמית</ManufacturerName><ManufactureCountry>ישראל</ManufactureCountry><ManufacturerItemDescription>כרמית שוקולד ציפס מו</ManufacturerItemDescription><SoldByWeight/><Quantity>250.00</Quantity><UnitOfMeasure>גרם     </UnitOfMeasure><QtyInPackage>לא ידוע</QtyInPackage><UnitOfMeasurePrice>0.0556</UnitOfMeasurePrice><AllowDiscount>1</AllowDiscount><ItemStatus>1</ItemStatus><ItemPrice>13.90</ItemPrice></item><item><PriceUpdateDate>2016-05-10 10:33:07</PriceUpdateDate><ItemCode>7290010429318</ItemCode><ItemType>1</ItemType><ItemName>מעדן פירות יער 100%</ItemName><ManufacturerName>יד מרדכי</ManufacturerName><ManufactureCountry>ישראל</ManufactureCountry><ManufacturerItemDescription>מעדן פירות יער 100% פרי 2</ManufacturerItemDescription><SoldByWeight/><Quantity>250.00</Quantity><UnitOfMeasure>גרם     </UnitOfMeasure><QtyInPackage>לא ידוע</QtyInPackage><UnitOfMeasurePrice>0.0596</UnitOfMeasurePrice><AllowDiscount>1</AllowDiscount><ItemStatus>1</ItemStatus><ItemPrice>14.90</ItemPrice></item><item><PriceUpdateDate>2016-05-31 07:03:05</PriceUpdateDate><ItemCode>7290010429554</ItemCode><ItemType>1</ItemType><ItemName>שמן זית יד מרדכי כתי</ItemName><ManufacturerName>יד מרדכי</ManufacturerName><ManufactureCountry>ישראל</ManufactureCountry><ManufacturerItemDescription>שמן זית כתית מעולה2- קלאס</ManufacturerItemDescription><SoldByWeight/><Quantity>750.00</Quantity><UnitOfMeasure>מ"ל</UnitOfMeasure><QtyInPackage>לא ידוע</QtyInPackage><UnitOfMeasurePrice>0.0465</UnitOfMeasurePrice><AllowDiscount>1</AllowDiscount><ItemStatus>1</ItemStatus><ItemPrice>34.90</ItemPrice></item><item><PriceUpdateDate>2016-03-17 09:37:01</PriceUpdateDate><ItemCode>7290010471669</ItemCode><ItemType>1</ItemType><ItemName>דנונה בר תות קורנפלק</ItemName><ManufacturerName>דנונה</ManufacturerName><ManufactureCountry>ישראל</ManufactureCountry><ManufacturerItemDescription>דנונהבר תות קורנפלקס מצופ</ManufacturerItemDescription><SoldByWeight/><Quantity>175.00</Quantity><UnitOfMeasure>מ"ל</UnitOfMeasure><QtyInPackage>לא ידוע</QtyInPackage><UnitOfMeasurePrice>0.0257</UnitOfMeasurePrice><AllowDiscount>1</AllowDiscount><ItemStatus>1</ItemStatus><ItemPrice>4.50</ItemPrice></item><item><PriceUpdateDate>2014-11-10 06:30:46</PriceUpdateDate><ItemCode>7290010472031</ItemCode><ItemType>1</ItemType><ItemName>אקטיבייה 3% 150 גרם-</ItemName><ManufacturerName>אקטיביה</ManufacturerName><ManufactureCountry>ישראל</ManufactureCountry><ManufacturerItemDescription>יוגורט אקטיביה 3% החזרות</ManufacturerItemDescription><SoldByWeight/><Quantity>150.00</Quantity><UnitOfMeasure>מ"ל</UnitOfMeasure><QtyInPackage>לא ידוע</QtyInPackage><UnitOfMeasurePrice>0.0267</UnitOfMeasurePrice><AllowDiscount>1</AllowDiscount><ItemStatus>1</ItemStatus><ItemPrice>4.00</ItemPrice></item><item><PriceUpdateDate>2015-10-22 10:37:32</PriceUpdateDate><ItemCode>7290010472307</ItemCode><ItemType>1</ItemType><ItemName>גמדים לשתיה תות בננה</ItemName><ManufacturerName>גמדים</ManufacturerName><ManufactureCountry>ישראל</ManufactureCountry><ManufacturerItemDescription>גמדים לשתיה תות בננה</ManufacturerItemDescription><SoldByWeight/><Quantity>800.00</Quantity><UnitOfMeasure>מ"ל</UnitOfMeasure><QtyInPackage>לא ידוע</QtyInPackage><UnitOfMeasurePrice>0.0263</UnitOfMeasurePrice><AllowDiscount>1</AllowDiscount><ItemStatus>1</ItemStatus><ItemPrice>21.00</ItemPrice></item><item><PriceUpdateDate>2016-02-18 11:10:34</PriceUpdateDate><ItemCode>7290010472390</ItemCode><ItemType>1</ItemType><ItemName>מארז שמינייה דני שוק</ItemName><ManufacturerName>דני</ManufacturerName><ManufactureCountry>ישראל</ManufactureCountry><ManufacturerItemDescription>מארז שמינייה דני שוק</ManufacturerItemDescription><SoldByWeight/><Quantity>1000.00</Quantity><UnitOfMeasure>גרם     </UnitOfMeasure><QtyInPackage>לא ידוע</QtyInPackage><UnitOfMeasurePrice>0.0169</UnitOfMeasurePrice><AllowDiscount>1</AllowDiscount><ItemStatus>1</ItemStatus><ItemPrice>16.90</ItemPrice></item><item><PriceUpdateDate>2016-08-02 07:39:47</PriceUpdateDate><ItemCode>7290010546169</ItemCode><ItemType>1</ItemType><ItemName>מב גרנולה מנדל שקדים</ItemName><ManufacturerName>לא ממותג</ManufacturerName><ManufactureCountry>לא ידוע</ManufactureCountry><ManufacturerItemDescription>מב גרנולה מנדל שקדים</ManufacturerItemDescription><SoldByWeight/><Quantity>400.00</Quantity><UnitOfMeasure>גרם     </UnitOfMeasure><QtyInPackage>לא ידוע</QtyInPackage><UnitOfMeasurePrice>0.0398</UnitOfMeasurePrice><AllowDiscount>1</AllowDiscount><ItemStatus>1</ItemStatus><ItemPrice>15.90</ItemPrice></item><item><PriceUpdateDate>2016-08-10 08:23:14</PriceUpdateDate><ItemCode>7290010569052</ItemCode><ItemType>1</ItemType><ItemName>גלידה משפחתית שוקו ו</ItemName><ManufacturerName>שטראוס גלידה</ManufacturerName><ManufactureCountry>ישראל</ManufactureCountry><ManufacturerItemDescription>גלידה משפחתית שוקו ו</ManufacturerItemDescription><SoldByWeight/><Quantity>2000.00</Quantity><UnitOfMeasure>מ"ל</UnitOfMeasure><QtyInPackage>לא ידוע</QtyInPackage><UnitOfMeasurePrice>0.0149</UnitOfMeasurePrice><AllowDiscount>1</AllowDiscount><ItemStatus>1</ItemStatus><ItemPrice>29.90</ItemPrice></item><item><PriceUpdateDate>2016-08-10 08:23:14</PriceUpdateDate><ItemCode>7290010613656</ItemCode><ItemType>1</ItemType><ItemName>שמפו רצפות בריח מאסק</ItemName><ManufacturerName>"המותג"</ManufacturerName><ManufactureCountry>ישראל</ManufactureCountry><ManufacturerItemDescription>שמפו רצפות בריח מאסק</ManufacturerItemDescription><SoldByWeight/><Quantity>4000.00</Quantity><UnitOfMeasure>מ"ל</UnitOfMeasure><QtyInPackage>לא ידוע</QtyInPackage><UnitOfMeasurePrice>0.0030</UnitOfMeasurePrice><AllowDiscount>1</AllowDiscount><ItemStatus>1</ItemStatus><ItemPrice>11.90</ItemPrice></item><item><PriceUpdateDate>2016-08-10 08:23:14</PriceUpdateDate><ItemCode>7290010613663</ItemCode><ItemType>1</ItemType><ItemName>שמפו רצפות בריח אורנ</ItemName><ManufacturerName>"המותג"</ManufacturerName><ManufactureCountry>ישראל</ManufactureCountry><ManufacturerItemDescription>שמפו רצפות בריח אורנ</ManufacturerItemDescription><SoldByWeight/><Quantity>4000.00</Quantity><UnitOfMeasure>מ"ל</UnitOfMeasure><QtyInPackage>לא ידוע</QtyInPackage><UnitOfMeasurePrice>0.0030</UnitOfMeasurePrice><AllowDiscount>1</AllowDiscount><ItemStatus>1</ItemStatus><ItemPrice>11.90</ItemPrice></item><item><PriceUpdateDate>2016-06-28 09:31:15</PriceUpdateDate><ItemCode>7290010613670</ItemCode><ItemType>1</ItemType><ItemName>מב מרכך כביסה לבן  4</ItemName><ManufacturerName>"המותג"</ManufacturerName><ManufactureCountry>ישראל</ManufactureCountry><ManufacturerItemDescription>מב מרכך כביסה לבן  4</ManufacturerItemDescription><SoldByWeight/><Quantity>4000.00</Quantity><UnitOfMeasure>מ"ל</UnitOfMeasure><QtyInPackage>לא ידוע</QtyInPackage><UnitOfMeasurePrice>0.0032</UnitOfMeasurePrice><AllowDiscount>1</AllowDiscount><ItemStatus>1</ItemStatus><ItemPrice>12.90</ItemPrice></item><item><PriceUpdateDate>2016-06-28 09:31:15</PriceUpdateDate><ItemCode>7290010613687</ItemCode><ItemType>1</ItemType><ItemName>מב מרכך כביסה ורוד 4</ItemName><ManufacturerName>"המותג"</ManufacturerName><ManufactureCountry>ישראל</ManufactureCountry><ManufacturerItemDescription>מב מרכך כביסה ורוד 4</ManufacturerItemDescription><SoldByWeight/><Quantity>4000.00</Quantity><UnitOfMeasure>מ"ל</UnitOfMeasure><QtyInPackage>לא ידוע</QtyInPackage><UnitOfMeasurePrice>0.0032</UnitOfMeasurePrice><AllowDiscount>1</AllowDiscount><ItemStatus>1</ItemStatus><ItemPrice>12.90</ItemPrice></item><item><PriceUpdateDate>2016-06-28 09:31:16</PriceUpdateDate><ItemCode>7290010613694</ItemCode><ItemType>1</ItemType><ItemName>מב מרכך כביסה כחול 4</ItemName><ManufacturerName>"המותג"</ManufacturerName><ManufactureCountry>ישראל</ManufactureCountry><ManufacturerItemDescription>מב מרכך כביסה כחול 4</ManufacturerItemDescription><SoldByWeight/><Quantity>4000.00</Quantity><UnitOfMeasure>מ"ל</UnitOfMeasure><QtyInPackage>לא ידוע</QtyInPackage><UnitOfMeasurePrice>0.0032</UnitOfMeasurePrice><AllowDiscount>1</AllowDiscount><ItemStatus>1</ItemStatus><ItemPrice>12.90</ItemPrice></item><item><PriceUpdateDate>2016-06-28 09:31:16</PriceUpdateDate><ItemCode>7290010613908</ItemCode><ItemType>1</ItemType><ItemName>מב אקונומיקה לימון 4</ItemName><ManufacturerName>"המותג"</ManufacturerName><ManufactureCountry>ישראל</ManufactureCountry><ManufacturerItemDescription>מב אקונומיקה לימון 4</ManufacturerItemDescription><SoldByWeight/><Quantity>4000.00</Quantity><UnitOfMeasure>מ"ל</UnitOfMeasure><QtyInPackage>לא ידוע</QtyInPackage><UnitOfMeasurePrice>0.0022</UnitOfMeasurePrice><AllowDiscount>1</AllowDiscount><ItemStatus>1</ItemStatus><ItemPrice>8.90</ItemPrice></item><item><PriceUpdateDate>2014-11-10 06:30:22</PriceUpdateDate><ItemCode>7290010632657</ItemCode><ItemType>1</ItemType><ItemName>מוצץ גומי 3יח גדול</ItemName><ManufacturerName>לא ידוע</ManufacturerName><ManufactureCountry>הודו</ManufactureCountry><ManufacturerItemDescription>עוגיות בוקר     פירות225</ManufacturerItemDescription><SoldByWeight/><Quantity>3.00</Quantity><UnitOfMeasure>יח'</UnitOfMeasure><QtyInPackage>לא ידוע</QtyInPackage><UnitOfMeasurePrice>4.4000</UnitOfMeasurePrice><AllowDiscount>1</AllowDiscount><ItemStatus>1</ItemStatus><ItemPrice>13.20</ItemPrice></item><item><PriceUpdateDate>2014-11-10 06:30:28</PriceUpdateDate><ItemCode>7290010672493</ItemCode><ItemType>3</ItemType><ItemName>קוקטייל בולגרית בצק</ItemName><ManufacturerName>פילסברי</ManufacturerName><ManufactureCountry>ישראל</ManufactureCountry><ManufacturerItemDescription>בורקס קוקטייל ביס בולגרית</ManufacturerItemDescription><SoldByWeight/><Quantity>1.00</Quantity><UnitOfMeasure>ק"ג</UnitOfMeasure><QtyInPackage>לא ידוע</QtyInPackage><UnitOfMeasurePrice>44.0000</UnitOfMeasurePrice><AllowDiscount>1</AllowDiscount><ItemStatus>1</ItemStatus><ItemPrice>44.00</ItemPrice></item><item><PriceUpdateDate>2014-11-10 06:30:28</PriceUpdateDate><ItemCode>7290010672547</ItemCode><ItemType>3</ItemType><ItemName>כיס פרלין פילסברי</ItemName><ManufacturerName>פילסברי</ManufacturerName><ManufactureCountry>ישראל</ManufactureCountry><ManufacturerItemDescription>מאפה כיס פרלין 1 קג חלבי</ManufacturerItemDescription><SoldByWeight/><Quantity>1.00</Quantity><UnitOfMeasure>ק"ג</UnitOfMeasure><QtyInPackage>לא ידוע</QtyInPackage><UnitOfMeasurePrice>43.0000</UnitOfMeasurePrice><AllowDiscount>1</AllowDiscount><ItemStatus>1</ItemStatus><ItemPrice>43.00</ItemPrice></item><item><PriceUpdateDate>2015-10-22 10:37:33</PriceUpdateDate><ItemCode>7290010672868</ItemCode><ItemType>1</ItemType><ItemName>מאפינס חמישיות שוקו</ItemName><ManufacturerName>פילסברי</ManufacturerName><ManufactureCountry>ישראל</ManufactureCountry><ManufacturerItemDescription>מאפינס חמישיות שוקו</ManufacturerItemDescription><SoldByWeight/><Quantity>1000.00</Quantity><UnitOfMeasure>ק"ג     </UnitOfMeasure><QtyInPackage>לא ידוע</QtyInPackage><UnitOfMeasurePrice>0.0103</UnitOfMeasurePrice><AllowDiscount>1</AllowDiscount><ItemStatus>1</ItemStatus><ItemPrice>10.30</ItemPrice></item><item><PriceUpdateDate>2015-10-15 07:39:39</PriceUpdateDate><ItemCode>7290010711857</ItemCode><ItemType>1</ItemType><ItemName>אטבי כביסה פרימיום 2</ItemName><ManufacturerName>"המותג"</ManufacturerName><ManufactureCountry>ישראל</ManufactureCountry><ManufacturerItemDescription>אטבי כביסה פרימיום 2</ManufacturerItemDescription><SoldByWeight/><Quantity>20.00</Quantity><UnitOfMeasure>יח'</UnitOfMeasure><QtyInPackage>לא ידוע</QtyInPackage><UnitOfMeasurePrice>0.3450</UnitOfMeasurePrice><AllowDiscount>1</AllowDiscount><ItemStatus>1</ItemStatus><ItemPrice>6.90</ItemPrice></item><item><PriceUpdateDate>2016-06-28 09:29:17</PriceUpdateDate><ItemCode>7290010718627</ItemCode><ItemType>1</ItemType><ItemName>מב סבון נוזלי פנינה</ItemName><ManufacturerName>לא ידוע</ManufacturerName><ManufactureCountry>ישראל</ManufactureCountry><ManufacturerItemDescription>מב סבון נוזלי פנינה</ManufacturerItemDescription><SoldByWeight/><Quantity>1000.00</Quantity><UnitOfMeasure>מ"ל</UnitOfMeasure><QtyInPackage>לא ידוע</QtyInPackage><UnitOfMeasurePrice>0.0099</UnitOfMeasurePrice><AllowDiscount>1</AllowDiscount><ItemStatus>1</ItemStatus><ItemPrice>9.90</ItemPrice></item><item><PriceUpdateDate>2016-06-28 09:29:17</PriceUpdateDate><ItemCode>7290010718634</ItemCode><ItemType>1</ItemType><ItemName>מב סבון נוזלי פנינה</ItemName><ManufacturerName>פנינה רוזנבלום</ManufacturerName><ManufactureCountry>ישראל</ManufactureCountry><ManufacturerItemDescription>מב סבון נוזלי פנינה</ManufacturerItemDescription><SoldByWeight/><Quantity>1000.00</Quantity><UnitOfMeasure>מ"ל</UnitOfMeasure><QtyInPackage>לא ידוע</QtyInPackage><UnitOfMeasurePrice>0.0099</UnitOfMeasurePrice><AllowDiscount>1</AllowDiscount><ItemStatus>1</ItemStatus><ItemPrice>9.90</ItemPrice></item><item><PriceUpdateDate>2016-06-28 09:29:18</PriceUpdateDate><ItemCode>7290010838431</ItemCode><ItemType>1</ItemType><ItemName>טואלט דאק זוג ג'ל לנ</ItemName><ManufacturerName>טואלט דאק</ManufacturerName><ManufactureCountry>ישראל</ManufactureCountry><ManufacturerItemDescription>טואלט דאק זוג   750*מ"ל</ManufacturerItemDescription><SoldByWeight/><Quantity>1500.00</Quantity><UnitOfMeasure>מ"ל</UnitOfMeasure><QtyInPackage>לא ידוע</QtyInPackage><UnitOfMeasurePrice>0.0166</UnitOfMeasurePrice><AllowDiscount>1</AllowDiscount><ItemStatus>1</ItemStatus><ItemPrice>24.90</ItemPrice></item><item><PriceUpdateDate>2016-08-02 07:39:48</PriceUpdateDate><ItemCode>7290010839506</ItemCode><ItemType>1</ItemType><ItemName>מב ממרח עשיר בחמאה ד</ItemName><ManufacturerName>וילי פוד</ManufacturerName><ManufactureCountry>ישראל</ManufactureCountry><ManufacturerItemDescription>מב ממרח עשיר בחמאה ד</ManufacturerItemDescription><SoldByWeight/><Quantity>250.00</Quantity><UnitOfMeasure>גרם     </UnitOfMeasure><QtyInPackage>לא ידוע</QtyInPackage><UnitOfMeasurePrice>0.0596</UnitOfMeasurePrice><AllowDiscount>1</AllowDiscount><ItemStatus>1</ItemStatus><ItemPrice>14.90</ItemPrice></item><item><PriceUpdateDate>2015-11-18 13:59:34</PriceUpdateDate><ItemCode>7290010883356</ItemCode><ItemType>1</ItemType><ItemName>כפפות סנו סושי זוג א</ItemName><ManufacturerName>סנו סושי</ManufacturerName><ManufactureCountry>ישראל</ManufactureCountry><ManufacturerItemDescription>כפפות אלוורה סנו סושי גדו</ManufacturerItemDescription><SoldByWeight/><Quantity>0.00</Quantity><UnitOfMeasure>יח'</UnitOfMeasure><QtyInPackage>לא ידוע</QtyInPackage><UnitOfMeasurePrice>0.0000</UnitOfMeasurePrice><AllowDiscount>1</AllowDiscount><ItemStatus>1</ItemStatus><ItemPrice>14.80</ItemPrice></item><item><PriceUpdateDate>2015-11-18 13:59:34</PriceUpdateDate><ItemCode>7290010883370</ItemCode><ItemType>1</ItemType><ItemName>כפפות סנו סושי  אלוו</ItemName><ManufacturerName>סנו סושי</ManufacturerName><ManufactureCountry>ישראל</ManufactureCountry><ManufacturerItemDescription>כפפות אלוורה סנו סושי בינ</ManufacturerItemDescription><SoldByWeight/><Quantity>0.00</Quantity><UnitOfMeasure>יח'</UnitOfMeasure><QtyInPackage>לא ידוע</QtyInPackage><UnitOfMeasurePrice>0.0000</UnitOfMeasurePrice><AllowDiscount>1</AllowDiscount><ItemStatus>1</ItemStatus><ItemPrice>14.80</ItemPrice></item><item><PriceUpdateDate>2016-06-28 09:29:18</PriceUpdateDate><ItemCode>7290010903962</ItemCode><ItemType>1</ItemType><ItemName>כוכבי תירס 600 גרם ה</ItemName><ManufacturerName>"המותג"</ManufacturerName><ManufactureCountry>ישראל</ManufactureCountry><ManufacturerItemDescription>כוכבי תירס 600 גרם ה</ManufacturerItemDescription><SoldByWeight/><Quantity>600.00</Quantity><UnitOfMeasure>גרם     </UnitOfMeasure><QtyInPackage>לא ידוע</QtyInPackage><UnitOfMeasurePrice>0.0282</UnitOfMeasurePrice><AllowDiscount>1</AllowDiscount><ItemStatus>1</ItemStatus><ItemPrice>16.90</ItemPrice></item><item><PriceUpdateDate>2016-08-10 08:23:15</PriceUpdateDate><ItemCode>7290010931330</ItemCode><ItemType>1</ItemType><ItemName>סלט מטבוחה 500 גרם</ItemName><ManufacturerName>אחלה</ManufacturerName><ManufactureCountry>ישראל</ManufactureCountry><ManufacturerItemDescription>סלט מטבוחה 500 גרם</ManufacturerItemDescription><SoldByWeight/><Quantity>500.00</Quantity><UnitOfMeasure>גרם     </UnitOfMeasure><QtyInPackage>לא ידוע</QtyInPackage><UnitOfMeasurePrice>0.0338</UnitOfMeasurePrice><AllowDiscount>1</AllowDiscount><ItemStatus>1</ItemStatus><ItemPrice>16.90</ItemPrice></item><item><PriceUpdateDate>2015-11-18 14:01:18</PriceUpdateDate><ItemCode>7290010945146</ItemCode><ItemType>1</ItemType><ItemName>קוטג' 3% טרה 250 גרם</ItemName><ManufacturerName>טרה</ManufacturerName><ManufactureCountry>ישראל</ManufactureCountry><ManufacturerItemDescription>קוטג מועשר 250 3% גרם</ManufacturerItemDescription><SoldByWeight/><Quantity>250.00</Quantity><UnitOfMeasure>גרם     </UnitOfMeasure><QtyInPackage>לא ידוע</QtyInPackage><UnitOfMeasurePrice>0.0228</UnitOfMeasurePrice><AllowDiscount>1</AllowDiscount><ItemStatus>1</ItemStatus><ItemPrice>5.70</ItemPrice></item><item><PriceUpdateDate>2016-05-31 07:03:06</PriceUpdateDate><ItemCode>7290010945306</ItemCode><ItemType>1</ItemType><ItemName>מב חלב טרה 3% בקרטון</ItemName><ManufacturerName>טרה</ManufacturerName><ManufactureCountry>ישראל</ManufactureCountry><ManufacturerItemDescription>מב חלב טרה 3% בקרטון</ManufacturerItemDescription><SoldByWeight/><Quantity>2000.00</Quantity><UnitOfMeasure>מ"ל</UnitOfMeasure><QtyInPackage>לא ידוע</QtyInPackage><UnitOfMeasurePrice>0.0055</UnitOfMeasurePrice><AllowDiscount>1</AllowDiscount><ItemStatus>1</ItemStatus><ItemPrice>10.90</ItemPrice></item><item><PriceUpdateDate>2016-08-02 07:39:48</PriceUpdateDate><ItemCode>7290010945481</ItemCode><ItemType>1</ItemType><ItemName>מב גבינה לבנה 5% מהד</ItemName><ManufacturerName>טרה</ManufacturerName><ManufactureCountry>ישראל</ManufactureCountry><ManufacturerItemDescription>מב גבינה לבנה 5% מהד</ManufacturerItemDescription><SoldByWeight/><Quantity>500.00</Quantity><UnitOfMeasure>גרם     </UnitOfMeasure><QtyInPackage>לא ידוע</QtyInPackage><UnitOfMeasurePrice>0.0158</UnitOfMeasurePrice><AllowDiscount>1</AllowDiscount><ItemStatus>1</ItemStatus><ItemPrice>7.90</ItemPrice></item><item><PriceUpdateDate>2016-03-17 09:37:01</PriceUpdateDate><ItemCode>7290011017606</ItemCode><ItemType>1</ItemType><ItemName>פאנטה לימונדה 1.5 לי</ItemName><ManufacturerName>פאנטה אורנג</ManufacturerName><ManufactureCountry>ישראל</ManufactureCountry><ManufacturerItemDescription>פאנטה לימונדה 1.5 לי</ManufacturerItemDescription><SoldByWeight/><Quantity>1500.00</Quantity><UnitOfMeasure>מ"ל</UnitOfMeasure><QtyInPackage>לא ידוע</QtyInPackage><UnitOfMeasurePrice>0.0046</UnitOfMeasurePrice><AllowDiscount>1</AllowDiscount><ItemStatus>1</ItemStatus><ItemPrice>6.90</ItemPrice></item><item><PriceUpdateDate>2016-08-10 08:23:15</PriceUpdateDate><ItemCode>7290011017873</ItemCode><ItemType>1</ItemType><ItemName>פחית קולה זירו 330 מ</ItemName><ManufacturerName>קוקה קולה</ManufacturerName><ManufactureCountry>ישראל</ManufactureCountry><ManufacturerItemDescription>קולה פחית ZERO סליק 330 מ</ManufacturerItemDescription><SoldByWeight/><Quantity>330.00</Quantity><UnitOfMeasure>מ"ל</UnitOfMeasure><QtyInPackage>לא ידוע</QtyInPackage><UnitOfMeasurePrice>0.0176</UnitOfMeasurePrice><AllowDiscount>1</AllowDiscount><ItemStatus>1</ItemStatus><ItemPrice>5.80</ItemPrice></item><item><PriceUpdateDate>2016-05-31 07:03:06</PriceUpdateDate><ItemCode>7290011018252</ItemCode><ItemType>1</ItemType><ItemName>FUZA TEA מנגו אננס 1</ItemName><ManufacturerName>לא ממותג</ManufacturerName><ManufactureCountry>ישראל</ManufactureCountry><ManufacturerItemDescription>תה קר FUZE TEA מנגו אננס</ManufacturerItemDescription><SoldByWeight/><Quantity>1500.00</Quantity><UnitOfMeasure>מ"ל</UnitOfMeasure><QtyInPackage>לא ידוע</QtyInPackage><UnitOfMeasurePrice>0.0046</UnitOfMeasurePrice><AllowDiscount>1</AllowDiscount><ItemStatus>1</ItemStatus><ItemPrice>6.90</ItemPrice></item><item><PriceUpdateDate>2016-05-31 07:03:06</PriceUpdateDate><ItemCode>7290011018283</ItemCode><ItemType>1</ItemType><ItemName>FUZA TEA משקה אפרסק</ItemName><ManufacturerName>לא ממותג</ManufacturerName><ManufactureCountry>ישראל</ManufactureCountry><ManufacturerItemDescription>תה קר FUZE TEA אפרסק 1.5</ManufacturerItemDescription><SoldByWeight/><Quantity>1500.00</Quantity><UnitOfMeasure>מ"ל</UnitOfMeasure><QtyInPackage>לא ידוע</QtyInPackage><UnitOfMeasurePrice>0.0046</UnitOfMeasurePrice><AllowDiscount>1</AllowDiscount><ItemStatus>1</ItemStatus><ItemPrice>6.90</ItemPrice></item><item><PriceUpdateDate>2016-05-31 07:03:06</PriceUpdateDate><ItemCode>7290011018306</ItemCode><ItemType>1</ItemType><ItemName>FUZA TEA דיאט אפרסק</ItemName><ManufacturerName>לא ממותג</ManufacturerName><ManufactureCountry>ישראל</ManufactureCountry><ManufacturerItemDescription>תה קר דיאט FUZE TEA אפרסק</ManufacturerItemDescription><SoldByWeight/><Quantity>1500.00</Quantity><UnitOfMeasure>מ"ל</UnitOfMeasure><QtyInPackage>לא ידוע</QtyInPackage><UnitOfMeasurePrice>0.0046</UnitOfMeasurePrice><AllowDiscount>1</AllowDiscount><ItemStatus>1</ItemStatus><ItemPrice>6.90</ItemPrice></item><item><PriceUpdateDate>2016-08-02 07:35:33</PriceUpdateDate><ItemCode>7290011018313</ItemCode><ItemType>1</ItemType><ItemName>מב FUZE TEA רביעיית</ItemName><ManufacturerName>לא ממותג</ManufacturerName><ManufactureCountry>ישראל</ManufactureCountry><ManufacturerItemDescription>מב FUZE TEA רביעיית</ManufacturerItemDescription><SoldByWeight/><Quantity>6000.00</Quantity><UnitOfMeasure>מ"ל</UnitOfMeasure><QtyInPackage>לא ידוע</QtyInPackage><UnitOfMeasurePrice>0.0044</UnitOfMeasurePrice><AllowDiscount>1</AllowDiscount><ItemStatus>1</ItemStatus><ItemPrice>26.60</ItemPrice></item><item><PriceUpdateDate>2016-05-31 07:03:06</PriceUpdateDate><ItemCode>7290011018580</ItemCode><ItemType>1</ItemType><ItemName>FUZE TEA ענבים 1.5 ל</ItemName><ManufacturerName>לא ממותג</ManufacturerName><ManufactureCountry>ישראל</ManufactureCountry><ManufacturerItemDescription>תה קר FUZE TEA ענבים 1.5</ManufacturerItemDescription><SoldByWeight/><Quantity>1500.00</Quantity><UnitOfMeasure>גרם     </UnitOfMeasure><QtyInPackage>לא ידוע</QtyInPackage><UnitOfMeasurePrice>0.0046</UnitOfMeasurePrice><AllowDiscount>1</AllowDiscount><ItemStatus>1</ItemStatus><ItemPrice>6.90</ItemPrice></item><item><PriceUpdateDate>2016-08-10 08:23:15</PriceUpdateDate><ItemCode>7290011051297</ItemCode><ItemType>1</ItemType><ItemName>שוופס סודה לימון 1.5</ItemName><ManufacturerName>שוופס</ManufacturerName><ManufactureCountry>ישראל</ManufactureCountry><ManufacturerItemDescription>סודה שוופס לימון 1.5 ליטר</ManufacturerItemDescription><SoldByWeight/><Quantity>1500.00</Quantity><UnitOfMeasure>מ"ל</UnitOfMeasure><QtyInPackage>לא ידוע</QtyInPackage><UnitOfMeasurePrice>0.0033</UnitOfMeasurePrice><AllowDiscount>1</AllowDiscount><ItemStatus>1</ItemStatus><ItemPrice>4.90</ItemPrice></item><item><PriceUpdateDate>2015-11-06 08:53:24</PriceUpdateDate><ItemCode>7290011051365</ItemCode><ItemType>1</ItemType><ItemName>שוופס סודה לימון רבי</ItemName><ManufacturerName>שוופס</ManufacturerName><ManufactureCountry>ישראל</ManufactureCountry><ManufacturerItemDescription>סודה שוופס לימון 1.5 ל</ManufacturerItemDescription><SoldByWeight/><Quantity>6000.00</Quantity><UnitOfMeasure>מ"ל</UnitOfMeasure><QtyInPackage>לא ידוע</QtyInPackage><UnitOfMeasurePrice>0.0018</UnitOfMeasurePrice><AllowDiscount>1</AllowDiscount><ItemStatus>1</ItemStatus><ItemPrice>11.00</ItemPrice></item><item><PriceUpdateDate>2016-05-31 06:56:10</PriceUpdateDate><ItemCode>7290011051372</ItemCode><ItemType>1</ItemType><ItemName>שוופס תפוח מוגז עדין</ItemName><ManufacturerName>שוופס</ManufacturerName><ManufactureCountry>ישראל</ManufactureCountry><ManufacturerItemDescription>שוופס מוגז עדין תפוח ליים</ManufacturerItemDescription><SoldByWeight/><Quantity>1500.00</Quantity><UnitOfMeasure>מ"ל</UnitOfMeasure><QtyInPackage>לא ידוע</QtyInPackage><UnitOfMeasurePrice>0.0053</UnitOfMeasurePrice><AllowDiscount>1</AllowDiscount><ItemStatus>1</ItemStatus><ItemPrice>7.90</ItemPrice></item><item><PriceUpdateDate>2016-05-31 06:56:11</PriceUpdateDate><ItemCode>7290011051389</ItemCode><ItemType>1</ItemType><ItemName>שוופס מוגז עדין פירו</ItemName><ManufacturerName>שוופס</ManufacturerName><ManufactureCountry>ישראל</ManufactureCountry><ManufacturerItemDescription>שוופס מוגז עדין פירות יער</ManufacturerItemDescription><SoldByWeight/><Quantity>1500.00</Quantity><UnitOfMeasure>מ"ל</UnitOfMeasure><QtyInPackage>לא ידוע</QtyInPackage><UnitOfMeasurePrice>0.0053</UnitOfMeasurePrice><AllowDiscount>1</AllowDiscount><ItemStatus>1</ItemStatus><ItemPrice>7.90</ItemPrice></item><item><PriceUpdateDate>2016-05-31 06:56:11</PriceUpdateDate><ItemCode>7290011051396</ItemCode><ItemType>1</ItemType><ItemName>שוופס מוגז עדין אפרס</ItemName><ManufacturerName>שוופס</ManufacturerName><ManufactureCountry>ישראל</ManufactureCountry><ManufacturerItemDescription>שוופס מוגז עדין אפרסק 1.5</ManufacturerItemDescription><SoldByWeight/><Quantity>1500.00</Quantity><UnitOfMeasure>מ"ל</UnitOfMeasure><QtyInPackage>לא ידוע</QtyInPackage><UnitOfMeasurePrice>0.0053</UnitOfMeasurePrice><AllowDiscount>1</AllowDiscount><ItemStatus>1</ItemStatus><ItemPrice>7.90</ItemPrice></item><item><PriceUpdateDate>2016-03-01 06:18:00</PriceUpdateDate><ItemCode>7290011051488</ItemCode><ItemType>1</ItemType><ItemName>ספרינג טי אפרסק 1.5</ItemName><ManufacturerName>ספרינג טי</ManufacturerName><ManufactureCountry>ישראל</ManufactureCountry><ManufacturerItemDescription>תה קר SPRING TEA אפרסק 1.</ManufacturerItemDescription><SoldByWeight/><Quantity>1500.00</Quantity><UnitOfMeasure>מ"ל</UnitOfMeasure><QtyInPackage>לא ידוע</QtyInPackage><UnitOfMeasurePrice>0.0046</UnitOfMeasurePrice><AllowDiscount>1</AllowDiscount><ItemStatus>1</ItemStatus><ItemPrice>6.90</ItemPrice></item><item><PriceUpdateDate>2016-03-01 06:18:00</PriceUpdateDate><ItemCode>7290011051495</ItemCode><ItemType>1</ItemType><ItemName>ספרינג טי תה ירוק לי</ItemName><ManufacturerName>ספרינג טי</ManufacturerName><ManufactureCountry>ישראל</ManufactureCountry><ManufacturerItemDescription>תה ירוק SPRING לימון לואי</ManufacturerItemDescription><SoldByWeight/><Quantity>1500.00</Quantity><UnitOfMeasure>מ"ל</UnitOfMeasure><QtyInPackage>לא ידוע</QtyInPackage><UnitOfMeasurePrice>0.0046</UnitOfMeasurePrice><AllowDiscount>1</AllowDiscount><ItemStatus>1</ItemStatus><ItemPrice>6.90</ItemPrice></item><item><PriceUpdateDate>2016-05-31 06:56:11</PriceUpdateDate><ItemCode>7290011051655</ItemCode><ItemType>1</ItemType><ItemName>שוופס מוגז עדין ריזל</ItemName><ManufacturerName>שוופס</ManufacturerName><ManufactureCountry>ישראל</ManufactureCountry><ManufacturerItemDescription>שוופס מוגז ענבים ריזלינג</ManufacturerItemDescription><SoldByWeight/><Quantity>1500.00</Quantity><UnitOfMeasure>מ"ל</UnitOfMeasure><QtyInPackage>לא ידוע</QtyInPackage><UnitOfMeasurePrice>0.0053</UnitOfMeasurePrice><AllowDiscount>1</AllowDiscount><ItemStatus>1</ItemStatus><ItemPrice>7.90</ItemPrice></item><item><PriceUpdateDate>2016-03-01 06:18:00</PriceUpdateDate><ItemCode>7290011051938</ItemCode><ItemType>1</ItemType><ItemName>תפוזינה תפוח רענן 1.</ItemName><ManufacturerName>תפוזינה</ManufacturerName><ManufactureCountry>ישראל</ManufactureCountry><ManufacturerItemDescription>תפוזינה תפוח רענן 1.</ManufacturerItemDescription><SoldByWeight/><Quantity>1500.00</Quantity><UnitOfMeasure>מ"ל</UnitOfMeasure><QtyInPackage>לא ידוע</QtyInPackage><UnitOfMeasurePrice>0.0050</UnitOfMeasurePrice><AllowDiscount>1</AllowDiscount><ItemStatus>1</ItemStatus><ItemPrice>7.50</ItemPrice></item><item><PriceUpdateDate>2016-08-02 07:35:33</PriceUpdateDate><ItemCode>7290011081492</ItemCode><ItemType>1</ItemType><ItemName>גלידות קרמיסימו שלוש</ItemName><ManufacturerName>קרמיסימו</ManufacturerName><ManufactureCountry>ישראל</ManufactureCountry><ManufacturerItemDescription>קרמיסימו שלושה שוקולדים</ManufacturerItemDescription><SoldByWeight/><Quantity>1330.00</Quantity><UnitOfMeasure>מ"ל</UnitOfMeasure><QtyInPackage>לא ידוע</QtyInPackage><UnitOfMeasurePrice>0.0150</UnitOfMeasurePrice><AllowDiscount>1</AllowDiscount><ItemStatus>1</ItemStatus><ItemPrice>19.90</ItemPrice></item><item><PriceUpdateDate>2016-08-02 07:35:33</PriceUpdateDate><ItemCode>7290011081690</ItemCode><ItemType>1</ItemType><ItemName>גלידות קרמיסימו וניל</ItemName><ManufacturerName>קרמיסימו</ManufacturerName><ManufactureCountry>ישראל</ManufactureCountry><ManufacturerItemDescription>גלידות קרמיסימו וניל</ManufacturerItemDescription><SoldByWeight/><Quantity>1330.00</Quantity><UnitOfMeasure>מ"ל</UnitOfMeasure><QtyInPackage>לא ידוע</QtyInPackage><UnitOfMeasurePrice>0.0150</UnitOfMeasurePrice><AllowDiscount>1</AllowDiscount><ItemStatus>1</ItemStatus><ItemPrice>19.90</ItemPrice></item><item><PriceUpdateDate>2016-06-28 09:29:19</PriceUpdateDate><ItemCode>7290011115258</ItemCode><ItemType>1</ItemType><ItemName>סבון מוצק נקה-7 ירוק</ItemName><ManufacturerName>נקה 7</ManufacturerName><ManufactureCountry>ישראל</ManufactureCountry><ManufacturerItemDescription>סבון מוצק נקה-7 ירוק</ManufacturerItemDescription><SoldByWeight/><Quantity>400.00</Quantity><UnitOfMeasure>גרם     </UnitOfMeasure><QtyInPackage>לא ידוע</QtyInPackage><UnitOfMeasurePrice>0.0323</UnitOfMeasurePrice><AllowDiscount>1</AllowDiscount><ItemStatus>1</ItemStatus><ItemPrice>12.90</ItemPrice></item><item><PriceUpdateDate>2016-06-28 09:29:19</PriceUpdateDate><ItemCode>7290011115296</ItemCode><ItemType>1</ItemType><ItemName>סבון מוצק נקה-7 שחור</ItemName><ManufacturerName>נקה 7</ManufacturerName><ManufactureCountry>ישראל</ManufactureCountry><ManufacturerItemDescription>סבון מוצק נקה-7 שחור</ManufacturerItemDescription><SoldByWeight/><Quantity>400.00</Quantity><UnitOfMeasure>גרם     </UnitOfMeasure><QtyInPackage>לא ידוע</QtyInPackage><UnitOfMeasurePrice>0.0323</UnitOfMeasurePrice><AllowDiscount>1</AllowDiscount><ItemStatus>1</ItemStatus><ItemPrice>12.90</ItemPrice></item><item><PriceUpdateDate>2016-05-01 08:13:42</PriceUpdateDate><ItemCode>7290011126957</ItemCode><ItemType>1</ItemType><ItemName>תה ירוק ארל גריי 25</ItemName><ManufacturerName>ויסוצקי</ManufacturerName><ManufactureCountry>ישראל</ManufactureCountry><ManufacturerItemDescription>תה ירוק ארל גריי ויסוצקי1</ManufacturerItemDescription><SoldByWeight/><Quantity>38.00</Quantity><UnitOfMeasure>גרם     </UnitOfMeasure><QtyInPackage>לא ידוע</QtyInPackage><UnitOfMeasurePrice>0.6553</UnitOfMeasurePrice><AllowDiscount>1</AllowDiscount><ItemStatus>1</ItemStatus><ItemPrice>24.90</ItemPrice></item><item><PriceUpdateDate>2016-06-28 09:29:19</PriceUpdateDate><ItemCode>7290011131371</ItemCode><ItemType>1</ItemType><ItemName>מיזלי קראנצ'י אגוזים</ItemName><ManufacturerName>גרין</ManufacturerName><ManufactureCountry>ישראל</ManufactureCountry><ManufacturerItemDescription>מיזלי שקדים     ם 1 ק"ג</ManufacturerItemDescription><SoldByWeight/><Quantity>1000.00</Quantity><UnitOfMeasure>גרם     </UnitOfMeasure><QtyInPackage>לא ידוע</QtyInPackage><UnitOfMeasurePrice>0.0285</UnitOfMeasurePrice><AllowDiscount>1</AllowDiscount><ItemStatus>1</ItemStatus><ItemPrice>28.50</ItemPrice></item><item><PriceUpdateDate>2016-06-28 09:29:19</PriceUpdateDate><ItemCode>7290011131395</ItemCode><ItemType>1</ItemType><ItemName>מיזלי קראנצ'י 30% פי</ItemName><ManufacturerName>גרין</ManufacturerName><ManufactureCountry>ישראל</ManufactureCountry><ManufacturerItemDescription>מיזלי קראנץ     ירות 1 ק</ManufacturerItemDescription><SoldByWeight/><Quantity>1000.00</Quantity><UnitOfMeasure>גרם     </UnitOfMeasure><QtyInPackage>לא ידוע</QtyInPackage><UnitOfMeasurePrice>0.0285</UnitOfMeasurePrice><AllowDiscount>1</AllowDiscount><ItemStatus>1</ItemStatus><ItemPrice>28.50</ItemPrice></item><item><PriceUpdateDate>2016-08-02 07:35:33</PriceUpdateDate><ItemCode>7290011131968</ItemCode><ItemType>1</ItemType><ItemName>גרנולה אגוזים 1 ק"ג</ItemName><ManufacturerName>גרין</ManufacturerName><ManufactureCountry>ישראל</ManufactureCountry><ManufacturerItemDescription>גרנולה אגוזים   ק"ג</ManufacturerItemDescription><SoldByWeight/><Quantity>1000.00</Quantity><UnitOfMeasure>גרם     </UnitOfMeasure><QtyInPackage>לא ידוע</QtyInPackage><UnitOfMeasurePrice>0.0279</UnitOfMeasurePrice><AllowDiscount>1</AllowDiscount><ItemStatus>1</ItemStatus><ItemPrice>27.90</ItemPrice></item><item><PriceUpdateDate>2015-12-13 11:26:41</PriceUpdateDate><ItemCode>7290011154301</ItemCode><ItemType>1</ItemType><ItemName>ממרח תמרים 450 גרם</ItemName><ManufacturerName>תמרלית</ManufacturerName><ManufactureCountry>ישראל</ManufactureCountry><ManufacturerItemDescription>ממרח תמרים 450 גר</ManufacturerItemDescription><SoldByWeight/><Quantity>450.00</Quantity><UnitOfMeasure>גרם     </UnitOfMeasure><QtyInPackage>לא ידוע</QtyInPackage><UnitOfMeasurePrice>0.0198</UnitOfMeasurePrice><AllowDiscount>1</AllowDiscount><ItemStatus>1</ItemStatus><ItemPrice>8.90</ItemPrice></item><item><PriceUpdateDate>2014-12-30 12:07:35</PriceUpdateDate><ItemCode>7290011174781</ItemCode><ItemType>1</ItemType><ItemName>רוטב שמפיניון מוקרם</ItemName><ManufacturerName>ויטה</ManufacturerName><ManufactureCountry>ישראל</ManufactureCountry><ManufacturerItemDescription>רוטב שמפיניון מוקרם</ManufacturerItemDescription><SoldByWeight/><Quantity>14.00</Quantity><UnitOfMeasure>גרם     </UnitOfMeasure><QtyInPackage>לא ידוע</QtyInPackage><UnitOfMeasurePrice>0.3143</UnitOfMeasurePrice><AllowDiscount>1</AllowDiscount><ItemStatus>1</ItemStatus><ItemPrice>4.40</ItemPrice></item><item><PriceUpdateDate>2014-12-30 12:07:35</PriceUpdateDate><ItemCode>7290011174804</ItemCode><ItemType>1</ItemType><ItemName>רוטב פטריות 34 גרם</ItemName><ManufacturerName>ויטה</ManufacturerName><ManufactureCountry>ישראל</ManufactureCountry><ManufacturerItemDescription>רוטב פטריות 34 גרם</ManufacturerItemDescription><SoldByWeight/><Quantity>14.00</Quantity><UnitOfMeasure>גרם     </UnitOfMeasure><QtyInPackage>לא ידוע</QtyInPackage><UnitOfMeasurePrice>0.3143</UnitOfMeasurePrice><AllowDiscount>1</AllowDiscount><ItemStatus>1</ItemStatus><ItemPrice>4.40</ItemPrice></item><item><PriceUpdateDate>2015-10-11 20:34:41</PriceUpdateDate><ItemCode>7290011194215</ItemCode><ItemType>1</ItemType><ItemName>דניאלה בננה 150 מ"ל</ItemName><ManufacturerName>דניאלה</ManufacturerName><ManufactureCountry>ישראל</ManufactureCountry><ManufacturerItemDescription>דניאלה בננה 150 מ"ל</ManufacturerItemDescription><SoldByWeight/><Quantity>150.00</Quantity><UnitOfMeasure>מ"ל</UnitOfMeasure><QtyInPackage>לא ידוע</QtyInPackage><UnitOfMeasurePrice>0.0280</UnitOfMeasurePrice><AllowDiscount>1</AllowDiscount><ItemStatus>1</ItemStatus><ItemPrice>4.20</ItemPrice></item><item><PriceUpdateDate>2015-11-18 14:01:18</PriceUpdateDate><ItemCode>7290011194246</ItemCode><ItemType>1</ItemType><ItemName>קוטג' 5% 250 גרם שטר</ItemName><ManufacturerName>קוטג שטראוס</ManufacturerName><ManufactureCountry>ישראל</ManufactureCountry><ManufacturerItemDescription>קוטג+5% סידן 250 גרם</ManufacturerItemDescription><SoldByWeight/><Quantity>250.00</Quantity><UnitOfMeasure>גרם     </UnitOfMeasure><QtyInPackage>לא ידוע</QtyInPackage><UnitOfMeasurePrice>0.0236</UnitOfMeasurePrice><AllowDiscount>1</AllowDiscount><ItemStatus>1</ItemStatus><ItemPrice>5.90</ItemPrice></item><item><PriceUpdateDate>2016-08-10 08:23:15</PriceUpdateDate><ItemCode>7290011194741</ItemCode><ItemType>1</ItemType><ItemName>משקה אקטיביה טעם טבע</ItemName><ManufacturerName>אקטיביה</ManufacturerName><ManufactureCountry>ישראל</ManufactureCountry><ManufacturerItemDescription>משקה אקטיביה 250 מל</ManufacturerItemDescription><SoldByWeight/><Quantity>250.00</Quantity><UnitOfMeasure>מ"ל</UnitOfMeasure><QtyInPackage>לא ידוע</QtyInPackage><UnitOfMeasurePrice>0.0216</UnitOfMeasurePrice><AllowDiscount>1</AllowDiscount><ItemStatus>1</ItemStatus><ItemPrice>5.40</ItemPrice></item><item><PriceUpdateDate>2014-11-10 06:30:46</PriceUpdateDate><ItemCode>7290011194802</ItemCode><ItemType>1</ItemType><ItemName>אקטיביה טבעי 0% להחז</ItemName><ManufacturerName>אקטיביה</ManufacturerName><ManufactureCountry>ישראל</ManufactureCountry><ManufacturerItemDescription>אקטיביה טבעי 0% להחז</ManufacturerItemDescription><SoldByWeight/><Quantity>150.00</Quantity><UnitOfMeasure>מ"ל</UnitOfMeasure><QtyInPackage>לא ידוע</QtyInPackage><UnitOfMeasurePrice>0.0267</UnitOfMeasurePrice><AllowDiscount>1</AllowDiscount><ItemStatus>1</ItemStatus><ItemPrice>4.00</ItemPrice></item><item><PriceUpdateDate>2015-11-18 13:59:35</PriceUpdateDate><ItemCode>7290011215392</ItemCode><ItemType>1</ItemType><ItemName>רוגלך במארז פילסברי</ItemName><ManufacturerName>פילסברי</ManufacturerName><ManufactureCountry>ישראל</ManufactureCountry><ManufacturerItemDescription>רוגלך במארז פילסברי</ManufacturerItemDescription><SoldByWeight/><Quantity>1000.00</Quantity><UnitOfMeasure>ק"ג     </UnitOfMeasure><QtyInPackage>לא ידוע</QtyInPackage><UnitOfMeasurePrice>0.0237</UnitOfMeasurePrice><AllowDiscount>1</AllowDiscount><ItemStatus>1</ItemStatus><ItemPrice>23.70</ItemPrice></item><item><PriceUpdateDate>2016-03-09 10:54:04</PriceUpdateDate><ItemCode>7290011215934</ItemCode><ItemType>1</ItemType><ItemName>תערובת לעוגת שוקולד</ItemName><ManufacturerName>פילסברי</ManufacturerName><ManufactureCountry>ישראל</ManufactureCountry><ManufacturerItemDescription>תערובת עוגת שוקולד  500 כ</ManufacturerItemDescription><SoldByWeight/><Quantity>560.00</Quantity><UnitOfMeasure>גרם     </UnitOfMeasure><QtyInPackage>לא ידוע</QtyInPackage><UnitOfMeasurePrice>0.0355</UnitOfMeasurePrice><AllowDiscount>1</AllowDiscount><ItemStatus>1</ItemStatus><ItemPrice>19.90</ItemPrice></item><item><PriceUpdateDate>2016-06-28 09:29:20</PriceUpdateDate><ItemCode>7290011223038</ItemCode><ItemType>1</ItemType><ItemName>עלים לקרמשניט 300 גר</ItemName><ManufacturerName>לא ידוע</ManufacturerName><ManufactureCountry>ישראל</ManufactureCountry><ManufacturerItemDescription>עלים לקרמשניט 300 גר</ManufacturerItemDescription><SoldByWeight/><Quantity>300.00</Quantity><UnitOfMeasure>גרם     </UnitOfMeasure><QtyInPackage>לא ידוע</QtyInPackage><UnitOfMeasurePrice>0.0537</UnitOfMeasurePrice><AllowDiscount>1</AllowDiscount><ItemStatus>1</ItemStatus><ItemPrice>16.10</ItemPrice></item><item><PriceUpdateDate>2016-06-28 09:29:20</PriceUpdateDate><ItemCode>7290011223052</ItemCode><ItemType>1</ItemType><ItemName>מב רצועות שעווה מגע</ItemName><ManufacturerName>מגע המשי</ManufacturerName><ManufactureCountry>ספרד</ManufactureCountry><ManufacturerItemDescription>מגע המשי רצועות שעווה אלו</ManufacturerItemDescription><SoldByWeight/><Quantity>16.00</Quantity><UnitOfMeasure>בודד</UnitOfMeasure><QtyInPackage>לא ידוע</QtyInPackage><UnitOfMeasurePrice>1.6187</UnitOfMeasurePrice><AllowDiscount>1</AllowDiscount><ItemStatus>1</ItemStatus><ItemPrice>25.90</ItemPrice></item><item><PriceUpdateDate>2016-06-06 12:23:09</PriceUpdateDate><ItemCode>7290011223205</ItemCode><ItemType>1</ItemType><ItemName>ריבת חלב 454 גרם</ItemName><ManufacturerName>דולצה דה ליצה</ManufacturerName><ManufactureCountry>ישראל</ManufactureCountry><ManufacturerItemDescription>ריבת חלב 454 גרם</ManufacturerItemDescription><SoldByWeight/><Quantity>454.00</Quantity><UnitOfMeasure>גרם     </UnitOfMeasure><QtyInPackage>לא ידוע</QtyInPackage><UnitOfMeasurePrice>0.0394</UnitOfMeasurePrice><AllowDiscount>1</AllowDiscount><ItemStatus>1</ItemStatus><ItemPrice>17.90</ItemPrice></item><item><PriceUpdateDate>2016-08-02 07:35:34</PriceUpdateDate><ItemCode>7290011223229</ItemCode><ItemType>1</ItemType><ItemName>מב טואלט דאק ג'ל לאס</ItemName><ManufacturerName>טואלט דאק</ManufacturerName><ManufactureCountry>ישראל</ManufactureCountry><ManufacturerItemDescription>מב טואלט דאק ג'ל לאס</ManufacturerItemDescription><SoldByWeight/><Quantity>55.00</Quantity><UnitOfMeasure>מ"ל</UnitOfMeasure><QtyInPackage>לא ידוע</QtyInPackage><UnitOfMeasurePrice>0.1618</UnitOfMeasurePrice><AllowDiscount>1</AllowDiscount><ItemStatus>1</ItemStatus><ItemPrice>8.90</ItemPrice></item><item><PriceUpdateDate>2016-08-02 07:35:34</PriceUpdateDate><ItemCode>7290011223243</ItemCode><ItemType>1</ItemType><ItemName>מב טואלט דאק ג'ל לאס</ItemName><ManufacturerName>טואלט דאק</ManufacturerName><ManufactureCountry>איטליה</ManufactureCountry><ManufacturerItemDescription>אוטן ג'וניור     100 מ"ל</ManufacturerItemDescription><SoldByWeight/><Quantity>5.00</Quantity><UnitOfMeasure>גרם     </UnitOfMeasure><QtyInPackage>לא ידוע</QtyInPackage><UnitOfMeasurePrice>1.7800</UnitOfMeasurePrice><AllowDiscount>1</AllowDiscount><ItemStatus>1</ItemStatus><ItemPrice>8.90</ItemPrice></item><item><PriceUpdateDate>2016-06-28 09:29:20</PriceUpdateDate><ItemCode>7290011240257</ItemCode><ItemType>1</ItemType><ItemName>יין ארז קברנה מרלו 7</ItemName><ManufacturerName>לא ממותג</ManufacturerName><ManufactureCountry>ישראל</ManufactureCountry><ManufacturerItemDescription>יין ארז קברנה מרלו 7</ManufacturerItemDescription><SoldByWeight/><Quantity>750.00</Quantity><UnitOfMeasure>מ"ל</UnitOfMeasure><QtyInPackage>לא ידוע</QtyInPackage><UnitOfMeasurePrice>0.0483</UnitOfMeasurePrice><AllowDiscount>1</AllowDiscount><ItemStatus>1</ItemStatus><ItemPrice>36.20</ItemPrice></item><item><PriceUpdateDate>2016-06-28 09:29:20</PriceUpdateDate><ItemCode>7290011240264</ItemCode><ItemType>1</ItemType><ItemName>יין ארז שיראז מרלו 7</ItemName><ManufacturerName>לא ממותג</ManufacturerName><ManufactureCountry>ישראל</ManufactureCountry><ManufacturerItemDescription>יין ארז שיראז מרלו 7</ManufacturerItemDescription><SoldByWeight/><Quantity>750.00</Quantity><UnitOfMeasure>מ"ל</UnitOfMeasure><QtyInPackage>לא ידוע</QtyInPackage><UnitOfMeasurePrice>0.0483</UnitOfMeasurePrice><AllowDiscount>1</AllowDiscount><ItemStatus>1</ItemStatus><ItemPrice>36.20</ItemPrice></item><item><PriceUpdateDate>2016-08-10 08:23:47</PriceUpdateDate><ItemCode>7290011249090</ItemCode><ItemType>1</ItemType><ItemName>וופל בלגי בטעם שוקול</ItemName><ManufacturerName>"המותג"</ManufacturerName><ManufactureCountry>לא ידוע</ManufactureCountry><ManufacturerItemDescription>וופל בלגי בטעם שוקול</ManufacturerItemDescription><SoldByWeight/><Quantity>200.00</Quantity><UnitOfMeasure>גרם     </UnitOfMeasure><QtyInPackage>לא ידוע</QtyInPackage><UnitOfMeasurePrice>0.0220</UnitOfMeasurePrice><AllowDiscount>1</AllowDiscount><ItemStatus>1</ItemStatus><ItemPrice>4.40</ItemPrice></item><item><PriceUpdateDate>2016-08-10 08:23:47</PriceUpdateDate><ItemCode>7290011249441</ItemCode><ItemType>1</ItemType><ItemName>גביעי גלידה אמריקאי</ItemName><ManufacturerName>"המותג"</ManufacturerName><ManufactureCountry>לא ידוע</ManufactureCountry><ManufacturerItemDescription>גביעי גלידה אמריקאי</ManufacturerItemDescription><SoldByWeight/><Quantity>120.00</Quantity><UnitOfMeasure>גרם     </UnitOfMeasure><QtyInPackage>לא ידוע</QtyInPackage><UnitOfMeasurePrice>0.0708</UnitOfMeasurePrice><AllowDiscount>1</AllowDiscount><ItemStatus>1</ItemStatus><ItemPrice>8.50</ItemPrice></item><item><PriceUpdateDate>2016-08-02 07:39:51</PriceUpdateDate><ItemCode>7290011254490</ItemCode><ItemType>1</ItemType><ItemName>מב סוכריות ללא סוכר</ItemName><ManufacturerName>מיה</ManufacturerName><ManufactureCountry>ישראל</ManufactureCountry><ManufacturerItemDescription>מב סוכריות ללא סוכר</ManufacturerItemDescription><SoldByWeight/><Quantity>80.00</Quantity><UnitOfMeasure>גרם     </UnitOfMeasure><QtyInPackage>לא ידוע</QtyInPackage><UnitOfMeasurePrice>0.0863</UnitOfMeasurePrice><AllowDiscount>1</AllowDiscount><ItemStatus>1</ItemStatus><ItemPrice>6.90</ItemPrice></item><item><PriceUpdateDate>2015-11-18 13:59:36</PriceUpdateDate><ItemCode>7290011254858</ItemCode><ItemType>1</ItemType><ItemName>סוכריות ג'לי בג'ונגל</ItemName><ManufacturerName>מיה</ManufacturerName><ManufactureCountry>ישראל</ManufactureCountry><ManufacturerItemDescription>סוכריות ג'לי בג'ונגל</ManufacturerItemDescription><SoldByWeight/><Quantity>125.00</Quantity><UnitOfMeasure>גרם     </UnitOfMeasure><QtyInPackage>לא ידוע</QtyInPackage><UnitOfMeasurePrice>0.0608</UnitOfMeasurePrice><AllowDiscount>1</AllowDiscount><ItemStatus>1</ItemStatus><ItemPrice>7.60</ItemPrice></item><item><PriceUpdateDate>2016-05-31 06:56:13</PriceUpdateDate><ItemCode>7290011282233</ItemCode><ItemType>1</ItemType><ItemName>מסיר שומנים 750 מ"ל</ItemName><ManufacturerName>"המותג"</ManufacturerName><ManufactureCountry>ישראל</ManufactureCountry><ManufacturerItemDescription>מסיר שומנים 750 מ"ל</ManufacturerItemDescription><SoldByWeight/><Quantity>750.00</Quantity><UnitOfMeasure>מ"ל</UnitOfMeasure><QtyInPackage>לא ידוע</QtyInPackage><UnitOfMeasurePrice>0.0172</UnitOfMeasurePrice><AllowDiscount>1</AllowDiscount><ItemStatus>1</ItemStatus><ItemPrice>12.90</ItemPrice></item><item><PriceUpdateDate>2015-11-18 13:59:37</PriceUpdateDate><ItemCode>7290011282387</ItemCode><ItemType>1</ItemType><ItemName>נוזל אסלות 1 ליטר המ</ItemName><ManufacturerName>"המותג"</ManufacturerName><ManufactureCountry>ישראל</ManufactureCountry><ManufacturerItemDescription>נוזל אסלות 1 ליטר המ</ManufacturerItemDescription><SoldByWeight/><Quantity>1000.00</Quantity><UnitOfMeasure>מ"ל</UnitOfMeasure><QtyInPackage>לא ידוע</QtyInPackage><UnitOfMeasurePrice>0.0064</UnitOfMeasurePrice><AllowDiscount>1</AllowDiscount><ItemStatus>1</ItemStatus><ItemPrice>6.40</ItemPrice></item><item><PriceUpdateDate>2015-03-17 09:33:07</PriceUpdateDate><ItemCode>7290011282578</ItemCode><ItemType>1</ItemType><ItemName>נוזל כלים 18% שלישיי</ItemName><ManufacturerName>"המותג"</ManufacturerName><ManufactureCountry>ישראל</ManufactureCountry><ManufacturerItemDescription>נוזל כלים 18% שלישיי</ManufacturerItemDescription><SoldByWeight/><Quantity>2250.00</Quantity><UnitOfMeasure>מ"ל</UnitOfMeasure><QtyInPackage>לא ידוע</QtyInPackage><UnitOfMeasurePrice>0.0080</UnitOfMeasurePrice><AllowDiscount>1</AllowDiscount><ItemStatus>1</ItemStatus><ItemPrice>17.90</ItemPrice></item><item><PriceUpdateDate>2016-08-10 08:23:15</PriceUpdateDate><ItemCode>7290011300975</ItemCode><ItemType>1</ItemType><ItemName>סבון נוזלי 500 מ"ל ו</ItemName><ManufacturerName>פנינה רוזנבלום</ManufacturerName><ManufactureCountry>ישראל</ManufactureCountry><ManufacturerItemDescription>סבון נוזלי 500 מ"ל ו</ManufacturerItemDescription><SoldByWeight/><Quantity>500.00</Quantity><UnitOfMeasure>מ"ל</UnitOfMeasure><QtyInPackage>לא ידוע</QtyInPackage><UnitOfMeasurePrice>0.0170</UnitOfMeasurePrice><AllowDiscount>1</AllowDiscount><ItemStatus>1</ItemStatus><ItemPrice>8.50</ItemPrice></item><item><PriceUpdateDate>2016-08-10 08:23:16</PriceUpdateDate><ItemCode>7290011300982</ItemCode><ItemType>1</ItemType><ItemName>סבון נוזלי 500 מ"ל כ</ItemName><ManufacturerName>פנינה רוזנבלום</ManufacturerName><ManufactureCountry>ישראל</ManufactureCountry><ManufacturerItemDescription>סבון נוזלי 500 מ"ל כ</ManufacturerItemDescription><SoldByWeight/><Quantity>500.00</Quantity><UnitOfMeasure>מ"ל</UnitOfMeasure><QtyInPackage>לא ידוע</QtyInPackage><UnitOfMeasurePrice>0.0170</UnitOfMeasurePrice><AllowDiscount>1</AllowDiscount><ItemStatus>1</ItemStatus><ItemPrice>8.50</ItemPrice></item><item><PriceUpdateDate>2016-08-10 08:23:16</PriceUpdateDate><ItemCode>7290011300999</ItemCode><ItemType>1</ItemType><ItemName>סבון נוזלי 500 מ"ל ב</ItemName><ManufacturerName>פנינה רוזנבלום</ManufacturerName><ManufactureCountry>ישראל</ManufactureCountry><ManufacturerItemDescription>סבון נוזלי 500 מ"ל ב</ManufacturerItemDescription><SoldByWeight/><Quantity>500.00</Quantity><UnitOfMeasure>מ"ל</UnitOfMeasure><QtyInPackage>לא ידוע</QtyInPackage><UnitOfMeasurePrice>0.0170</UnitOfMeasurePrice><AllowDiscount>1</AllowDiscount><ItemStatus>1</ItemStatus><ItemPrice>8.50</ItemPrice></item><item><PriceUpdateDate>2016-08-02 07:39:51</PriceUpdateDate><ItemCode>7290011378028</ItemCode><ItemType>1</ItemType><ItemName>מב חלבה שאמית שומשום</ItemName><ManufacturerName>בארכה</ManufacturerName><ManufactureCountry>ישראל</ManufactureCountry><ManufacturerItemDescription>חלבה ללא סוכר משומשום מלא</ManufacturerItemDescription><SoldByWeight/><Quantity>350.00</Quantity><UnitOfMeasure>גרם     </UnitOfMeasure><QtyInPackage>לא ידוע</QtyInPackage><UnitOfMeasurePrice>0.0340</UnitOfMeasurePrice><AllowDiscount>1</AllowDiscount><ItemStatus>1</ItemStatus><ItemPrice>11.90</ItemPrice></item><item><PriceUpdateDate>2016-05-01 08:13:43</PriceUpdateDate><ItemCode>7290011378776</ItemCode><ItemType>1</ItemType><ItemName>מאגדת 6 יחידות חטיף</ItemName><ManufacturerName>בארכה</ManufacturerName><ManufactureCountry>ישראל</ManufactureCountry><ManufacturerItemDescription>מאגדת חטיף חלבה פיסטוק</ManufacturerItemDescription><SoldByWeight/><Quantity>120.00</Quantity><UnitOfMeasure>גרם     </UnitOfMeasure><QtyInPackage>לא ידוע</QtyInPackage><UnitOfMeasurePrice>0.1158</UnitOfMeasurePrice><AllowDiscount>1</AllowDiscount><ItemStatus>1</ItemStatus><ItemPrice>13.90</ItemPrice></item><item><PriceUpdateDate>2016-05-01 08:13:43</PriceUpdateDate><ItemCode>7290011378950</ItemCode><ItemType>1</ItemType><ItemName>מאגדת 6 יחידות חטיף</ItemName><ManufacturerName>בארכה</ManufacturerName><ManufactureCountry>ישראל</ManufactureCountry><ManufacturerItemDescription>מאגדת חטיף חלבה וניל עם פ</ManufacturerItemDescription><SoldByWeight/><Quantity>120.00</Quantity><UnitOfMeasure>גרם     </UnitOfMeasure><QtyInPackage>לא ידוע</QtyInPackage><UnitOfMeasurePrice>0.1158</UnitOfMeasurePrice><AllowDiscount>1</AllowDiscount><ItemStatus>1</ItemStatus><ItemPrice>13.90</ItemPrice></item><item><PriceUpdateDate>2016-05-31 07:03:08</PriceUpdateDate><ItemCode>7290011447014</ItemCode><ItemType>1</ItemType><ItemName>דייסת מטרנה סלט פירו</ItemName><ManufacturerName>לא ידוע</ManufacturerName><ManufactureCountry>ישראל</ManufactureCountry><ManufacturerItemDescription>דייסת מטרנה סלט פירו</ManufacturerItemDescription><SoldByWeight/><Quantity>200.00</Quantity><UnitOfMeasure>גרם     </UnitOfMeasure><QtyInPackage>לא ידוע</QtyInPackage><UnitOfMeasurePrice>0.0725</UnitOfMeasurePrice><AllowDiscount>1</AllowDiscount><ItemStatus>1</ItemStatus><ItemPrice>14.50</ItemPrice></item><item><PriceUpdateDate>2016-05-31 06:56:14</PriceUpdateDate><ItemCode>7290011447267</ItemCode><ItemType>1</ItemType><ItemName>מטרנה חלבי שלב 1 700</ItemName><ManufacturerName>מטרנה</ManufacturerName><ManufactureCountry>ישראל</ManufactureCountry><ManufacturerItemDescription>מטרנה חלבי שלב 1 700</ManufacturerItemDescription><SoldByWeight/><Quantity>700.00</Quantity><UnitOfMeasure>גרם     </UnitOfMeasure><QtyInPackage>לא ידוע</QtyInPackage><UnitOfMeasurePrice>0.0784</UnitOfMeasurePrice><AllowDiscount>1</AllowDiscount><ItemStatus>1</ItemStatus><ItemPrice>54.90</ItemPrice></item><item><PriceUpdateDate>2016-05-31 06:56:14</PriceUpdateDate><ItemCode>7290011447281</ItemCode><ItemType>1</ItemType><ItemName>מטרנה חלבי שלב 2 700</ItemName><ManufacturerName>מטרנה</ManufacturerName><ManufactureCountry>ישראל</ManufactureCountry><ManufacturerItemDescription>מטרנה חלבי שלב 2 700</ManufacturerItemDescription><SoldByWeight/><Quantity>700.00</Quantity><UnitOfMeasure>גרם     </UnitOfMeasure><QtyInPackage>לא ידוע</QtyInPackage><UnitOfMeasurePrice>0.0784</UnitOfMeasurePrice><AllowDiscount>1</AllowDiscount><ItemStatus>1</ItemStatus><ItemPrice>54.90</ItemPrice></item><item><PriceUpdateDate>2016-05-31 06:56:14</PriceUpdateDate><ItemCode>7290011447304</ItemCode><ItemType>1</ItemType><ItemName>מטרנה חלבי שלב 3 700</ItemName><ManufacturerName>מטרנה</ManufacturerName><ManufactureCountry>ישראל</ManufactureCountry><ManufacturerItemDescription>מטרנה חלבי שלב 3 700</ManufacturerItemDescription><SoldByWeight/><Quantity>700.00</Quantity><UnitOfMeasure>גרם     </UnitOfMeasure><QtyInPackage>לא ידוע</QtyInPackage><UnitOfMeasurePrice>0.0784</UnitOfMeasurePrice><AllowDiscount>1</AllowDiscount><ItemStatus>1</ItemStatus><ItemPrice>54.90</ItemPrice></item><item><PriceUpdateDate>2016-03-16 18:08:54</PriceUpdateDate><ItemCode>7290011447359</ItemCode><ItemType>1</ItemType><ItemName>מטרנה מהדרין שלב 1 7</ItemName><ManufacturerName>מטרנה</ManufacturerName><ManufactureCountry>ישראל</ManufactureCountry><ManufacturerItemDescription>מטרנה מהדרין שלב 1 7</ManufacturerItemDescription><SoldByWeight/><Quantity>700.00</Quantity><UnitOfMeasure>גרם     </UnitOfMeasure><QtyInPackage>לא ידוע</QtyInPackage><UnitOfMeasurePrice>0.0741</UnitOfMeasurePrice><AllowDiscount>1</AllowDiscount><ItemStatus>1</ItemStatus><ItemPrice>51.90</ItemPrice></item><item><PriceUpdateDate>2016-03-16 18:08:54</PriceUpdateDate><ItemCode>7290011447373</ItemCode><ItemType>1</ItemType><ItemName>מטרנה מהדרין שלב 2 7</ItemName><ManufacturerName>מטרנה</ManufacturerName><ManufactureCountry>ישראל</ManufactureCountry><ManufacturerItemDescription>מטרנה מהדרין שלב 2 7</ManufacturerItemDescription><SoldByWeight/><Quantity>700.00</Quantity><UnitOfMeasure>גרם     </UnitOfMeasure><QtyInPackage>לא ידוע</QtyInPackage><UnitOfMeasurePrice>0.0741</UnitOfMeasurePrice><AllowDiscount>1</AllowDiscount><ItemStatus>1</ItemStatus><ItemPrice>51.90</ItemPrice></item><item><PriceUpdateDate>2014-11-27 08:57:20</PriceUpdateDate><ItemCode>7290011459086</ItemCode><ItemType>1</ItemType><ItemName>מקל עץ 150 ס"מ</ItemName><ManufacturerName>לא ממותג</ManufacturerName><ManufactureCountry>ישראל</ManufactureCountry><ManufacturerItemDescription>מקל עץ 150 ס"מ</ManufacturerItemDescription><SoldByWeight/><Quantity>1.00</Quantity><UnitOfMeasure>0</UnitOfMeasure><QtyInPackage>לא ידוע</QtyInPackage><UnitOfMeasurePrice>6.9000</UnitOfMeasurePrice><AllowDiscount>1</AllowDiscount><ItemStatus>1</ItemStatus><ItemPrice>6.90</ItemPrice></item><item><PriceUpdateDate>2016-05-01 08:13:43</PriceUpdateDate><ItemCode>7290011459307</ItemCode><ItemType>1</ItemType><ItemName>מגב מילניום 40 + מקל</ItemName><ManufacturerName>לא ממותג</ManufacturerName><ManufactureCountry>ישראל</ManufactureCountry><ManufacturerItemDescription>מגב מילניום 40 + מקל</ManufacturerItemDescription><SoldByWeight/><Quantity>0.00</Quantity><UnitOfMeasure>0</UnitOfMeasure><QtyInPackage>לא ידוע</QtyInPackage><UnitOfMeasurePrice>0.0000</UnitOfMeasurePrice><AllowDiscount>1</AllowDiscount><ItemStatus>1</ItemStatus><ItemPrice>21.90</ItemPrice></item><item><PriceUpdateDate>2014-11-27 08:57:20</PriceUpdateDate><ItemCode>7290011459376</ItemCode><ItemType>1</ItemType><ItemName>סט שירותים מונו מפוא</ItemName><ManufacturerName>לא ממותג</ManufacturerName><ManufactureCountry>ישראל</ManufactureCountry><ManufacturerItemDescription>סט שירותים מונו מפוא</ManufacturerItemDescription><SoldByWeight/><Quantity>1.00</Quantity><UnitOfMeasure>0</UnitOfMeasure><QtyInPackage>לא ידוע</QtyInPackage><UnitOfMeasurePrice>19.9000</UnitOfMeasurePrice><AllowDiscount>1</AllowDiscount><ItemStatus>1</ItemStatus><ItemPrice>19.90</ItemPrice></item><item><PriceUpdateDate>2016-06-28 09:29:21</PriceUpdateDate><ItemCode>7290011468002</ItemCode><ItemType>1</ItemType><ItemName>טחינה הנסיך 500 גרם</ItemName><ManufacturerName>הנסיך</ManufacturerName><ManufactureCountry>ישראל</ManufactureCountry><ManufacturerItemDescription>טחינה הנסיך 100% טהור 500</ManufacturerItemDescription><SoldByWeight/><Quantity>500.00</Quantity><UnitOfMeasure>גרם     </UnitOfMeasure><QtyInPackage>לא ידוע</QtyInPackage><UnitOfMeasurePrice>0.0338</UnitOfMeasurePrice><AllowDiscount>1</AllowDiscount><ItemStatus>1</ItemStatus><ItemPrice>16.90</ItemPrice></item><item><PriceUpdateDate>2015-11-18 13:59:37</PriceUpdateDate><ItemCode>7290011499051</ItemCode><ItemType>1</ItemType><ItemName>גבינה פטה כבשים בגבי</ItemName><ManufacturerName>גד</ManufacturerName><ManufactureCountry>ישראל</ManufactureCountry><ManufacturerItemDescription>גבינה פטה כבשים 250 גרם</ManufacturerItemDescription><SoldByWeight/><Quantity>250.00</Quantity><UnitOfMeasure>גרם     </UnitOfMeasure><QtyInPackage>לא ידוע</QtyInPackage><UnitOfMeasurePrice>0.1152</UnitOfMeasurePrice><AllowDiscount>1</AllowDiscount><ItemStatus>1</ItemStatus><ItemPrice>28.80</ItemPrice></item><item><PriceUpdateDate>2016-01-04 21:06:42</PriceUpdateDate><ItemCode>7290011499129</ItemCode><ItemType>1</ItemType><ItemName>גבינה בולגרית קוביות</ItemName><ManufacturerName>גד</ManufacturerName><ManufactureCountry>ישראל</ManufactureCountry><ManufacturerItemDescription>גבינה בולגרית קוביות 5% מ</ManufacturerItemDescription><SoldByWeight/><Quantity>200.00</Quantity><UnitOfMeasure>גרם     </UnitOfMeasure><QtyInPackage>לא ידוע</QtyInPackage><UnitOfMeasurePrice>0.1235</UnitOfMeasurePrice><AllowDiscount>1</AllowDiscount><ItemStatus>1</ItemStatus><ItemPrice>24.70</ItemPrice></item><item><PriceUpdateDate>2016-08-02 07:35:36</PriceUpdateDate><ItemCode>7290011499327</ItemCode><ItemType>1</ItemType><ItemName>מב גבינה בולגרית בקר</ItemName><ManufacturerName>גד</ManufacturerName><ManufactureCountry>ישראל</ManufactureCountry><ManufacturerItemDescription>גבינה בולגרית מעודנת 250</ManufacturerItemDescription><SoldByWeight/><Quantity>250.00</Quantity><UnitOfMeasure>גרם     </UnitOfMeasure><QtyInPackage>לא ידוע</QtyInPackage><UnitOfMeasurePrice>0.0640</UnitOfMeasurePrice><AllowDiscount>1</AllowDiscount><ItemStatus>1</ItemStatus><ItemPrice>16.00</ItemPrice></item><item><PriceUpdateDate>2016-05-31 06:56:15</PriceUpdateDate><ItemCode>7290011499419</ItemCode><ItemType>1</ItemType><ItemName>גבינת שמנת 5% טבעי 2</ItemName><ManufacturerName>גד</ManufacturerName><ManufactureCountry>ישראל</ManufactureCountry><ManufacturerItemDescription>גבינת קרם שמנת 200 5% גרם</ManufacturerItemDescription><SoldByWeight/><Quantity>200.00</Quantity><UnitOfMeasure>גרם     </UnitOfMeasure><QtyInPackage>לא ידוע</QtyInPackage><UnitOfMeasurePrice>0.0660</UnitOfMeasurePrice><AllowDiscount>1</AllowDiscount><ItemStatus>1</ItemStatus><ItemPrice>13.20</ItemPrice></item><item><PriceUpdateDate>2016-05-31 06:56:15</PriceUpdateDate><ItemCode>7290011499525</ItemCode><ItemType>1</ItemType><ItemName>לאבנה 9% 500 גרם</ItemName><ManufacturerName>גד</ManufacturerName><ManufactureCountry>ישראל</ManufactureCountry><ManufacturerItemDescription>לאבנה 500 9% גר</ManufacturerItemDescription><SoldByWeight/><Quantity>500.00</Quantity><UnitOfMeasure>גרם     </UnitOfMeasure><QtyInPackage>לא ידוע</QtyInPackage><UnitOfMeasurePrice>0.0434</UnitOfMeasurePrice><AllowDiscount>1</AllowDiscount><ItemStatus>1</ItemStatus><ItemPrice>21.70</ItemPrice></item><item><PriceUpdateDate>2016-03-29 07:05:17</PriceUpdateDate><ItemCode>7290011499846</ItemCode><ItemType>1</ItemType><ItemName>ריקוטה פרסקה 300 גרם</ItemName><ManufacturerName>גד</ManufacturerName><ManufactureCountry>ישראל</ManufactureCountry><ManufacturerItemDescription>ריקוטה פרסקה 300 9% גר</ManufacturerItemDescription><SoldByWeight/><Quantity>300.00</Quantity><UnitOfMeasure>גרם     </UnitOfMeasure><QtyInPackage>לא ידוע</QtyInPackage><UnitOfMeasurePrice>0.0663</UnitOfMeasurePrice><AllowDiscount>1</AllowDiscount><ItemStatus>1</ItemStatus><ItemPrice>19.90</ItemPrice></item><item><PriceUpdateDate>2016-03-01 10:18:31</PriceUpdateDate><ItemCode>7290011501082</ItemCode><ItemType>1</ItemType><ItemName>תמר מג'הול 400 גרם ה</ItemName><ManufacturerName>"המותג"</ManufacturerName><ManufactureCountry>לא ידוע</ManufactureCountry><ManufacturerItemDescription>תמר מג'הול 400 גרם ה</ManufacturerItemDescription><SoldByWeight/><Quantity>400.00</Quantity><UnitOfMeasure>גרם     </UnitOfMeasure><QtyInPackage>לא ידוע</QtyInPackage><UnitOfMeasurePrice>0.0348</UnitOfMeasurePrice><AllowDiscount>1</AllowDiscount><ItemStatus>1</ItemStatus><ItemPrice>13.90</ItemPrice></item><item><PriceUpdateDate>2016-08-10 08:23:16</PriceUpdateDate><ItemCode>7290011515683</ItemCode><ItemType>1</ItemType><ItemName>מאגדת טילון אקסטרים</ItemName><ManufacturerName>אקסטרים</ManufacturerName><ManufactureCountry>ישראל</ManufactureCountry><ManufacturerItemDescription>מאגדת אקסטרים וניל 6 יח</ManufacturerItemDescription><SoldByWeight/><Quantity>532.00</Quantity><UnitOfMeasure>גרם     </UnitOfMeasure><QtyInPackage>לא ידוע</QtyInPackage><UnitOfMeasurePrice>0.0712</UnitOfMeasurePrice><AllowDiscount>1</AllowDiscount><ItemStatus>1</ItemStatus><ItemPrice>37.90</ItemPrice></item><item><PriceUpdateDate>2016-05-31 07:03:08</PriceUpdateDate><ItemCode>7290011518561</ItemCode><ItemType>1</ItemType><ItemName>מארז אקטימל תות 14 י</ItemName><ManufacturerName>אקטימל</ManufacturerName><ManufactureCountry>ישראל</ManufactureCountry><ManufacturerItemDescription>מארז אקטימל תות 14 י</ManufacturerItemDescription><SoldByWeight/><Quantity>1480.00</Quantity><UnitOfMeasure>מ"ל</UnitOfMeasure><QtyInPackage>לא ידוע</QtyInPackage><UnitOfMeasurePrice>0.0212</UnitOfMeasurePrice><AllowDiscount>1</AllowDiscount><ItemStatus>1</ItemStatus><ItemPrice>31.40</ItemPrice></item><item><PriceUpdateDate>2016-04-25 08:29:02</PriceUpdateDate><ItemCode>7290011524098</ItemCode><ItemType>1</ItemType><ItemName>ריבה דובדבן ויטה 680</ItemName><ManufacturerName>ויטה</ManufacturerName><ManufactureCountry>ישראל</ManufactureCountry><ManufacturerItemDescription>ריבה דובדבן ויטה 680</ManufacturerItemDescription><SoldByWeight/><Quantity>680.00</Quantity><UnitOfMeasure>גרם     </UnitOfMeasure><QtyInPackage>לא ידוע</QtyInPackage><UnitOfMeasurePrice>0.0135</UnitOfMeasurePrice><AllowDiscount>1</AllowDiscount><ItemStatus>1</ItemStatus><ItemPrice>9.20</ItemPrice></item><item><PriceUpdateDate>2015-11-18 13:59:38</PriceUpdateDate><ItemCode>7290011524104</ItemCode><ItemType>1</ItemType><ItemName>ריבה מעורבת 680 גרם</ItemName><ManufacturerName>ויטה</ManufacturerName><ManufactureCountry>ישראל</ManufactureCountry><ManufacturerItemDescription>ריבה מעורבת 680 גרם</ManufacturerItemDescription><SoldByWeight/><Quantity>680.00</Quantity><UnitOfMeasure>גרם     </UnitOfMeasure><QtyInPackage>לא ידוע</QtyInPackage><UnitOfMeasurePrice>0.0135</UnitOfMeasurePrice><AllowDiscount>1</AllowDiscount><ItemStatus>1</ItemStatus><ItemPrice>9.20</ItemPrice></item><item><PriceUpdateDate>2015-11-18 13:59:38</PriceUpdateDate><ItemCode>7290011524111</ItemCode><ItemType>1</ItemType><ItemName>ריבה תפוז ויטה 680 ג</ItemName><ManufacturerName>ויטה</ManufacturerName><ManufactureCountry>ישראל</ManufactureCountry><ManufacturerItemDescription>ריבה תפוז ויטה 680 ג</ManufacturerItemDescription><SoldByWeight/><Quantity>680.00</Quantity><UnitOfMeasure>גרם     </UnitOfMeasure><QtyInPackage>לא ידוע</QtyInPackage><UnitOfMeasurePrice>0.0135</UnitOfMeasurePrice><AllowDiscount>1</AllowDiscount><ItemStatus>1</ItemStatus><ItemPrice>9.20</ItemPrice></item><item><PriceUpdateDate>2016-04-14 09:01:19</PriceUpdateDate><ItemCode>7290011524722</ItemCode><ItemType>1</ItemType><ItemName>סטייק צ'יפס 2 ק"ג "ה</ItemName><ManufacturerName>"המותג"</ManufacturerName><ManufactureCountry>ישראל</ManufactureCountry><ManufacturerItemDescription>סטייק צ'יפס 2 ק"ג "ה</ManufacturerItemDescription><SoldByWeight/><Quantity>2000.00</Quantity><UnitOfMeasure>גרם     </UnitOfMeasure><QtyInPackage>לא ידוע</QtyInPackage><UnitOfMeasurePrice>0.0109</UnitOfMeasurePrice><AllowDiscount>1</AllowDiscount><ItemStatus>1</ItemStatus><ItemPrice>21.90</ItemPrice></item><item><PriceUpdateDate>2015-05-08 09:39:04</PriceUpdateDate><ItemCode>7290011524746</ItemCode><ItemType>1</ItemType><ItemName>צ'יפס 700 גרם המותג</ItemName><ManufacturerName>"המותג"</ManufacturerName><ManufactureCountry>ישראל</ManufactureCountry><ManufacturerItemDescription>צ'יפס 700 גרם המותג</ManufacturerItemDescription><SoldByWeight/><Quantity>700.00</Quantity><UnitOfMeasure>גרם     </UnitOfMeasure><QtyInPackage>לא ידוע</QtyInPackage><UnitOfMeasurePrice>0.0127</UnitOfMeasurePrice><AllowDiscount>1</AllowDiscount><ItemStatus>1</ItemStatus><ItemPrice>8.90</ItemPrice></item><item><PriceUpdateDate>2015-02-24 09:09:42</PriceUpdateDate><ItemCode>7290011553340</ItemCode><ItemType>1</ItemType><ItemName>שקדי מרק במיכל 400 ג</ItemName><ManufacturerName>"המותג"</ManufacturerName><ManufactureCountry>ישראל</ManufactureCountry><ManufacturerItemDescription>שקדי מרק במיכל 400 ג</ManufacturerItemDescription><SoldByWeight/><Quantity>400.00</Quantity><UnitOfMeasure>גרם     </UnitOfMeasure><QtyInPackage>לא ידוע</QtyInPackage><UnitOfMeasurePrice>0.0208</UnitOfMeasurePrice><AllowDiscount>1</AllowDiscount><ItemStatus>1</ItemStatus><ItemPrice>8.30</ItemPrice></item><item><PriceUpdateDate>2015-02-24 09:09:42</PriceUpdateDate><ItemCode>7290011553357</ItemCode><ItemType>1</ItemType><ItemName>ציפוי פיקנטי לשניצל</ItemName><ManufacturerName>"המותג"</ManufacturerName><ManufactureCountry>ישראל</ManufactureCountry><ManufacturerItemDescription>ציפוי פיקנטי לשניצל</ManufacturerItemDescription><SoldByWeight/><Quantity>400.00</Quantity><UnitOfMeasure>גרם     </UnitOfMeasure><QtyInPackage>לא ידוע</QtyInPackage><UnitOfMeasurePrice>0.0223</UnitOfMeasurePrice><AllowDiscount>1</AllowDiscount><ItemStatus>1</ItemStatus><ItemPrice>8.90</ItemPrice></item><item><PriceUpdateDate>2015-02-24 09:09:42</PriceUpdateDate><ItemCode>7290011553364</ItemCode><ItemType>1</ItemType><ItemName>ציפוי לשניצל במיכל 4</ItemName><ManufacturerName>"המותג"</ManufacturerName><ManufactureCountry>ישראל</ManufactureCountry><ManufacturerItemDescription>ציפוי לשניצל במיכל 4</ManufacturerItemDescription><SoldByWeight/><Quantity>400.00</Quantity><UnitOfMeasure>גרם     </UnitOfMeasure><QtyInPackage>לא ידוע</QtyInPackage><UnitOfMeasurePrice>0.0223</UnitOfMeasurePrice><AllowDiscount>1</AllowDiscount><ItemStatus>1</ItemStatus><ItemPrice>8.90</ItemPrice></item><item><PriceUpdateDate>2015-02-24 09:09:42</PriceUpdateDate><ItemCode>7290011553371</ItemCode><ItemType>1</ItemType><ItemName>ציפוי  לשניצל בטעם ש</ItemName><ManufacturerName>"המותג"</ManufacturerName><ManufactureCountry>ישראל</ManufactureCountry><ManufacturerItemDescription>ציפוי  לשניצל בטעם ש</ManufacturerItemDescription><SoldByWeight/><Quantity>400.00</Quantity><UnitOfMeasure>גרם     </UnitOfMeasure><QtyInPackage>לא ידוע</QtyInPackage><UnitOfMeasurePrice>0.0223</UnitOfMeasurePrice><AllowDiscount>1</AllowDiscount><ItemStatus>1</ItemStatus><ItemPrice>8.90</ItemPrice></item><item><PriceUpdateDate>2014-11-10 06:30:40</PriceUpdateDate><ItemCode>7290011570088</ItemCode><ItemType>1</ItemType><ItemName>ריבת חלב ללא תוספת ס</ItemName><ManufacturerName>קונדיטור</ManufacturerName><ManufactureCountry>ישראל</ManufactureCountry><ManufacturerItemDescription>ריבת חלב ללא תוספת ס</ManufacturerItemDescription><SoldByWeight/><Quantity>300.00</Quantity><UnitOfMeasure>גרם     </UnitOfMeasure><QtyInPackage>לא ידוע</QtyInPackage><UnitOfMeasurePrice>0.0660</UnitOfMeasurePrice><AllowDiscount>1</AllowDiscount><ItemStatus>1</ItemStatus><ItemPrice>19.80</ItemPrice></item><item><PriceUpdateDate>2015-11-18 13:59:39</PriceUpdateDate><ItemCode>7290011587093</ItemCode><ItemType>1</ItemType><ItemName>תירס גמדי 400 גרם</ItemName><ManufacturerName>תומר</ManufacturerName><ManufactureCountry>ישראל</ManufactureCountry><ManufacturerItemDescription>תירס גמדי 400 גרם</ManufacturerItemDescription><SoldByWeight/><Quantity>200.00</Quantity><UnitOfMeasure>גרם     </UnitOfMeasure><QtyInPackage>לא ידוע</QtyInPackage><UnitOfMeasurePrice>0.0355</UnitOfMeasurePrice><AllowDiscount>1</AllowDiscount><ItemStatus>1</ItemStatus><ItemPrice>7.10</ItemPrice></item><item><PriceUpdateDate>2015-10-22 10:37:35</PriceUpdateDate><ItemCode>7290011587611</ItemCode><ItemType>1</ItemType><ItemName>מקרל מרוקאי בשמן 125</ItemName><ManufacturerName>תומר</ManufacturerName><ManufactureCountry>ישראל</ManufactureCountry><ManufacturerItemDescription>מקרל מרוקאי בשמן 125</ManufacturerItemDescription><SoldByWeight/><Quantity>14.00</Quantity><UnitOfMeasure>גרם     </UnitOfMeasure><QtyInPackage>לא ידוע</QtyInPackage><UnitOfMeasurePrice>0.4714</UnitOfMeasurePrice><AllowDiscount>1</AllowDiscount><ItemStatus>1</ItemStatus><ItemPrice>6.60</ItemPrice></item><item><PriceUpdateDate>2015-11-18 13:59:39</PriceUpdateDate><ItemCode>7290011587741</ItemCode><ItemType>1</ItemType><ItemName>אטריות נודלס דק מאוד</ItemName><ManufacturerName>לא ממותג</ManufacturerName><ManufactureCountry>ישראל</ManufactureCountry><ManufacturerItemDescription>אטריות נודלס דק מאוד</ManufacturerItemDescription><SoldByWeight/><Quantity>400.00</Quantity><UnitOfMeasure>גרם     </UnitOfMeasure><QtyInPackage>לא ידוע</QtyInPackage><UnitOfMeasurePrice>0.0163</UnitOfMeasurePrice><AllowDiscount>1</AllowDiscount><ItemStatus>1</ItemStatus><ItemPrice>6.50</ItemPrice></item><item><PriceUpdateDate>2015-11-18 13:59:39</PriceUpdateDate><ItemCode>7290011587772</ItemCode><ItemType>1</ItemType><ItemName>אטריות נודלס עבה מאו</ItemName><ManufacturerName>לא ממותג</ManufacturerName><ManufactureCountry>ישראל</ManufactureCountry><ManufacturerItemDescription>אטריות נודלס עבה מאו</ManufacturerItemDescription><SoldByWeight/><Quantity>400.00</Quantity><UnitOfMeasure>גרם     </UnitOfMeasure><QtyInPackage>לא ידוע</QtyInPackage><UnitOfMeasurePrice>0.0163</UnitOfMeasurePrice><AllowDiscount>1</AllowDiscount><ItemStatus>1</ItemStatus><ItemPrice>6.50</ItemPrice></item><item><PriceUpdateDate>2015-11-18 13:59:39</PriceUpdateDate><ItemCode>7290011587840</ItemCode><ItemType>1</ItemType><ItemName>עגבניות מיובשות קצוצ</ItemName><ManufacturerName>תומר</ManufacturerName><ManufactureCountry>ישראל</ManufactureCountry><ManufacturerItemDescription>עגבניות מיובשות קצוצ</ManufacturerItemDescription><SoldByWeight/><Quantity>340.00</Quantity><UnitOfMeasure>גרם     </UnitOfMeasure><QtyInPackage>לא ידוע</QtyInPackage><UnitOfMeasurePrice>0.0426</UnitOfMeasurePrice><AllowDiscount>1</AllowDiscount><ItemStatus>1</ItemStatus><ItemPrice>14.50</ItemPrice></item><item><PriceUpdateDate>2016-08-02 07:39:51</PriceUpdateDate><ItemCode>7290011587956</ItemCode><ItemType>1</ItemType><ItemName>מב רוטב צ'ילי מתוק 7</ItemName><ManufacturerName>תומר</ManufacturerName><ManufactureCountry>ישראל</ManufactureCountry><ManufacturerItemDescription>מב רוטב צ'ילי מתוק 7</ManufacturerItemDescription><SoldByWeight/><Quantity>700.00</Quantity><UnitOfMeasure>מ"ל</UnitOfMeasure><QtyInPackage>לא ידוע</QtyInPackage><UnitOfMeasurePrice>0.0121</UnitOfMeasurePrice><AllowDiscount>1</AllowDiscount><ItemStatus>1</ItemStatus><ItemPrice>8.50</ItemPrice></item><item><PriceUpdateDate>2016-05-01 08:13:43</PriceUpdateDate><ItemCode>7290011598211</ItemCode><ItemType>1</ItemType><ItemName>סנו אנטי קאלק 4 באחד</ItemName><ManufacturerName>אנטי קאלק</ManufacturerName><ManufactureCountry>ישראל</ManufactureCountry><ManufacturerItemDescription>מנקה כללי אנטיקאלק 700 מל</ManufacturerItemDescription><SoldByWeight/><Quantity>750.00</Quantity><UnitOfMeasure>מ"ל</UnitOfMeasure><QtyInPackage>לא ידוע</QtyInPackage><UnitOfMeasurePrice>0.0212</UnitOfMeasurePrice><AllowDiscount>1</AllowDiscount><ItemStatus>1</ItemStatus><ItemPrice>15.90</ItemPrice></item><item><PriceUpdateDate>2015-11-18 13:59:39</PriceUpdateDate><ItemCode>7290011598259</ItemCode><ItemType>1</ItemType><ItemName>סנו פרש מילוי אוטומט</ItemName><ManufacturerName>סנו פרש</ManufacturerName><ManufactureCountry>ישראל</ManufactureCountry><ManufacturerItemDescription>סנו פרש מילוי אוטומט</ManufacturerItemDescription><SoldByWeight/><Quantity>250.00</Quantity><UnitOfMeasure>מ"ל</UnitOfMeasure><QtyInPackage>לא ידוע</QtyInPackage><UnitOfMeasurePrice>0.0960</UnitOfMeasurePrice><AllowDiscount>1</AllowDiscount><ItemStatus>1</ItemStatus><ItemPrice>24.00</ItemPrice></item><item><PriceUpdateDate>2016-08-02 07:39:52</PriceUpdateDate><ItemCode>7290011607180</ItemCode><ItemType>1</ItemType><ItemName>מב אבקת כביסה קולון</ItemName><ManufacturerName>קולון</ManufacturerName><ManufactureCountry>ישראל</ManufactureCountry><ManufacturerItemDescription>אבקת כביסה קולון 1.25 101</ManufacturerItemDescription><SoldByWeight/><Quantity>1250.00</Quantity><UnitOfMeasure>גרם     </UnitOfMeasure><QtyInPackage>לא ידוע</QtyInPackage><UnitOfMeasurePrice>0.0087</UnitOfMeasurePrice><AllowDiscount>1</AllowDiscount><ItemStatus>1</ItemStatus><ItemPrice>10.90</ItemPrice></item><item><PriceUpdateDate>2016-08-02 07:39:52</PriceUpdateDate><ItemCode>7290011615062</ItemCode><ItemType>1</ItemType><ItemName>מב ממרח חמאה לורפק ל</ItemName><ManufacturerName>לורפק</ManufacturerName><ManufactureCountry>ישראל</ManufactureCountry><ManufacturerItemDescription>מב ממרח חמאה לורפק ל</ManufacturerItemDescription><SoldByWeight/><Quantity>500.00</Quantity><UnitOfMeasure>גרם     </UnitOfMeasure><QtyInPackage>לא ידוע</QtyInPackage><UnitOfMeasurePrice>0.0432</UnitOfMeasurePrice><AllowDiscount>1</AllowDiscount><ItemStatus>1</ItemStatus><ItemPrice>21.60</ItemPrice></item><item><PriceUpdateDate>2014-11-10 06:29:43</PriceUpdateDate><ItemCode>7290011615239</ItemCode><ItemType>1</ItemType><ItemName>צנימים עם שמן זית 22</ItemName><ManufacturerName>וילי פוד</ManufacturerName><ManufactureCountry>ישראל</ManufactureCountry><ManufacturerItemDescription>צנימים עם שמן זית 22</ManufacturerItemDescription><SoldByWeight/><Quantity>225.00</Quantity><UnitOfMeasure>גרם     </UnitOfMeasure><QtyInPackage>לא ידוע</QtyInPackage><UnitOfMeasurePrice>0.0360</UnitOfMeasurePrice><AllowDiscount>1</AllowDiscount><ItemStatus>1</ItemStatus><ItemPrice>8.10</ItemPrice></item><item><PriceUpdateDate>2014-11-10 06:31:13</PriceUpdateDate><ItemCode>7290011618483</ItemCode><ItemType>1</ItemType><ItemName>רייד מכשיר חשמלי + 2</ItemName><ManufacturerName>רייד</ManufacturerName><ManufactureCountry>סין</ManufactureCountry><ManufacturerItemDescription>מרכך כביסה בדין  960 מ"ל</ManufacturerItemDescription><SoldByWeight/><Quantity>100.00</Quantity><UnitOfMeasure>יח'</UnitOfMeasure><QtyInPackage>לא ידוע</QtyInPackage><UnitOfMeasurePrice>0.4880</UnitOfMeasurePrice><AllowDiscount>1</AllowDiscount><ItemStatus>1</ItemStatus><ItemPrice>48.80</ItemPrice></item><item><PriceUpdateDate>2016-06-28 09:29:21</PriceUpdateDate><ItemCode>7290011668587</ItemCode><ItemType>1</ItemType><ItemName>מב גרנולה טעם עשיר 5</ItemName><ManufacturerName>לא ידוע</ManufacturerName><ManufactureCountry>ישראל</ManufactureCountry><ManufacturerItemDescription>גרנולה טעם עשיר 500 גרם</ManufacturerItemDescription><SoldByWeight/><Quantity>500.00</Quantity><UnitOfMeasure>גרם     </UnitOfMeasure><QtyInPackage>לא ידוע</QtyInPackage><UnitOfMeasurePrice>0.0458</UnitOfMeasurePrice><AllowDiscount>1</AllowDiscount><ItemStatus>1</ItemStatus><ItemPrice>22.90</ItemPrice></item><item><PriceUpdateDate>2016-03-03 09:33:49</PriceUpdateDate><ItemCode>7290011758479</ItemCode><ItemType>1</ItemType><ItemName>טוויסטר דגנים במילוי</ItemName><ManufacturerName>לא ממותג</ManufacturerName><ManufactureCountry>ישראל</ManufactureCountry><ManufacturerItemDescription>מאנדיי טוויסטר נוגט 750 ג</ManufacturerItemDescription><SoldByWeight/><Quantity>750.00</Quantity><UnitOfMeasure>גרם     </UnitOfMeasure><QtyInPackage>לא ידוע</QtyInPackage><UnitOfMeasurePrice>0.0265</UnitOfMeasurePrice><AllowDiscount>1</AllowDiscount><ItemStatus>1</ItemStatus><ItemPrice>19.90</ItemPrice></item><item><PriceUpdateDate>2016-08-02 07:39:53</PriceUpdateDate><ItemCode>7290011765446</ItemCode><ItemType>1</ItemType><ItemName>מב משחת שיניים אורבי</ItemName><ManufacturerName>אורביטול</ManufacturerName><ManufactureCountry>ישראל</ManufactureCountry><ManufacturerItemDescription>אורביטול מש.שיניים בוב ספ</ManufacturerItemDescription><SoldByWeight/><Quantity>14.00</Quantity><UnitOfMeasure>מ"ל</UnitOfMeasure><QtyInPackage>לא ידוע</QtyInPackage><UnitOfMeasurePrice>0.5643</UnitOfMeasurePrice><AllowDiscount>1</AllowDiscount><ItemStatus>1</ItemStatus><ItemPrice>7.90</ItemPrice></item><item><PriceUpdateDate>2015-10-07 18:23:01</PriceUpdateDate><ItemCode>7290011765453</ItemCode><ItemType>1</ItemType><ItemName>מברשת שיניים בוב ספו</ItemName><ManufacturerName>אורביטול</ManufacturerName><ManufactureCountry>ישראל</ManufactureCountry><ManufacturerItemDescription>מברשת שיניים בוב ספו</ManufacturerItemDescription><SoldByWeight/><Quantity>1.00</Quantity><UnitOfMeasure>יח'</UnitOfMeasure><QtyInPackage>לא ידוע</QtyInPackage><UnitOfMeasurePrice>14.1000</UnitOfMeasurePrice><AllowDiscount>1</AllowDiscount><ItemStatus>1</ItemStatus><ItemPrice>14.10</ItemPrice></item><item><PriceUpdateDate>2016-08-02 07:35:36</PriceUpdateDate><ItemCode>7290011800642</ItemCode><ItemType>1</ItemType><ItemName>סלט מטבוחה רפי כהן 4</ItemName><ManufacturerName>צבר</ManufacturerName><ManufactureCountry>ישראל</ManufactureCountry><ManufacturerItemDescription>מטבוחה רפי</ManufacturerItemDescription><SoldByWeight/><Quantity>400.00</Quantity><UnitOfMeasure>גרם     </UnitOfMeasure><QtyInPackage>לא ידוע</QtyInPackage><UnitOfMeasurePrice>0.0413</UnitOfMeasurePrice><AllowDiscount>1</AllowDiscount><ItemStatus>1</ItemStatus><ItemPrice>16.50</ItemPrice></item><item><PriceUpdateDate>2016-08-02 07:35:36</PriceUpdateDate><ItemCode>7290011800826</ItemCode><ItemType>1</ItemType><ItemName>סלט חציל בטחינה רפי</ItemName><ManufacturerName>צבר</ManufacturerName><ManufactureCountry>ישראל</ManufactureCountry><ManufacturerItemDescription>חציל בטחינה רפי 400 גר</ManufacturerItemDescription><SoldByWeight/><Quantity>400.00</Quantity><UnitOfMeasure>גרם     </UnitOfMeasure><QtyInPackage>לא ידוע</QtyInPackage><UnitOfMeasurePrice>0.0413</UnitOfMeasurePrice><AllowDiscount>1</AllowDiscount><ItemStatus>1</ItemStatus><ItemPrice>16.50</ItemPrice></item><item><PriceUpdateDate>2016-08-02 07:39:53</PriceUpdateDate><ItemCode>7290011876388</ItemCode><ItemType>1</ItemType><ItemName>מב קציצות עוף ובקר מ</ItemName><ManufacturerName>מאמא עוף קפוא</ManufacturerName><ManufactureCountry>ישראל</ManufactureCountry><ManufacturerItemDescription>קציצות עוף ובקר 600 גר</ManufacturerItemDescription><SoldByWeight/><Quantity>600.00</Quantity><UnitOfMeasure>גרם     </UnitOfMeasure><QtyInPackage>לא ידוע</QtyInPackage><UnitOfMeasurePrice>0.0448</UnitOfMeasurePrice><AllowDiscount>1</AllowDiscount><ItemStatus>1</ItemStatus><ItemPrice>26.90</ItemPrice></item><item><PriceUpdateDate>2016-08-02 07:35:37</PriceUpdateDate><ItemCode>7290011876494</ItemCode><ItemType>1</ItemType><ItemName>שניצל עוף V תירס 750</ItemName><ManufacturerName>מאמא עוף קפוא</ManufacturerName><ManufactureCountry>ישראל</ManufactureCountry><ManufacturerItemDescription>שניצל עוף V תירס 750</ManufacturerItemDescription><SoldByWeight/><Quantity>750.00</Quantity><UnitOfMeasure>גרם     </UnitOfMeasure><QtyInPackage>לא ידוע</QtyInPackage><UnitOfMeasurePrice>0.0532</UnitOfMeasurePrice><AllowDiscount>1</AllowDiscount><ItemStatus>1</ItemStatus><ItemPrice>39.90</ItemPrice></item><item><PriceUpdateDate>2016-05-01 08:13:43</PriceUpdateDate><ItemCode>7290011876609</ItemCode><ItemType>1</ItemType><ItemName>שניצל דק פריך כשר לפ</ItemName><ManufacturerName>מאמא עוף קפוא</ManufacturerName><ManufactureCountry>ישראל</ManufactureCountry><ManufacturerItemDescription>שניצל דק דק פריך כשלפ 700</ManufacturerItemDescription><SoldByWeight/><Quantity>700.00</Quantity><UnitOfMeasure>גרם     </UnitOfMeasure><QtyInPackage>לא ידוע</QtyInPackage><UnitOfMeasurePrice>0.0570</UnitOfMeasurePrice><AllowDiscount>1</AllowDiscount><ItemStatus>1</ItemStatus><ItemPrice>39.90</ItemPrice></item><item><PriceUpdateDate>2016-06-30 06:41:07</PriceUpdateDate><ItemCode>7290011877156</ItemCode><ItemType>1</ItemType><ItemName>מטהר אוויר סנו פרש ס</ItemName><ManufacturerName>סנו פרש</ManufacturerName><ManufactureCountry>ישראל</ManufactureCountry><ManufacturerItemDescription>מ.אויר סנופרש ענק</ManufacturerItemDescription><SoldByWeight/><Quantity>375.00</Quantity><UnitOfMeasure>מ"ל</UnitOfMeasure><QtyInPackage>לא ידוע</QtyInPackage><UnitOfMeasurePrice>0.0384</UnitOfMeasurePrice><AllowDiscount>1</AllowDiscount><ItemStatus>1</ItemStatus><ItemPrice>14.40</ItemPrice></item><item><PriceUpdateDate>2016-08-02 14:05:56</PriceUpdateDate><ItemCode>7290011877828</ItemCode><ItemType>1</ItemType><ItemName>מב מגבוני בוב ספוג ר</ItemName><ManufacturerName>כיף</ManufacturerName><ManufactureCountry>ישראל</ManufactureCountry><ManufacturerItemDescription>מב מגבוני בוב ספוג ר</ManufacturerItemDescription><SoldByWeight/><Quantity>1.00</Quantity><UnitOfMeasure>יח'</UnitOfMeasure><QtyInPackage>לא ידוע</QtyInPackage><UnitOfMeasurePrice>20.0000</UnitOfMeasurePrice><AllowDiscount>1</AllowDiscount><ItemStatus>1</ItemStatus><ItemPrice>20.00</ItemPrice></item><item><PriceUpdateDate>2016-08-02 07:39:53</PriceUpdateDate><ItemCode>7290011877866</ItemCode><ItemType>1</ItemType><ItemName>מב אבקת כביסה מקסימה</ItemName><ManufacturerName>סנו מקסימה</ManufacturerName><ManufactureCountry>ישראל</ManufactureCountry><ManufacturerItemDescription>מב אבקת כביסה מקסימה</ManufacturerItemDescription><SoldByWeight/><Quantity>6000.00</Quantity><UnitOfMeasure>גרם     </UnitOfMeasure><QtyInPackage>לא ידוע</QtyInPackage><UnitOfMeasurePrice>0.0083</UnitOfMeasurePrice><AllowDiscount>1</AllowDiscount><ItemStatus>1</ItemStatus><ItemPrice>49.90</ItemPrice></item><item><PriceUpdateDate>2016-08-02 14:05:57</PriceUpdateDate><ItemCode>7290011877873</ItemCode><ItemType>1</ItemType><ItemName>מב רביעיית מגבוני כי</ItemName><ManufacturerName>כיף</ManufacturerName><ManufactureCountry>ישראל</ManufactureCountry><ManufacturerItemDescription>מב רביעיית מגבוני כי</ManufacturerItemDescription><SoldByWeight/><Quantity>288.00</Quantity><UnitOfMeasure>בודד</UnitOfMeasure><QtyInPackage>לא ידוע</QtyInPackage><UnitOfMeasurePrice>0.0694</UnitOfMeasurePrice><AllowDiscount>1</AllowDiscount><ItemStatus>1</ItemStatus><ItemPrice>20.00</ItemPrice></item><item><PriceUpdateDate>2016-08-10 08:23:16</PriceUpdateDate><ItemCode>7290011889869</ItemCode><ItemType>1</ItemType><ItemName>גלידה משפחתית שוקו ע</ItemName><ManufacturerName>שטראוס גלידה</ManufacturerName><ManufactureCountry>ישראל</ManufactureCountry><ManufacturerItemDescription>גלידה משפחתית שוקו ע</ManufacturerItemDescription><SoldByWeight/><Quantity>2.00</Quantity><UnitOfMeasure>מ"ל</UnitOfMeasure><QtyInPackage>לא ידוע</QtyInPackage><UnitOfMeasurePrice>14.9500</UnitOfMeasurePrice><AllowDiscount>1</AllowDiscount><ItemStatus>1</ItemStatus><ItemPrice>29.90</ItemPrice></item><item><PriceUpdateDate>2016-08-10 08:23:48</PriceUpdateDate><ItemCode>7290011915346</ItemCode><ItemType>1</ItemType><ItemName>טורטיות 8 יח' - 330</ItemName><ManufacturerName>"המותג"</ManufacturerName><ManufactureCountry>לא ידוע</ManufactureCountry><ManufacturerItemDescription>טורטיות 8 יח' - 330</ManufacturerItemDescription><SoldByWeight/><Quantity>330.00</Quantity><UnitOfMeasure>גרם     </UnitOfMeasure><QtyInPackage>לא ידוע</QtyInPackage><UnitOfMeasurePrice>0.0358</UnitOfMeasurePrice><AllowDiscount>1</AllowDiscount><ItemStatus>1</ItemStatus><ItemPrice>11.80</ItemPrice></item><item><PriceUpdateDate>2015-11-18 13:59:41</PriceUpdateDate><ItemCode>7290011964658</ItemCode><ItemType>1</ItemType><ItemName>מלח לימון 170ג</ItemName><ManufacturerName>טעם וריח</ManufacturerName><ManufactureCountry>ישראל</ManufactureCountry><ManufacturerItemDescription>מלח לימון 170ג</ManufacturerItemDescription><SoldByWeight/><Quantity>170.00</Quantity><UnitOfMeasure>גרם     </UnitOfMeasure><QtyInPackage>לא ידוע</QtyInPackage><UnitOfMeasurePrice>0.0706</UnitOfMeasurePrice><AllowDiscount>1</AllowDiscount><ItemStatus>1</ItemStatus><ItemPrice>12.00</ItemPrice></item><item><PriceUpdateDate>2016-08-10 08:23:48</PriceUpdateDate><ItemCode>7290011969141</ItemCode><ItemType>1</ItemType><ItemName>מגבוני בד לחים לתינו</ItemName><ManufacturerName>לא ממותג</ManufacturerName><ManufactureCountry>ישראל</ManufactureCountry><ManufacturerItemDescription>מגבון בייבי בודד</ManufacturerItemDescription><SoldByWeight/><Quantity>1.00</Quantity><UnitOfMeasure>יח'</UnitOfMeasure><QtyInPackage>לא ידוע</QtyInPackage><UnitOfMeasurePrice>4.9000</UnitOfMeasurePrice><AllowDiscount>1</AllowDiscount><ItemStatus>1</ItemStatus><ItemPrice>4.90</ItemPrice></item><item><PriceUpdateDate>2015-11-18 13:59:41</PriceUpdateDate><ItemCode>7290012025013</ItemCode><ItemType>1</ItemType><ItemName>סלט איקרה לבנה 250 ג</ItemName><ManufacturerName>סלטי שמיר</ManufacturerName><ManufactureCountry>ישראל</ManufactureCountry><ManufacturerItemDescription>איקרא לבנה מיוחדת  250 גר</ManufacturerItemDescription><SoldByWeight/><Quantity>250.00</Quantity><UnitOfMeasure>גרם     </UnitOfMeasure><QtyInPackage>לא ידוע</QtyInPackage><UnitOfMeasurePrice>0.0656</UnitOfMeasurePrice><AllowDiscount>1</AllowDiscount><ItemStatus>1</ItemStatus><ItemPrice>16.40</ItemPrice></item><item><PriceUpdateDate>2014-11-10 06:30:38</PriceUpdateDate><ItemCode>7290012025020</ItemCode><ItemType>1</ItemType><ItemName>סלט איקרה אדומה 250</ItemName><ManufacturerName>סלטי שמיר</ManufacturerName><ManufactureCountry>ישראל</ManufactureCountry><ManufacturerItemDescription>איקרא אדומה מיוחדת 250 גר</ManufacturerItemDescription><SoldByWeight/><Quantity>250.00</Quantity><UnitOfMeasure>גרם     </UnitOfMeasure><QtyInPackage>לא ידוע</QtyInPackage><UnitOfMeasurePrice>0.0644</UnitOfMeasurePrice><AllowDiscount>1</AllowDiscount><ItemStatus>1</ItemStatus><ItemPrice>16.10</ItemPrice></item><item><PriceUpdateDate>2016-08-02 07:39:54</PriceUpdateDate><ItemCode>7290012116032</ItemCode><ItemType>1</ItemType><ItemName>מב מרכך כיףפיות 750</ItemName><ManufacturerName>כיף</ManufacturerName><ManufactureCountry>ישראל</ManufactureCountry><ManufacturerItemDescription>מב מרכך כיףפיות 750</ManufacturerItemDescription><SoldByWeight/><Quantity>750.00</Quantity><UnitOfMeasure>מ"ל</UnitOfMeasure><QtyInPackage>לא ידוע</QtyInPackage><UnitOfMeasurePrice>0.0145</UnitOfMeasurePrice><AllowDiscount>1</AllowDiscount><ItemStatus>1</ItemStatus><ItemPrice>10.90</ItemPrice></item><item><PriceUpdateDate>2016-08-10 08:23:16</PriceUpdateDate><ItemCode>7290012116537</ItemCode><ItemType>1</ItemType><ItemName>אבקת כביסה מקסימה מא</ItemName><ManufacturerName>סנו מקסימה</ManufacturerName><ManufactureCountry>ישראל</ManufactureCountry><ManufacturerItemDescription>אבקת כביסה מקסימה מא</ManufacturerItemDescription><SoldByWeight/><Quantity>2500.00</Quantity><UnitOfMeasure>גרם     </UnitOfMeasure><QtyInPackage>לא ידוע</QtyInPackage><UnitOfMeasurePrice>0.0120</UnitOfMeasurePrice><AllowDiscount>0</AllowDiscount><ItemStatus>1</ItemStatus><ItemPrice>29.90</ItemPrice></item><item><PriceUpdateDate>2016-06-28 09:29:23</PriceUpdateDate><ItemCode>7290012117275</ItemCode><ItemType>1</ItemType><ItemName>סנוקליר שקית מילוי 7</ItemName><ManufacturerName>סנוקל</ManufacturerName><ManufactureCountry>ישראל</ManufactureCountry><ManufacturerItemDescription>סנוקליר חלונות 750 מל מיל</ManufacturerItemDescription><SoldByWeight/><Quantity>750.00</Quantity><UnitOfMeasure>מ"ל</UnitOfMeasure><QtyInPackage>לא ידוע</QtyInPackage><UnitOfMeasurePrice>0.0119</UnitOfMeasurePrice><AllowDiscount>1</AllowDiscount><ItemStatus>1</ItemStatus><ItemPrice>8.90</ItemPrice></item><item><PriceUpdateDate>2016-05-01 08:13:44</PriceUpdateDate><ItemCode>7290012117350</ItemCode><ItemType>1</ItemType><ItemName>סנו ריצפז פרש לילך 2</ItemName><ManufacturerName>סנו</ManufacturerName><ManufactureCountry>ישראל</ManufactureCountry><ManufacturerItemDescription>סנו ריצפז פרש לילך 2</ManufacturerItemDescription><SoldByWeight/><Quantity>2000.00</Quantity><UnitOfMeasure>מ"ל</UnitOfMeasure><QtyInPackage>לא ידוע</QtyInPackage><UnitOfMeasurePrice>0.0109</UnitOfMeasurePrice><AllowDiscount>1</AllowDiscount><ItemStatus>1</ItemStatus><ItemPrice>21.90</ItemPrice></item><item><PriceUpdateDate>2016-06-30 06:41:07</PriceUpdateDate><ItemCode>7290012117534</ItemCode><ItemType>1</ItemType><ItemName>מב מרכך כביסה מקסימה</ItemName><ManufacturerName>סנו מקסימה</ManufacturerName><ManufactureCountry>ישראל</ManufactureCountry><ManufacturerItemDescription>מב מרכך כביסה מקסימה</ManufacturerItemDescription><SoldByWeight/><Quantity>1000.00</Quantity><UnitOfMeasure>מ"ל</UnitOfMeasure><QtyInPackage>לא ידוע</QtyInPackage><UnitOfMeasurePrice>0.0159</UnitOfMeasurePrice><AllowDiscount>1</AllowDiscount><ItemStatus>1</ItemStatus><ItemPrice>15.90</ItemPrice></item><item><PriceUpdateDate>2016-06-30 06:41:07</PriceUpdateDate><ItemCode>7290012117541</ItemCode><ItemType>1</ItemType><ItemName>מב מרכך כביסה מקסימה</ItemName><ManufacturerName>סנו מקסימה</ManufacturerName><ManufactureCountry>ישראל</ManufactureCountry><ManufacturerItemDescription>מב מרכך כביסה מקסימה</ManufacturerItemDescription><SoldByWeight/><Quantity>1000.00</Quantity><UnitOfMeasure>מ"ל</UnitOfMeasure><QtyInPackage>לא ידוע</QtyInPackage><UnitOfMeasurePrice>0.0159</UnitOfMeasurePrice><AllowDiscount>1</AllowDiscount><ItemStatus>1</ItemStatus><ItemPrice>15.90</ItemPrice></item><item><PriceUpdateDate>2016-06-28 09:29:23</PriceUpdateDate><ItemCode>7290012117589</ItemCode><ItemType>1</ItemType><ItemName>כפפות סנו סושי לטקס</ItemName><ManufacturerName>סנו סושי</ManufacturerName><ManufactureCountry>ישראל</ManufactureCountry><ManufacturerItemDescription>כפפות סנו סושי לטקס</ManufacturerItemDescription><SoldByWeight/><Quantity>100.00</Quantity><UnitOfMeasure>בודד</UnitOfMeasure><QtyInPackage>לא ידוע</QtyInPackage><UnitOfMeasurePrice>0.2890</UnitOfMeasurePrice><AllowDiscount>1</AllowDiscount><ItemStatus>1</ItemStatus><ItemPrice>28.90</ItemPrice></item><item><PriceUpdateDate>2016-05-31 06:56:21</PriceUpdateDate><ItemCode>7290012117916</ItemCode><ItemType>1</ItemType><ItemName>סנו אינסטלטור פותח ס</ItemName><ManufacturerName>לא ידוע</ManufacturerName><ManufactureCountry>ישראל</ManufactureCountry><ManufacturerItemDescription>סנו אינסטלטור פותח ס</ManufacturerItemDescription><SoldByWeight/><Quantity>1000.00</Quantity><UnitOfMeasure>מ"ל</UnitOfMeasure><QtyInPackage>לא ידוע</QtyInPackage><UnitOfMeasurePrice>0.0299</UnitOfMeasurePrice><AllowDiscount>1</AllowDiscount><ItemStatus>1</ItemStatus><ItemPrice>29.90</ItemPrice></item><item><PriceUpdateDate>2016-06-28 09:31:20</PriceUpdateDate><ItemCode>7290012151958</ItemCode><ItemType>1</ItemType><ItemName>מב אקונומיקה כחול 4</ItemName><ManufacturerName>"המותג"</ManufacturerName><ManufactureCountry>ישראל</ManufactureCountry><ManufacturerItemDescription>מב אקונומיקה כחול 4</ManufacturerItemDescription><SoldByWeight/><Quantity>4000.00</Quantity><UnitOfMeasure>מ"ל</UnitOfMeasure><QtyInPackage>לא ידוע</QtyInPackage><UnitOfMeasurePrice>0.0022</UnitOfMeasurePrice><AllowDiscount>1</AllowDiscount><ItemStatus>1</ItemStatus><ItemPrice>8.90</ItemPrice></item><item><PriceUpdateDate>2016-06-28 09:29:23</PriceUpdateDate><ItemCode>7290012159404</ItemCode><ItemType>1</ItemType><ItemName>לבבות דקל שלמים 400</ItemName><ManufacturerName>לא ממותג</ManufacturerName><ManufactureCountry>ישראל</ManufactureCountry><ManufacturerItemDescription>לבבות דקל שלמים 400 גרם</ManufacturerItemDescription><SoldByWeight/><Quantity>400.00</Quantity><UnitOfMeasure>גרם     </UnitOfMeasure><QtyInPackage>לא ידוע</QtyInPackage><UnitOfMeasurePrice>0.0323</UnitOfMeasurePrice><AllowDiscount>1</AllowDiscount><ItemStatus>1</ItemStatus><ItemPrice>12.90</ItemPrice></item><item><PriceUpdateDate>2014-11-10 06:31:09</PriceUpdateDate><ItemCode>7290012159411</ItemCode><ItemType>1</ItemType><ItemName>לבבות דקל חתוך לינה</ItemName><ManufacturerName>לא ממותג</ManufacturerName><ManufactureCountry>ישראל</ManufactureCountry><ManufacturerItemDescription>לבבות דקל חתוך 400 גרם</ManufacturerItemDescription><SoldByWeight/><Quantity>400.00</Quantity><UnitOfMeasure>גרם     </UnitOfMeasure><QtyInPackage>לא ידוע</QtyInPackage><UnitOfMeasurePrice>0.0225</UnitOfMeasurePrice><AllowDiscount>1</AllowDiscount><ItemStatus>1</ItemStatus><ItemPrice>9.00</ItemPrice></item><item><PriceUpdateDate>2015-10-29 09:22:03</PriceUpdateDate><ItemCode>7290012173059</ItemCode><ItemType>1</ItemType><ItemName>מנצ'ס  350 גרם</ItemName><ManufacturerName>זארובי</ManufacturerName><ManufactureCountry>ישראל</ManufactureCountry><ManufacturerItemDescription>מנצ'ס  350 גרם</ManufacturerItemDescription><SoldByWeight/><Quantity>350.00</Quantity><UnitOfMeasure>גרם     </UnitOfMeasure><QtyInPackage>לא ידוע</QtyInPackage><UnitOfMeasurePrice>0.0311</UnitOfMeasurePrice><AllowDiscount>1</AllowDiscount><ItemStatus>1</ItemStatus><ItemPrice>10.90</ItemPrice></item><item><PriceUpdateDate>2016-05-15 10:48:01</PriceUpdateDate><ItemCode>7290012173141</ItemCode><ItemType>1</ItemType><ItemName>מיקס חמוציות פקאן טב</ItemName><ManufacturerName>זארובי</ManufacturerName><ManufactureCountry>ישראל</ManufactureCountry><ManufacturerItemDescription>מיקס חמוציות פקאן טב</ManufacturerItemDescription><SoldByWeight/><Quantity>170.00</Quantity><UnitOfMeasure>גרם     </UnitOfMeasure><QtyInPackage>לא ידוע</QtyInPackage><UnitOfMeasurePrice>0.0759</UnitOfMeasurePrice><AllowDiscount>1</AllowDiscount><ItemStatus>1</ItemStatus><ItemPrice>12.90</ItemPrice></item><item><PriceUpdateDate>2014-12-10 09:24:11</PriceUpdateDate><ItemCode>7290012173264</ItemCode><ItemType>1</ItemType><ItemName>משמש 350 גרם</ItemName><ManufacturerName>זארובי</ManufacturerName><ManufactureCountry>ישראל</ManufactureCountry><ManufacturerItemDescription>משמש 350 גרם</ManufacturerItemDescription><SoldByWeight/><Quantity>350.00</Quantity><UnitOfMeasure>גרם     </UnitOfMeasure><QtyInPackage>לא ידוע</QtyInPackage><UnitOfMeasurePrice>0.0369</UnitOfMeasurePrice><AllowDiscount>1</AllowDiscount><ItemStatus>1</ItemStatus><ItemPrice>12.90</ItemPrice></item><item><PriceUpdateDate>2015-08-31 12:58:32</PriceUpdateDate><ItemCode>7290012173295</ItemCode><ItemType>1</ItemType><ItemName>קבוקים 150 גרם</ItemName><ManufacturerName>זארובי</ManufacturerName><ManufactureCountry>לא ידוע</ManufactureCountry><ManufacturerItemDescription>קבוקים 150 גרם</ManufacturerItemDescription><SoldByWeight/><Quantity>150.00</Quantity><UnitOfMeasure>גרם     </UnitOfMeasure><QtyInPackage>לא ידוע</QtyInPackage><UnitOfMeasurePrice>0.0293</UnitOfMeasurePrice><AllowDiscount>1</AllowDiscount><ItemStatus>1</ItemStatus><ItemPrice>4.40</ItemPrice></item><item><PriceUpdateDate>2014-11-10 06:31:16</PriceUpdateDate><ItemCode>7290012173615</ItemCode><ItemType>1</ItemType><ItemName>פקאן סיני 150 גרם</ItemName><ManufacturerName>זארובי</ManufacturerName><ManufactureCountry>ישראל</ManufactureCountry><ManufacturerItemDescription>פקאן סיני 150 גרם</ManufacturerItemDescription><SoldByWeight/><Quantity>150.00</Quantity><UnitOfMeasure>גרם     </UnitOfMeasure><QtyInPackage>לא ידוע</QtyInPackage><UnitOfMeasurePrice>0.0993</UnitOfMeasurePrice><AllowDiscount>1</AllowDiscount><ItemStatus>1</ItemStatus><ItemPrice>14.90</ItemPrice></item><item><PriceUpdateDate>2014-11-10 06:31:16</PriceUpdateDate><ItemCode>7290012173820</ItemCode><ItemType>1</ItemType><ItemName>פיסטוק קלוי 150 גרם</ItemName><ManufacturerName>זארובי</ManufacturerName><ManufactureCountry>ישראל</ManufactureCountry><ManufacturerItemDescription>פיסטוק קלוי 150 גרם</ManufacturerItemDescription><SoldByWeight/><Quantity>150.00</Quantity><UnitOfMeasure>גרם     </UnitOfMeasure><QtyInPackage>לא ידוע</QtyInPackage><UnitOfMeasurePrice>0.0993</UnitOfMeasurePrice><AllowDiscount>1</AllowDiscount><ItemStatus>1</ItemStatus><ItemPrice>14.90</ItemPrice></item><item><PriceUpdateDate>2015-10-22 10:37:36</PriceUpdateDate><ItemCode>7290012173844</ItemCode><ItemType>1</ItemType><ItemName>שקד קלוי 170 גרם</ItemName><ManufacturerName>זארובי</ManufacturerName><ManufactureCountry>ישראל</ManufactureCountry><ManufacturerItemDescription>שקד קלוי 170 גרם</ManufacturerItemDescription><SoldByWeight/><Quantity>170.00</Quantity><UnitOfMeasure>גרם     </UnitOfMeasure><QtyInPackage>לא ידוע</QtyInPackage><UnitOfMeasurePrice>0.1253</UnitOfMeasurePrice><AllowDiscount>1</AllowDiscount><ItemStatus>1</ItemStatus><ItemPrice>21.30</ItemPrice></item><item><PriceUpdateDate>2015-10-25 08:59:08</PriceUpdateDate><ItemCode>7290012173875</ItemCode><ItemType>1</ItemType><ItemName>גרעיני דלעת 300 גרם</ItemName><ManufacturerName>זארובי</ManufacturerName><ManufactureCountry>ישראל</ManufactureCountry><ManufacturerItemDescription>גרעיני דלעת 300 גרם</ManufacturerItemDescription><SoldByWeight/><Quantity>300.00</Quantity><UnitOfMeasure>גרם     </UnitOfMeasure><QtyInPackage>לא ידוע</QtyInPackage><UnitOfMeasurePrice>0.0363</UnitOfMeasurePrice><AllowDiscount>1</AllowDiscount><ItemStatus>1</ItemStatus><ItemPrice>10.90</ItemPrice></item><item><PriceUpdateDate>2014-11-10 06:31:16</PriceUpdateDate><ItemCode>7290012173882</ItemCode><ItemType>1</ItemType><ItemName>גרעיני חמניה 350 גרם</ItemName><ManufacturerName>זארובי</ManufacturerName><ManufactureCountry>ישראל</ManufactureCountry><ManufacturerItemDescription>גרעיני חמניה 350 גרם</ManufacturerItemDescription><SoldByWeight/><Quantity>350.00</Quantity><UnitOfMeasure>גרם     </UnitOfMeasure><QtyInPackage>לא ידוע</QtyInPackage><UnitOfMeasurePrice>0.0311</UnitOfMeasurePrice><AllowDiscount>1</AllowDiscount><ItemStatus>1</ItemStatus><ItemPrice>10.90</ItemPrice></item><item><PriceUpdateDate>2015-10-25 08:59:08</PriceUpdateDate><ItemCode>7290012173912</ItemCode><ItemType>1</ItemType><ItemName>חמוציות 300 גרם</ItemName><ManufacturerName>זארובי</ManufacturerName><ManufactureCountry>ישראל</ManufactureCountry><ManufacturerItemDescription>חמוציות 300 גרם</ManufacturerItemDescription><SoldByWeight/><Quantity>300.00</Quantity><UnitOfMeasure>גרם     </UnitOfMeasure><QtyInPackage>לא ידוע</QtyInPackage><UnitOfMeasurePrice>0.0430</UnitOfMeasurePrice><AllowDiscount>1</AllowDiscount><ItemStatus>1</ItemStatus><ItemPrice>12.90</ItemPrice></item><item><PriceUpdateDate>2014-12-10 09:24:11</PriceUpdateDate><ItemCode>7290012173981</ItemCode><ItemType>1</ItemType><ItemName>שזיפים 350 גרם</ItemName><ManufacturerName>זארובי</ManufacturerName><ManufactureCountry>ישראל</ManufactureCountry><ManufacturerItemDescription>שזיפים 350 גרם</ManufacturerItemDescription><SoldByWeight/><Quantity>350.00</Quantity><UnitOfMeasure>גרם     </UnitOfMeasure><QtyInPackage>לא ידוע</QtyInPackage><UnitOfMeasurePrice>0.0369</UnitOfMeasurePrice><AllowDiscount>1</AllowDiscount><ItemStatus>1</ItemStatus><ItemPrice>12.90</ItemPrice></item><item><PriceUpdateDate>2016-06-30 06:41:08</PriceUpdateDate><ItemCode>7290012193125</ItemCode><ItemType>1</ItemType><ItemName>מרמולייט סוכרלוז 150</ItemName><ManufacturerName>מרמולייט</ManufacturerName><ManufactureCountry>ישראל</ManufactureCountry><ManufacturerItemDescription>סוכרלוז מרמולייט 150 יחיד</ManufacturerItemDescription><SoldByWeight/><Quantity>150.00</Quantity><UnitOfMeasure>גרם     </UnitOfMeasure><QtyInPackage>לא ידוע</QtyInPackage><UnitOfMeasurePrice>0.1993</UnitOfMeasurePrice><AllowDiscount>1</AllowDiscount><ItemStatus>1</ItemStatus><ItemPrice>29.90</ItemPrice></item><item><PriceUpdateDate>2016-08-02 14:05:57</PriceUpdateDate><ItemCode>7290012193163</ItemCode><ItemType>1</ItemType><ItemName>מב אל סבון נוזלי פמל</ItemName><ManufacturerName>פמילי</ManufacturerName><ManufactureCountry>ישראל</ManufactureCountry><ManufacturerItemDescription>מב אל סבון נוזלי פמל</ManufacturerItemDescription><SoldByWeight/><Quantity>1000.00</Quantity><UnitOfMeasure>מ"ל</UnitOfMeasure><QtyInPackage>לא ידוע</QtyInPackage><UnitOfMeasurePrice>0.0129</UnitOfMeasurePrice><AllowDiscount>1</AllowDiscount><ItemStatus>1</ItemStatus><ItemPrice>12.90</ItemPrice></item><item><PriceUpdateDate>2016-06-30 06:41:33</PriceUpdateDate><ItemCode>7290012193316</ItemCode><ItemType>1</ItemType><ItemName>אדג' ג'ל אולטימייט י</ItemName><ManufacturerName>אדג'</ManufacturerName><ManufactureCountry>ארצות הברית</ManufactureCountry><ManufacturerItemDescription>אדג גל גילוח אולטימייט יר</ManufacturerItemDescription><SoldByWeight/><Quantity>198.00</Quantity><UnitOfMeasure>מ"ל</UnitOfMeasure><QtyInPackage>לא ידוע</QtyInPackage><UnitOfMeasurePrice>0.0904</UnitOfMeasurePrice><AllowDiscount>1</AllowDiscount><ItemStatus>1</ItemStatus><ItemPrice>17.90</ItemPrice></item><item><PriceUpdateDate>2016-08-02 07:39:55</PriceUpdateDate><ItemCode>7290012226021</ItemCode><ItemType>1</ItemType><ItemName>מב סלמי מעושן פראג ת</ItemName><ManufacturerName>זוגלובק</ManufacturerName><ManufactureCountry>ישראל</ManufactureCountry><ManufacturerItemDescription>מב סלמי מעושן פראג ת</ManufacturerItemDescription><SoldByWeight/><Quantity>400.00</Quantity><UnitOfMeasure>גרם     </UnitOfMeasure><QtyInPackage>לא ידוע</QtyInPackage><UnitOfMeasurePrice>0.0422</UnitOfMeasurePrice><AllowDiscount>1</AllowDiscount><ItemStatus>1</ItemStatus><ItemPrice>16.90</ItemPrice></item><item><PriceUpdateDate>2016-08-02 07:39:55</PriceUpdateDate><ItemCode>7290012226120</ItemCode><ItemType>1</ItemType><ItemName>מב קבנוס 135 גרם</ItemName><ManufacturerName>זוגלובק</ManufacturerName><ManufactureCountry>ישראל</ManufactureCountry><ManufacturerItemDescription>קבנוס 135 גרם</ManufacturerItemDescription><SoldByWeight/><Quantity>135.00</Quantity><UnitOfMeasure>גרם     </UnitOfMeasure><QtyInPackage>לא ידוע</QtyInPackage><UnitOfMeasurePrice>0.0659</UnitOfMeasurePrice><AllowDiscount>1</AllowDiscount><ItemStatus>1</ItemStatus><ItemPrice>8.90</ItemPrice></item><item><PriceUpdateDate>2016-08-02 07:39:55</PriceUpdateDate><ItemCode>7290012226922</ItemCode><ItemType>1</ItemType><ItemName>מב קבנוס בטעם שום 13</ItemName><ManufacturerName>זוגלובק</ManufacturerName><ManufactureCountry>ישראל</ManufactureCountry><ManufacturerItemDescription>קבנוס עם שום 135 גר</ManufacturerItemDescription><SoldByWeight/><Quantity>135.00</Quantity><UnitOfMeasure>גרם     </UnitOfMeasure><QtyInPackage>לא ידוע</QtyInPackage><UnitOfMeasurePrice>0.0659</UnitOfMeasurePrice><AllowDiscount>1</AllowDiscount><ItemStatus>1</ItemStatus><ItemPrice>8.90</ItemPrice></item><item><PriceUpdateDate>2016-08-02 07:39:55</PriceUpdateDate><ItemCode>7290012226946</ItemCode><ItemType>1</ItemType><ItemName>מב קבנוס בטעם בצל 13</ItemName><ManufacturerName>זוגלובק</ManufacturerName><ManufactureCountry>ישראל</ManufactureCountry><ManufacturerItemDescription>מב קבנוס בטעם בצל 13</ManufacturerItemDescription><SoldByWeight/><Quantity>135.00</Quantity><UnitOfMeasure>גרם     </UnitOfMeasure><QtyInPackage>לא ידוע</QtyInPackage><UnitOfMeasurePrice>0.0659</UnitOfMeasurePrice><AllowDiscount>1</AllowDiscount><ItemStatus>1</ItemStatus><ItemPrice>8.90</ItemPrice></item><item><PriceUpdateDate>2016-05-01 08:19:29</PriceUpdateDate><ItemCode>7290012226977</ItemCode><ItemType>1</ItemType><ItemName>המבורגר בקר מרכיבים</ItemName><ManufacturerName>זוגלובק</ManufacturerName><ManufactureCountry>ישראל</ManufactureCountry><ManufacturerItemDescription>המבורגר בקר 100% רכיבים ט</ManufacturerItemDescription><SoldByWeight/><Quantity>360.00</Quantity><UnitOfMeasure>גרם     </UnitOfMeasure><QtyInPackage>לא ידוע</QtyInPackage><UnitOfMeasurePrice>0.0553</UnitOfMeasurePrice><AllowDiscount>1</AllowDiscount><ItemStatus>1</ItemStatus><ItemPrice>19.90</ItemPrice></item><item><PriceUpdateDate>2016-08-02 07:39:55</PriceUpdateDate><ItemCode>7290012227141</ItemCode><ItemType>1</ItemType><ItemName>מב פיצה משפחתית מרגר</ItemName><ManufacturerName>זוגלובק</ManufacturerName><ManufactureCountry>ישראל</ManufactureCountry><ManufacturerItemDescription>מב פיצה משפחתית מרגר</ManufacturerItemDescription><SoldByWeight/><Quantity>500.00</Quantity><UnitOfMeasure>גרם     </UnitOfMeasure><QtyInPackage>לא ידוע</QtyInPackage><UnitOfMeasurePrice>0.0178</UnitOfMeasurePrice><AllowDiscount>1</AllowDiscount><ItemStatus>1</ItemStatus><ItemPrice>8.90</ItemPrice></item><item><PriceUpdateDate>2016-05-31 06:56:22</PriceUpdateDate><ItemCode>7290012227332</ItemCode><ItemType>1</ItemType><ItemName>שלישיית בסיסי בצק עם</ItemName><ManufacturerName>זוגלובק</ManufacturerName><ManufactureCountry>ישראל</ManufactureCountry><ManufacturerItemDescription>שלישיית בסיסי בצק עם</ManufacturerItemDescription><SoldByWeight/><Quantity>1200.00</Quantity><UnitOfMeasure>גרם     </UnitOfMeasure><QtyInPackage>לא ידוע</QtyInPackage><UnitOfMeasurePrice>0.0193</UnitOfMeasurePrice><AllowDiscount>1</AllowDiscount><ItemStatus>1</ItemStatus><ItemPrice>23.20</ItemPrice></item><item><PriceUpdateDate>2015-10-11 20:34:45</PriceUpdateDate><ItemCode>7290012275401</ItemCode><ItemType>1</ItemType><ItemName>בירה מולר 500 מ"ל בק</ItemName><ManufacturerName>לא ממותג</ManufacturerName><ManufactureCountry>פולין</ManufactureCountry><ManufacturerItemDescription>בירה מולר 500 מל</ManufacturerItemDescription><SoldByWeight/><Quantity>500.00</Quantity><UnitOfMeasure>מ"ל</UnitOfMeasure><QtyInPackage>לא ידוע</QtyInPackage><UnitOfMeasurePrice>0.0122</UnitOfMeasurePrice><AllowDiscount>1</AllowDiscount><ItemStatus>1</ItemStatus><ItemPrice>6.10</ItemPrice></item><item><PriceUpdateDate>2015-11-18 13:59:43</PriceUpdateDate><ItemCode>7290012309311</ItemCode><ItemType>1</ItemType><ItemName>ערמונים קלופים שלמים</ItemName><ManufacturerName>לא ממותג</ManufacturerName><ManufactureCountry>סין</ManufactureCountry><ManufacturerItemDescription>ערמונים מקולפים 100 גרם</ManufacturerItemDescription><SoldByWeight/><Quantity>100.00</Quantity><UnitOfMeasure>גרם     </UnitOfMeasure><QtyInPackage>לא ידוע</QtyInPackage><UnitOfMeasurePrice>0.0740</UnitOfMeasurePrice><AllowDiscount>1</AllowDiscount><ItemStatus>1</ItemStatus><ItemPrice>7.40</ItemPrice></item><item><PriceUpdateDate>2016-08-02 07:35:38</PriceUpdateDate><ItemCode>7290012333767</ItemCode><ItemType>1</ItemType><ItemName>קורנפלקס 750 גרם המו</ItemName><ManufacturerName>"המותג"</ManufacturerName><ManufactureCountry>לא ידוע</ManufactureCountry><ManufacturerItemDescription>קורנפלקס 750 גרם המו</ManufacturerItemDescription><SoldByWeight/><Quantity>750.00</Quantity><UnitOfMeasure>גרם     </UnitOfMeasure><QtyInPackage>לא ידוע</QtyInPackage><UnitOfMeasurePrice>0.0172</UnitOfMeasurePrice><AllowDiscount>1</AllowDiscount><ItemStatus>1</ItemStatus><ItemPrice>12.90</ItemPrice></item><item><PriceUpdateDate>2016-05-31 06:56:23</PriceUpdateDate><ItemCode>7290012404146</ItemCode><ItemType>1</ItemType><ItemName>שוופס פרוט תפוחים 1.</ItemName><ManufacturerName>שוופס</ManufacturerName><ManufactureCountry>ישראל</ManufactureCountry><ManufacturerItemDescription>שוופס פירות תפוחים 1.5 לי</ManufacturerItemDescription><SoldByWeight/><Quantity>1500.00</Quantity><UnitOfMeasure>מ"ל</UnitOfMeasure><QtyInPackage>לא ידוע</QtyInPackage><UnitOfMeasurePrice>0.0053</UnitOfMeasurePrice><AllowDiscount>1</AllowDiscount><ItemStatus>1</ItemStatus><ItemPrice>7.90</ItemPrice></item><item><PriceUpdateDate>2016-05-31 06:56:23</PriceUpdateDate><ItemCode>7290012404160</ItemCode><ItemType>1</ItemType><ItemName>שוופס פרוט אשכולית א</ItemName><ManufacturerName>שוופס</ManufacturerName><ManufactureCountry>ישראל</ManufactureCountry><ManufacturerItemDescription>שוופס פירות אשכולית אדומה</ManufacturerItemDescription><SoldByWeight/><Quantity>1500.00</Quantity><UnitOfMeasure>מ"ל</UnitOfMeasure><QtyInPackage>לא ידוע</QtyInPackage><UnitOfMeasurePrice>0.0053</UnitOfMeasurePrice><AllowDiscount>1</AllowDiscount><ItemStatus>1</ItemStatus><ItemPrice>7.90</ItemPrice></item><item><PriceUpdateDate>2016-08-10 08:23:16</PriceUpdateDate><ItemCode>7290012404238</ItemCode><ItemType>1</ItemType><ItemName>שוופס RUSSCHIAN 1.5</ItemName><ManufacturerName>שוופס</ManufacturerName><ManufactureCountry>ישראל</ManufactureCountry><ManufacturerItemDescription>שוופס 1.5 RUSSCHIAN ליטר</ManufacturerItemDescription><SoldByWeight/><Quantity>1500.00</Quantity><UnitOfMeasure>מ"ל</UnitOfMeasure><QtyInPackage>לא ידוע</QtyInPackage><UnitOfMeasurePrice>0.0073</UnitOfMeasurePrice><AllowDiscount>1</AllowDiscount><ItemStatus>1</ItemStatus><ItemPrice>10.90</ItemPrice></item><item><PriceUpdateDate>2016-03-01 06:18:08</PriceUpdateDate><ItemCode>7290012404283</ItemCode><ItemType>1</ItemType><ItemName>תפוזינה מנגו עסיסי 1</ItemName><ManufacturerName>תפוזינה</ManufacturerName><ManufactureCountry>ישראל</ManufactureCountry><ManufacturerItemDescription>תפוזינה מנגו עסיסי 1</ManufacturerItemDescription><SoldByWeight/><Quantity>1500.00</Quantity><UnitOfMeasure>מ"ל</UnitOfMeasure><QtyInPackage>לא ידוע</QtyInPackage><UnitOfMeasurePrice>0.0050</UnitOfMeasurePrice><AllowDiscount>1</AllowDiscount><ItemStatus>1</ItemStatus><ItemPrice>7.50</ItemPrice></item><item><PriceUpdateDate>2016-05-31 07:03:12</PriceUpdateDate><ItemCode>7290012404320</ItemCode><ItemType>1</ItemType><ItemName>ספרינג 1.5 ליטר בטעם</ItemName><ManufacturerName>קריסטל משק"ל</ManufacturerName><ManufactureCountry>ישראל</ManufactureCountry><ManufacturerItemDescription>ספרינג ענבים 1.5 ליטר</ManufacturerItemDescription><SoldByWeight/><Quantity>1500.00</Quantity><UnitOfMeasure>מ"ל</UnitOfMeasure><QtyInPackage>לא ידוע</QtyInPackage><UnitOfMeasurePrice>0.0039</UnitOfMeasurePrice><AllowDiscount>1</AllowDiscount><ItemStatus>1</ItemStatus><ItemPrice>5.90</ItemPrice></item><item><PriceUpdateDate>2016-03-01 06:18:08</PriceUpdateDate><ItemCode>7290012404863</ItemCode><ItemType>1</ItemType><ItemName>ספרינג טי "טעם נולד"</ItemName><ManufacturerName>ספרינג טי</ManufacturerName><ManufactureCountry>ישראל</ManufactureCountry><ManufacturerItemDescription>ספרינג תה קר מנגו אפרסק 1</ManufacturerItemDescription><SoldByWeight/><Quantity>1500.00</Quantity><UnitOfMeasure>מ"ל</UnitOfMeasure><QtyInPackage>לא ידוע</QtyInPackage><UnitOfMeasurePrice>0.0046</UnitOfMeasurePrice><AllowDiscount>1</AllowDiscount><ItemStatus>1</ItemStatus><ItemPrice>6.90</ItemPrice></item><item><PriceUpdateDate>2016-08-03 11:58:34</PriceUpdateDate><ItemCode>7290012404955</ItemCode><ItemType>1</ItemType><ItemName>מב נקטר ספרינג קוקלק</ItemName><ManufacturerName>ספרינג</ManufacturerName><ManufactureCountry>ישראל</ManufactureCountry><ManufacturerItemDescription>ספרינג נקטר חמוציות 1.25</ManufacturerItemDescription><SoldByWeight/><Quantity>1250.00</Quantity><UnitOfMeasure>מ"ל</UnitOfMeasure><QtyInPackage>לא ידוע</QtyInPackage><UnitOfMeasurePrice>0.0095</UnitOfMeasurePrice><AllowDiscount>1</AllowDiscount><ItemStatus>1</ItemStatus><ItemPrice>11.90</ItemPrice></item><item><PriceUpdateDate>2016-08-02 07:39:58</PriceUpdateDate><ItemCode>7290012454172</ItemCode><ItemType>1</ItemType><ItemName>מב סוכריות ללא סוכר</ItemName><ManufacturerName>מיה</ManufacturerName><ManufactureCountry>ישראל</ManufactureCountry><ManufacturerItemDescription>מב סוכריות ללא סוכר</ManufacturerItemDescription><SoldByWeight/><Quantity>80.00</Quantity><UnitOfMeasure>גרם     </UnitOfMeasure><QtyInPackage>לא ידוע</QtyInPackage><UnitOfMeasurePrice>0.0863</UnitOfMeasurePrice><AllowDiscount>1</AllowDiscount><ItemStatus>1</ItemStatus><ItemPrice>6.90</ItemPrice></item><item><PriceUpdateDate>2015-06-01 13:03:59</PriceUpdateDate><ItemCode>7290012454561</ItemCode><ItemType>1</ItemType><ItemName>קישוט לעוגה שוקולד ב</ItemName><ManufacturerName>מיה</ManufacturerName><ManufactureCountry>ישראל</ManufactureCountry><ManufacturerItemDescription>קישוט לעוגה שוקולד ב</ManufacturerItemDescription><SoldByWeight/><Quantity>70.00</Quantity><UnitOfMeasure>גרם     </UnitOfMeasure><QtyInPackage>לא ידוע</QtyInPackage><UnitOfMeasurePrice>0.0729</UnitOfMeasurePrice><AllowDiscount>1</AllowDiscount><ItemStatus>1</ItemStatus><ItemPrice>5.10</ItemPrice></item><item><PriceUpdateDate>2014-11-10 06:29:43</PriceUpdateDate><ItemCode>7290012483608</ItemCode><ItemType>1</ItemType><ItemName>אורז בסמטי מובחר 5 ק</ItemName><ManufacturerName>לא ממותג</ManufacturerName><ManufactureCountry>ישראל</ManufactureCountry><ManufacturerItemDescription>אורז בסמטי מובחר 5 ק</ManufacturerItemDescription><SoldByWeight/><Quantity>5000.00</Quantity><UnitOfMeasure>גרם     </UnitOfMeasure><QtyInPackage>לא ידוע</QtyInPackage><UnitOfMeasurePrice>0.0114</UnitOfMeasurePrice><AllowDiscount>1</AllowDiscount><ItemStatus>1</ItemStatus><ItemPrice>56.90</ItemPrice></item><item><PriceUpdateDate>2016-06-30 06:41:09</PriceUpdateDate><ItemCode>7290012522789</ItemCode><ItemType>1</ItemType><ItemName>טבעול שניצל ברוקולי</ItemName><ManufacturerName>טבעול</ManufacturerName><ManufactureCountry>ישראל</ManufactureCountry><ManufacturerItemDescription>שניצל ברוקולי מופחת שומן</ManufacturerItemDescription><SoldByWeight/><Quantity>630.00</Quantity><UnitOfMeasure>גרם     </UnitOfMeasure><QtyInPackage>לא ידוע</QtyInPackage><UnitOfMeasurePrice>0.0602</UnitOfMeasurePrice><AllowDiscount>1</AllowDiscount><ItemStatus>1</ItemStatus><ItemPrice>37.90</ItemPrice></item><item><PriceUpdateDate>2015-11-18 13:59:44</PriceUpdateDate><ItemCode>7290012642500</ItemCode><ItemType>1</ItemType><ItemName>אטריות נודלס ביצים 4</ItemName><ManufacturerName>לא ממותג</ManufacturerName><ManufactureCountry>ישראל</ManufactureCountry><ManufacturerItemDescription>אטריות נודלס ביצים 4</ManufacturerItemDescription><SoldByWeight/><Quantity>400.00</Quantity><UnitOfMeasure>גרם     </UnitOfMeasure><QtyInPackage>לא ידוע</QtyInPackage><UnitOfMeasurePrice>0.0163</UnitOfMeasurePrice><AllowDiscount>1</AllowDiscount><ItemStatus>1</ItemStatus><ItemPrice>6.50</ItemPrice></item><item><PriceUpdateDate>2016-06-28 09:29:24</PriceUpdateDate><ItemCode>7290012642685</ItemCode><ItemType>1</ItemType><ItemName>רביעיית אפרסק פירות</ItemName><ManufacturerName>לא ידוע</ManufacturerName><ManufactureCountry>ישראל</ManufactureCountry><ManufacturerItemDescription>רביעיית אפרסק פירות</ManufacturerItemDescription><SoldByWeight/><Quantity>678.00</Quantity><UnitOfMeasure>גרם     </UnitOfMeasure><QtyInPackage>לא ידוע</QtyInPackage><UnitOfMeasurePrice>0.0183</UnitOfMeasurePrice><AllowDiscount>1</AllowDiscount><ItemStatus>1</ItemStatus><ItemPrice>12.40</ItemPrice></item><item><PriceUpdateDate>2016-06-28 09:29:24</PriceUpdateDate><ItemCode>7290012642692</ItemCode><ItemType>1</ItemType><ItemName>לפתן קוקטייל פירות 6</ItemName><ManufacturerName>תומר</ManufacturerName><ManufactureCountry>ישראל</ManufactureCountry><ManufacturerItemDescription>לפתן קוקטייל פירות 6</ManufacturerItemDescription><SoldByWeight/><Quantity>678.00</Quantity><UnitOfMeasure>גרם     </UnitOfMeasure><QtyInPackage>לא ידוע</QtyInPackage><UnitOfMeasurePrice>0.0183</UnitOfMeasurePrice><AllowDiscount>1</AllowDiscount><ItemStatus>1</ItemStatus><ItemPrice>12.40</ItemPrice></item><item><PriceUpdateDate>2015-10-22 10:37:38</PriceUpdateDate><ItemCode>7290012696824</ItemCode><ItemType>1</ItemType><ItemName>זוג שקיות אוכל בקופס</ItemName><ManufacturerName>"המותג"</ManufacturerName><ManufactureCountry>ישראל</ManufactureCountry><ManufacturerItemDescription>זוג שקיות אוכל בקופס</ManufacturerItemDescription><SoldByWeight/><Quantity>300.00</Quantity><UnitOfMeasure>יח'</UnitOfMeasure><QtyInPackage>לא ידוע</QtyInPackage><UnitOfMeasurePrice>0.0373</UnitOfMeasurePrice><AllowDiscount>1</AllowDiscount><ItemStatus>1</ItemStatus><ItemPrice>11.20</ItemPrice></item><item><PriceUpdateDate>2015-03-09 09:49:34</PriceUpdateDate><ItemCode>7290012697081</ItemCode><ItemType>1</ItemType><ItemName>סוכרזית מהטבע 100 שק</ItemName><ManufacturerName>לא ממותג</ManufacturerName><ManufactureCountry>ישראל</ManufactureCountry><ManufacturerItemDescription>סטיוויה 100 שקיות</ManufacturerItemDescription><SoldByWeight/><Quantity>100.00</Quantity><UnitOfMeasure>גרם     </UnitOfMeasure><QtyInPackage>לא ידוע</QtyInPackage><UnitOfMeasurePrice>0.3760</UnitOfMeasurePrice><AllowDiscount>1</AllowDiscount><ItemStatus>1</ItemStatus><ItemPrice>37.60</ItemPrice></item><item><PriceUpdateDate>2016-05-31 07:03:12</PriceUpdateDate><ItemCode>7290012803123</ItemCode><ItemType>1</ItemType><ItemName>מגבוני פרש וואנס קשמ</ItemName><ManufacturerName>פרש וואנס</ManufacturerName><ManufactureCountry>ישראל</ManufactureCountry><ManufacturerItemDescription>מגבוני פרש וואנס קשמיר רב</ManufacturerItemDescription><SoldByWeight/><Quantity>1.00</Quantity><UnitOfMeasure>יח'</UnitOfMeasure><QtyInPackage>לא ידוע</QtyInPackage><UnitOfMeasurePrice>18.7000</UnitOfMeasurePrice><AllowDiscount>1</AllowDiscount><ItemStatus>1</ItemStatus><ItemPrice>18.70</ItemPrice></item><item><PriceUpdateDate>2015-11-18 13:59:44</PriceUpdateDate><ItemCode>7290012803215</ItemCode><ItemType>1</ItemType><ItemName>טוסו וופל בלגי שוקול</ItemName><ManufacturerName>טוסו</ManufacturerName><ManufactureCountry>ישראל</ManufactureCountry><ManufacturerItemDescription>טוסו וופל בלגי שוקול</ManufacturerItemDescription><SoldByWeight/><Quantity>200.00</Quantity><UnitOfMeasure>גרם     </UnitOfMeasure><QtyInPackage>לא ידוע</QtyInPackage><UnitOfMeasurePrice>0.0660</UnitOfMeasurePrice><AllowDiscount>1</AllowDiscount><ItemStatus>1</ItemStatus><ItemPrice>13.20</ItemPrice></item><item><PriceUpdateDate>2016-08-10 08:23:17</PriceUpdateDate><ItemCode>7290012803321</ItemCode><ItemType>1</ItemType><ItemName>מרמולייט סוכרלוז 200</ItemName><ManufacturerName>מרמולייט</ManufacturerName><ManufactureCountry>ישראל</ManufactureCountry><ManufacturerItemDescription>מרמולייט סוכרלוז 200</ManufacturerItemDescription><SoldByWeight/><Quantity>200.00</Quantity><UnitOfMeasure>גרם     </UnitOfMeasure><QtyInPackage>לא ידוע</QtyInPackage><UnitOfMeasurePrice>0.2495</UnitOfMeasurePrice><AllowDiscount>1</AllowDiscount><ItemStatus>1</ItemStatus><ItemPrice>49.90</ItemPrice></item><item><PriceUpdateDate>2016-06-30 06:41:35</PriceUpdateDate><ItemCode>7290012803352</ItemCode><ItemType>1</ItemType><ItemName>מב רייד קוטל מעופפים</ItemName><ManufacturerName>רייד</ManufacturerName><ManufactureCountry>הולנד</ManufactureCountry><ManufacturerItemDescription>רייד קוטל מעופפים 300מ"ל</ManufacturerItemDescription><SoldByWeight/><Quantity>300.00</Quantity><UnitOfMeasure>מ"ל</UnitOfMeasure><QtyInPackage>לא ידוע</QtyInPackage><UnitOfMeasurePrice>0.0430</UnitOfMeasurePrice><AllowDiscount>1</AllowDiscount><ItemStatus>1</ItemStatus><ItemPrice>12.90</ItemPrice></item><item><PriceUpdateDate>2014-11-10 06:31:13</PriceUpdateDate><ItemCode>7290012803567</ItemCode><ItemType>1</ItemType><ItemName>RAIDשומר הלילה אריזת</ItemName><ManufacturerName>רייד</ManufacturerName><ManufactureCountry>ישראל</ManufactureCountry><ManufacturerItemDescription>RAIDשומר הלילה אריזת</ManufacturerItemDescription><SoldByWeight/><Quantity>30.00</Quantity><UnitOfMeasure>מ"ל</UnitOfMeasure><QtyInPackage>לא ידוע</QtyInPackage><UnitOfMeasurePrice>0.6433</UnitOfMeasurePrice><AllowDiscount>1</AllowDiscount><ItemStatus>1</ItemStatus><ItemPrice>19.30</ItemPrice></item><item><PriceUpdateDate>2016-02-01 20:44:55</PriceUpdateDate><ItemCode>7290012803789</ItemCode><ItemType>1</ItemType><ItemName>שוקולד מריר עם אגוזי</ItemName><ManufacturerName>טוסו</ManufacturerName><ManufactureCountry>ישראל</ManufactureCountry><ManufacturerItemDescription>שוקולד מריר עם אגוזי</ManufacturerItemDescription><SoldByWeight/><Quantity>100.00</Quantity><UnitOfMeasure>גרם     </UnitOfMeasure><QtyInPackage>לא ידוע</QtyInPackage><UnitOfMeasurePrice>0.1490</UnitOfMeasurePrice><AllowDiscount>1</AllowDiscount><ItemStatus>1</ItemStatus><ItemPrice>14.90</ItemPrice></item><item><PriceUpdateDate>2016-06-30 06:41:09</PriceUpdateDate><ItemCode>7290012823381</ItemCode><ItemType>1</ItemType><ItemName>מב מרכך כביסה מקסימה</ItemName><ManufacturerName>לא ידוע</ManufacturerName><ManufactureCountry>ישראל</ManufactureCountry><ManufacturerItemDescription>מב מרכך כביסה מקסימה</ManufacturerItemDescription><SoldByWeight/><Quantity>1000.00</Quantity><UnitOfMeasure>מ"ל</UnitOfMeasure><QtyInPackage>לא ידוע</QtyInPackage><UnitOfMeasurePrice>0.0159</UnitOfMeasurePrice><AllowDiscount>1</AllowDiscount><ItemStatus>1</ItemStatus><ItemPrice>15.90</ItemPrice></item><item><PriceUpdateDate>2016-06-28 09:29:25</PriceUpdateDate><ItemCode>7290012823602</ItemCode><ItemType>1</ItemType><ItemName>נייר טואלט סופט סילק</ItemName><ManufacturerName>סנו סופט</ManufacturerName><ManufactureCountry>ישראל</ManufactureCountry><ManufacturerItemDescription>נייר טואלט סופט 32  יח</ManufacturerItemDescription><SoldByWeight/><Quantity>699.00</Quantity><UnitOfMeasure>מטר</UnitOfMeasure><QtyInPackage>לא ידוע</QtyInPackage><UnitOfMeasurePrice>0.0471</UnitOfMeasurePrice><AllowDiscount>1</AllowDiscount><ItemStatus>1</ItemStatus><ItemPrice>32.90</ItemPrice></item><item><PriceUpdateDate>2016-08-02 07:35:39</PriceUpdateDate><ItemCode>7290012823824</ItemCode><ItemType>1</ItemType><ItemName>תחליב רחצה כיף חלב ו</ItemName><ManufacturerName>כיף</ManufacturerName><ManufactureCountry>ישראל</ManufactureCountry><ManufacturerItemDescription>תחליב רחצה כיף חלב ו</ManufacturerItemDescription><SoldByWeight/><Quantity>750.00</Quantity><UnitOfMeasure>מ"ל</UnitOfMeasure><QtyInPackage>לא ידוע</QtyInPackage><UnitOfMeasurePrice>0.0172</UnitOfMeasurePrice><AllowDiscount>1</AllowDiscount><ItemStatus>1</ItemStatus><ItemPrice>12.90</ItemPrice></item><item><PriceUpdateDate>2015-11-18 13:59:45</PriceUpdateDate><ItemCode>7290012823923</ItemCode><ItemType>1</ItemType><ItemName>מרכך כביסה מקסימה גו</ItemName><ManufacturerName>סנו מקסימה</ManufacturerName><ManufactureCountry>ישראל</ManufactureCountry><ManufacturerItemDescription>מרכך כביסה מקסימה גו</ManufacturerItemDescription><SoldByWeight/><Quantity>750.00</Quantity><UnitOfMeasure>מ"ל</UnitOfMeasure><QtyInPackage>לא ידוע</QtyInPackage><UnitOfMeasurePrice>0.0340</UnitOfMeasurePrice><AllowDiscount>1</AllowDiscount><ItemStatus>1</ItemStatus><ItemPrice>25.50</ItemPrice></item><item><PriceUpdateDate>2016-03-29 07:05:30</PriceUpdateDate><ItemCode>7290012895005</ItemCode><ItemType>1</ItemType><ItemName>מסטיק יוגטה ג'ולים 1</ItemName><ManufacturerName>יוגטה</ManufacturerName><ManufactureCountry>ישראל</ManufactureCountry><ManufacturerItemDescription>מסטיק יוגטה ג'ולים 1</ManufacturerItemDescription><SoldByWeight/><Quantity>180.00</Quantity><UnitOfMeasure>גרם     </UnitOfMeasure><QtyInPackage>לא ידוע</QtyInPackage><UnitOfMeasurePrice>0.0556</UnitOfMeasurePrice><AllowDiscount>1</AllowDiscount><ItemStatus>1</ItemStatus><ItemPrice>10.00</ItemPrice></item><item><PriceUpdateDate>2015-11-18 13:59:45</PriceUpdateDate><ItemCode>7290012895012</ItemCode><ItemType>1</ItemType><ItemName>מסטיק יוגטה צ'יקלט 2</ItemName><ManufacturerName>יוגטה</ManufacturerName><ManufactureCountry>ישראל</ManufactureCountry><ManufacturerItemDescription>מסטיק יוגטה צ'יקלט 2</ManufacturerItemDescription><SoldByWeight/><Quantity>250.00</Quantity><UnitOfMeasure>גרם     </UnitOfMeasure><QtyInPackage>לא ידוע</QtyInPackage><UnitOfMeasurePrice>0.0436</UnitOfMeasurePrice><AllowDiscount>1</AllowDiscount><ItemStatus>1</ItemStatus><ItemPrice>10.90</ItemPrice></item><item><PriceUpdateDate>2016-08-10 08:23:48</PriceUpdateDate><ItemCode>7290012899072</ItemCode><ItemType>1</ItemType><ItemName>מלפפון בחומץ 7-9 A2</ItemName><ManufacturerName>"המותג"</ManufacturerName><ManufactureCountry>ישראל</ManufactureCountry><ManufacturerItemDescription>מלפפון בחומץ 7-9 A2</ManufacturerItemDescription><SoldByWeight/><Quantity>540.00</Quantity><UnitOfMeasure>גרם     </UnitOfMeasure><QtyInPackage>לא ידוע</QtyInPackage><UnitOfMeasurePrice>0.0100</UnitOfMeasurePrice><AllowDiscount>1</AllowDiscount><ItemStatus>1</ItemStatus><ItemPrice>5.40</ItemPrice></item><item><PriceUpdateDate>2015-10-22 10:37:38</PriceUpdateDate><ItemCode>7290012899126</ItemCode><ItemType>1</ItemType><ItemName>מלפפון 13-17 בחומץ ה</ItemName><ManufacturerName>"המותג"</ManufacturerName><ManufactureCountry>ישראל</ManufactureCountry><ManufacturerItemDescription>מלפפון 13-17 בחומץ ה</ManufacturerItemDescription><SoldByWeight/><Quantity>540.00</Quantity><UnitOfMeasure>גרם     </UnitOfMeasure><QtyInPackage>לא ידוע</QtyInPackage><UnitOfMeasurePrice>0.0117</UnitOfMeasurePrice><AllowDiscount>1</AllowDiscount><ItemStatus>1</ItemStatus><ItemPrice>6.30</ItemPrice></item><item><PriceUpdateDate>2015-11-18 13:59:46</PriceUpdateDate><ItemCode>7290012899157</ItemCode><ItemType>1</ItemType><ItemName>זיתים מבוקעים 560 גר</ItemName><ManufacturerName>"המותג"</ManufacturerName><ManufactureCountry>ישראל</ManufactureCountry><ManufacturerItemDescription>זיתים מבוקעים 560 גר</ManufacturerItemDescription><SoldByWeight/><Quantity>560.00</Quantity><UnitOfMeasure>גרם     </UnitOfMeasure><QtyInPackage>לא ידוע</QtyInPackage><UnitOfMeasurePrice>0.0130</UnitOfMeasurePrice><AllowDiscount>1</AllowDiscount><ItemStatus>1</ItemStatus><ItemPrice>7.30</ItemPrice></item><item><PriceUpdateDate>2016-04-19 10:11:03</PriceUpdateDate><ItemCode>7290012899188</ItemCode><ItemType>1</ItemType><ItemName>זיתים מנזנילו 15-17</ItemName><ManufacturerName>"המותג"</ManufacturerName><ManufactureCountry>ישראל</ManufactureCountry><ManufacturerItemDescription>זיתים מנזנילו 15-17</ManufacturerItemDescription><SoldByWeight/><Quantity>560.00</Quantity><UnitOfMeasure>גרם     </UnitOfMeasure><QtyInPackage>לא ידוע</QtyInPackage><UnitOfMeasurePrice>0.0141</UnitOfMeasurePrice><AllowDiscount>1</AllowDiscount><ItemStatus>1</ItemStatus><ItemPrice>7.90</ItemPrice></item><item><PriceUpdateDate>2016-06-28 09:29:26</PriceUpdateDate><ItemCode>7290012931338</ItemCode><ItemType>1</ItemType><ItemName>שלישיית מטליות מיקרו</ItemName><ManufacturerName>"המותג"</ManufacturerName><ManufactureCountry>ישראל</ManufactureCountry><ManufacturerItemDescription>שלישיית מטליות מיקרו</ManufacturerItemDescription><SoldByWeight/><Quantity>3.00</Quantity><UnitOfMeasure>יח'</UnitOfMeasure><QtyInPackage>לא ידוע</QtyInPackage><UnitOfMeasurePrice>8.3000</UnitOfMeasurePrice><AllowDiscount>1</AllowDiscount><ItemStatus>1</ItemStatus><ItemPrice>24.90</ItemPrice></item><item><PriceUpdateDate>2016-06-28 09:29:26</PriceUpdateDate><ItemCode>7290012931505</ItemCode><ItemType>1</ItemType><ItemName>מטליות לחות לריצפה 1</ItemName><ManufacturerName>"המותג"</ManufacturerName><ManufactureCountry>ישראל</ManufactureCountry><ManufacturerItemDescription>מטליות לחות לרצפה ניקול 1</ManufacturerItemDescription><SoldByWeight/><Quantity>10.00</Quantity><UnitOfMeasure>יח'</UnitOfMeasure><QtyInPackage>לא ידוע</QtyInPackage><UnitOfMeasurePrice>0.9900</UnitOfMeasurePrice><AllowDiscount>1</AllowDiscount><ItemStatus>1</ItemStatus><ItemPrice>9.90</ItemPrice></item><item><PriceUpdateDate>2016-08-02 07:39:59</PriceUpdateDate><ItemCode>7290012938405</ItemCode><ItemType>1</ItemType><ItemName>מב רדיד אלומניום 7.5</ItemName><ManufacturerName>דיימונד</ManufacturerName><ManufactureCountry>ישראל</ManufactureCountry><ManufacturerItemDescription>מב רדיד אלומניום 7.5</ManufacturerItemDescription><SoldByWeight/><Quantity>0.00</Quantity><UnitOfMeasure>יח'</UnitOfMeasure><QtyInPackage>לא ידוע</QtyInPackage><UnitOfMeasurePrice>0.0000</UnitOfMeasurePrice><AllowDiscount>1</AllowDiscount><ItemStatus>1</ItemStatus><ItemPrice>12.90</ItemPrice></item><item><PriceUpdateDate>2016-07-03 11:49:04</PriceUpdateDate><ItemCode>7290012996382</ItemCode><ItemType>1</ItemType><ItemName>הפי דפי כביסה</ItemName><ManufacturerName>יעקבי</ManufacturerName><ManufactureCountry>ישראל</ManufactureCountry><ManufacturerItemDescription>הפי דפי כביסה</ManufacturerItemDescription><SoldByWeight/><Quantity>0.00</Quantity><UnitOfMeasure>גרם     </UnitOfMeasure><QtyInPackage>לא ידוע</QtyInPackage><UnitOfMeasurePrice>0.0000</UnitOfMeasurePrice><AllowDiscount>1</AllowDiscount><ItemStatus>1</ItemStatus><ItemPrice>17.90</ItemPrice></item><item><PriceUpdateDate>2016-06-28 09:29:26</PriceUpdateDate><ItemCode>7290012996450</ItemCode><ItemType>1</ItemType><ItemName>מב הפי מרכך כביסה מר</ItemName><ManufacturerName>הפי</ManufacturerName><ManufactureCountry>ישראל</ManufactureCountry><ManufacturerItemDescription>מב הפי מרכך כביסה מר</ManufacturerItemDescription><SoldByWeight/><Quantity>1.00</Quantity><UnitOfMeasure>ליטר    </UnitOfMeasure><QtyInPackage>לא ידוע</QtyInPackage><UnitOfMeasurePrice>11.9000</UnitOfMeasurePrice><AllowDiscount>1</AllowDiscount><ItemStatus>1</ItemStatus><ItemPrice>11.90</ItemPrice></item><item><PriceUpdateDate>2016-08-02 07:40:00</PriceUpdateDate><ItemCode>7290012996818</ItemCode><ItemType>1</ItemType><ItemName>מב ג'ל כביסה לכל יעק</ItemName><ManufacturerName>יעקבי</ManufacturerName><ManufactureCountry>ישראל</ManufactureCountry><ManufacturerItemDescription>מב ג'ל כביסה לכל יעק</ManufacturerItemDescription><SoldByWeight/><Quantity>3000.00</Quantity><UnitOfMeasure>מ"ל</UnitOfMeasure><QtyInPackage>לא ידוע</QtyInPackage><UnitOfMeasurePrice>0.0093</UnitOfMeasurePrice><AllowDiscount>1</AllowDiscount><ItemStatus>1</ItemStatus><ItemPrice>27.90</ItemPrice></item><item><PriceUpdateDate>2016-08-10 08:23:17</PriceUpdateDate><ItemCode>7290013027016</ItemCode><ItemType>1</ItemType><ItemName>לחם אנג''ל 100</ItemName><ManufacturerName>אנג'ל</ManufacturerName><ManufactureCountry>ישראל</ManufactureCountry><ManufacturerItemDescription>לחם 100% קמח מלא דגנים גר</ManufacturerItemDescription><SoldByWeight/><Quantity>750.00</Quantity><UnitOfMeasure>גרם     </UnitOfMeasure><QtyInPackage>לא ידוע</QtyInPackage><UnitOfMeasurePrice>0.0233</UnitOfMeasurePrice><AllowDiscount>1</AllowDiscount><ItemStatus>1</ItemStatus><ItemPrice>17.50</ItemPrice></item><item><PriceUpdateDate>2016-03-29 07:05:31</PriceUpdateDate><ItemCode>7290013027399</ItemCode><ItemType>1</ItemType><ItemName>לחם אנג'ל 100 קל 750</ItemName><ManufacturerName>אנג'ל</ManufacturerName><ManufactureCountry>ישראל</ManufactureCountry><ManufacturerItemDescription>לחם 100% קמח מלא קל בתוספ</ManufacturerItemDescription><SoldByWeight/><Quantity>750.00</Quantity><UnitOfMeasure>גרם     </UnitOfMeasure><QtyInPackage>לא ידוע</QtyInPackage><UnitOfMeasurePrice>0.0239</UnitOfMeasurePrice><AllowDiscount>1</AllowDiscount><ItemStatus>1</ItemStatus><ItemPrice>17.90</ItemPrice></item><item><PriceUpdateDate>2016-03-01 06:18:10</PriceUpdateDate><ItemCode>7290013038005</ItemCode><ItemType>1</ItemType><ItemName>משקה ג'אמפ תפוחים 1.</ItemName><ManufacturerName>גאמפ</ManufacturerName><ManufactureCountry>ישראל</ManufactureCountry><ManufacturerItemDescription>משקה ג'אמפ תפוחים 1.</ManufacturerItemDescription><SoldByWeight/><Quantity>1500.00</Quantity><UnitOfMeasure>מ"ל</UnitOfMeasure><QtyInPackage>לא ידוע</QtyInPackage><UnitOfMeasurePrice>0.0046</UnitOfMeasurePrice><AllowDiscount>1</AllowDiscount><ItemStatus>1</ItemStatus><ItemPrice>6.90</ItemPrice></item><item><PriceUpdateDate>2015-10-11 20:34:47</PriceUpdateDate><ItemCode>7290013038234</ItemCode><ItemType>1</ItemType><ItemName>שישיית אקווה נובה 2</ItemName><ManufacturerName>אקווה נובה</ManufacturerName><ManufactureCountry>ישראל</ManufactureCountry><ManufacturerItemDescription>אקווה נובה שישייה 2 ליטר</ManufacturerItemDescription><SoldByWeight/><Quantity>12000.00</Quantity><UnitOfMeasure>מ"ל</UnitOfMeasure><QtyInPackage>לא ידוע</QtyInPackage><UnitOfMeasurePrice>0.0009</UnitOfMeasurePrice><AllowDiscount>0</AllowDiscount><ItemStatus>1</ItemStatus><ItemPrice>11.30</ItemPrice></item><item><PriceUpdateDate>2016-08-10 08:23:17</PriceUpdateDate><ItemCode>7290013038432</ItemCode><ItemType>1</ItemType><ItemName>מי אקווה נובה 2 ליטר</ItemName><ManufacturerName>אקווה נובה</ManufacturerName><ManufactureCountry>ישראל</ManufactureCountry><ManufacturerItemDescription>אקווה נובה 2 ליטר בקבוק</ManufacturerItemDescription><SoldByWeight/><Quantity>2000.00</Quantity><UnitOfMeasure>מ"ל</UnitOfMeasure><QtyInPackage>לא ידוע</QtyInPackage><UnitOfMeasurePrice>0.0014</UnitOfMeasurePrice><AllowDiscount>1</AllowDiscount><ItemStatus>1</ItemStatus><ItemPrice>2.90</ItemPrice></item><item><PriceUpdateDate>2015-11-18 13:59:46</PriceUpdateDate><ItemCode>7290013073471</ItemCode><ItemType>1</ItemType><ItemName>מדבקות קבוצה 8</ItemName><ManufacturerName>ליאור שרף</ManufacturerName><ManufactureCountry>ישראל</ManufactureCountry><ManufacturerItemDescription>מדבקות קבוצה 8</ManufacturerItemDescription><SoldByWeight/><Quantity>0.00</Quantity><UnitOfMeasure>0</UnitOfMeasure><QtyInPackage>לא ידוע</QtyInPackage><UnitOfMeasurePrice>0.0000</UnitOfMeasurePrice><AllowDiscount>1</AllowDiscount><ItemStatus>1</ItemStatus><ItemPrice>12.20</ItemPrice></item><item><PriceUpdateDate>2015-11-18 13:59:46</PriceUpdateDate><ItemCode>7290013073488</ItemCode><ItemType>1</ItemType><ItemName>מדבקות קבוצה 11</ItemName><ManufacturerName>ליאור שרף</ManufacturerName><ManufactureCountry>ישראל</ManufactureCountry><ManufacturerItemDescription>מדבקות קבוצה 11</ManufacturerItemDescription><SoldByWeight/><Quantity>0.00</Quantity><UnitOfMeasure>0</UnitOfMeasure><QtyInPackage>לא ידוע</QtyInPackage><UnitOfMeasurePrice>0.0000</UnitOfMeasurePrice><AllowDiscount>1</AllowDiscount><ItemStatus>1</ItemStatus><ItemPrice>15.20</ItemPrice></item><item><PriceUpdateDate>2015-11-18 13:59:47</PriceUpdateDate><ItemCode>7290013073518</ItemCode><ItemType>1</ItemType><ItemName>מדבקות קבוצה 1</ItemName><ManufacturerName>ליאור שרף</ManufacturerName><ManufactureCountry>ישראל</ManufactureCountry><ManufacturerItemDescription>מדבקות קבוצה 1</ManufacturerItemDescription><SoldByWeight/><Quantity>0.00</Quantity><UnitOfMeasure>0</UnitOfMeasure><QtyInPackage>לא ידוע</QtyInPackage><UnitOfMeasurePrice>0.0000</UnitOfMeasurePrice><AllowDiscount>1</AllowDiscount><ItemStatus>1</ItemStatus><ItemPrice>11.20</ItemPrice></item><item><PriceUpdateDate>2015-11-18 13:59:47</PriceUpdateDate><ItemCode>7290013073532</ItemCode><ItemType>1</ItemType><ItemName>מדבקות קבוצה 2</ItemName><ManufacturerName>ליאור שרף</ManufacturerName><ManufactureCountry>ישראל</ManufactureCountry><ManufacturerItemDescription>מדבקות קבוצה 2</ManufacturerItemDescription><SoldByWeight/><Quantity>0.00</Quantity><UnitOfMeasure>0</UnitOfMeasure><QtyInPackage>לא ידוע</QtyInPackage><UnitOfMeasurePrice>0.0000</UnitOfMeasurePrice><AllowDiscount>1</AllowDiscount><ItemStatus>1</ItemStatus><ItemPrice>13.20</ItemPrice></item><item><PriceUpdateDate>2015-11-18 13:59:47</PriceUpdateDate><ItemCode>7290013073556</ItemCode><ItemType>1</ItemType><ItemName>בצק בגביע קידליין</ItemName><ManufacturerName>ליאור שרף</ManufacturerName><ManufactureCountry>ישראל</ManufactureCountry><ManufacturerItemDescription>בצק בגביע קידליין</ManufacturerItemDescription><SoldByWeight/><Quantity>0.00</Quantity><UnitOfMeasure>0</UnitOfMeasure><QtyInPackage>לא ידוע</QtyInPackage><UnitOfMeasurePrice>0.0000</UnitOfMeasurePrice><AllowDiscount>1</AllowDiscount><ItemStatus>1</ItemStatus><ItemPrice>12.20</ItemPrice></item><item><PriceUpdateDate>2014-11-10 06:31:11</PriceUpdateDate><ItemCode>7290013073693</ItemCode><ItemType>1</ItemType><ItemName>סט צבעי גואש נוצץ קי</ItemName><ManufacturerName>ליאור שרף</ManufacturerName><ManufactureCountry>ישראל</ManufactureCountry><ManufacturerItemDescription>סט צבעי גואש נוצץ קי</ManufacturerItemDescription><SoldByWeight/><Quantity>0.00</Quantity><UnitOfMeasure>0</UnitOfMeasure><QtyInPackage>לא ידוע</QtyInPackage><UnitOfMeasurePrice>0.0000</UnitOfMeasurePrice><AllowDiscount>1</AllowDiscount><ItemStatus>1</ItemStatus><ItemPrice>17.90</ItemPrice></item><item><PriceUpdateDate>2014-11-10 06:31:11</PriceUpdateDate><ItemCode>7290013073723</ItemCode><ItemType>1</ItemType><ItemName>סט טושים דו צדדי קיד</ItemName><ManufacturerName>ליאור שרף</ManufacturerName><ManufactureCountry>ישראל</ManufactureCountry><ManufacturerItemDescription>סט טושים דו צדדי קיד</ManufacturerItemDescription><SoldByWeight/><Quantity>0.00</Quantity><UnitOfMeasure>0</UnitOfMeasure><QtyInPackage>לא ידוע</QtyInPackage><UnitOfMeasurePrice>0.0000</UnitOfMeasurePrice><AllowDiscount>1</AllowDiscount><ItemStatus>1</ItemStatus><ItemPrice>9.90</ItemPrice></item><item><PriceUpdateDate>2014-11-10 06:31:12</PriceUpdateDate><ItemCode>7290013073907</ItemCode><ItemType>1</ItemType><ItemName>מדבקות קבוצה 7</ItemName><ManufacturerName>ליאור שרף</ManufacturerName><ManufactureCountry>ישראל</ManufactureCountry><ManufacturerItemDescription>מדבקות קבוצה 7</ManufacturerItemDescription><SoldByWeight/><Quantity>0.00</Quantity><UnitOfMeasure>0</UnitOfMeasure><QtyInPackage>לא ידוע</QtyInPackage><UnitOfMeasurePrice>0.0000</UnitOfMeasurePrice><AllowDiscount>1</AllowDiscount><ItemStatus>1</ItemStatus><ItemPrice>12.90</ItemPrice></item><item><PriceUpdateDate>2016-08-10 08:23:17</PriceUpdateDate><ItemCode>7290013083661</ItemCode><ItemType>1</ItemType><ItemName>מטרנה אקסטרא קר שלב</ItemName><ManufacturerName>מטרנה</ManufacturerName><ManufactureCountry>ישראל</ManufactureCountry><ManufacturerItemDescription>מטרנה אקסטרא קר שלב</ManufacturerItemDescription><SoldByWeight/><Quantity>700.00</Quantity><UnitOfMeasure>גרם     </UnitOfMeasure><QtyInPackage>לא ידוע</QtyInPackage><UnitOfMeasurePrice>0.0970</UnitOfMeasurePrice><AllowDiscount>1</AllowDiscount><ItemStatus>1</ItemStatus><ItemPrice>67.90</ItemPrice></item><item><PriceUpdateDate>2016-08-10 08:23:18</PriceUpdateDate><ItemCode>7290013083685</ItemCode><ItemType>1</ItemType><ItemName>מטרנה אקסטרא קר שלב</ItemName><ManufacturerName>מטרנה</ManufacturerName><ManufactureCountry>ישראל</ManufactureCountry><ManufacturerItemDescription>מטרנה אקסטרא קר שלב</ManufacturerItemDescription><SoldByWeight/><Quantity>700.00</Quantity><UnitOfMeasure>גרם     </UnitOfMeasure><QtyInPackage>לא ידוע</QtyInPackage><UnitOfMeasurePrice>0.0970</UnitOfMeasurePrice><AllowDiscount>1</AllowDiscount><ItemStatus>1</ItemStatus><ItemPrice>67.90</ItemPrice></item><item><PriceUpdateDate>2016-08-02 07:40:00</PriceUpdateDate><ItemCode>7290013117212</ItemCode><ItemType>1</ItemType><ItemName>מב בורקס פילו מילוי</ItemName><ManufacturerName>מעדנות</ManufacturerName><ManufactureCountry>ישראל</ManufactureCountry><ManufacturerItemDescription>בורקס פילו במילוי גבינה 6</ManufacturerItemDescription><SoldByWeight/><Quantity>600.00</Quantity><UnitOfMeasure>גרם     </UnitOfMeasure><QtyInPackage>לא ידוע</QtyInPackage><UnitOfMeasurePrice>0.0282</UnitOfMeasurePrice><AllowDiscount>1</AllowDiscount><ItemStatus>1</ItemStatus><ItemPrice>16.90</ItemPrice></item><item><PriceUpdateDate>2016-06-28 09:29:27</PriceUpdateDate><ItemCode>7290013117526</ItemCode><ItemType>1</ItemType><ItemName>בצק שמרים למאפים מתו</ItemName><ManufacturerName>מעדנות</ManufacturerName><ManufactureCountry>ישראל</ManufactureCountry><ManufacturerItemDescription>בצק שמרים למאפים מתו</ManufacturerItemDescription><SoldByWeight/><Quantity>900.00</Quantity><UnitOfMeasure>גרם     </UnitOfMeasure><QtyInPackage>לא ידוע</QtyInPackage><UnitOfMeasurePrice>0.0282</UnitOfMeasurePrice><AllowDiscount>1</AllowDiscount><ItemStatus>1</ItemStatus><ItemPrice>25.40</ItemPrice></item><item><PriceUpdateDate>2016-06-28 09:29:27</PriceUpdateDate><ItemCode>7290013144201</ItemCode><ItemType>1</ItemType><ItemName>תערובת פנקייק 400 גר</ItemName><ManufacturerName>מימונס</ManufacturerName><ManufactureCountry>ישראל</ManufactureCountry><ManufacturerItemDescription>תערובת פנקייק</ManufacturerItemDescription><SoldByWeight/><Quantity>400.00</Quantity><UnitOfMeasure>גרם     </UnitOfMeasure><QtyInPackage>לא ידוע</QtyInPackage><UnitOfMeasurePrice>0.0398</UnitOfMeasurePrice><AllowDiscount>1</AllowDiscount><ItemStatus>1</ItemStatus><ItemPrice>15.90</ItemPrice></item><item><PriceUpdateDate>2016-06-28 09:29:27</PriceUpdateDate><ItemCode>7290013144317</ItemCode><ItemType>1</ItemType><ItemName>ג'וני גלילית וופל למ</ItemName><ManufacturerName>מימונס</ManufacturerName><ManufactureCountry>ישראל</ManufactureCountry><ManufacturerItemDescription>גלילית וופל למילוי גוני</ManufacturerItemDescription><SoldByWeight/><Quantity>180.00</Quantity><UnitOfMeasure>גרם     </UnitOfMeasure><QtyInPackage>לא ידוע</QtyInPackage><UnitOfMeasurePrice>0.1244</UnitOfMeasurePrice><AllowDiscount>1</AllowDiscount><ItemStatus>1</ItemStatus><ItemPrice>22.40</ItemPrice></item><item><PriceUpdateDate>2015-11-18 13:59:47</PriceUpdateDate><ItemCode>7290013144393</ItemCode><ItemType>1</ItemType><ItemName>תמצית בטעם וניל 50 ג</ItemName><ManufacturerName>מימונס</ManufacturerName><ManufactureCountry>ישראל</ManufactureCountry><ManufacturerItemDescription>תמצית וניל</ManufacturerItemDescription><SoldByWeight/><Quantity>50.00</Quantity><UnitOfMeasure>גרם     </UnitOfMeasure><QtyInPackage>לא ידוע</QtyInPackage><UnitOfMeasurePrice>0.0920</UnitOfMeasurePrice><AllowDiscount>1</AllowDiscount><ItemStatus>1</ItemStatus><ItemPrice>4.60</ItemPrice></item><item><PriceUpdateDate>2015-03-25 08:46:36</PriceUpdateDate><ItemCode>7290013144522</ItemCode><ItemType>1</ItemType><ItemName>צבע מאכל ירוק 50 גרם</ItemName><ManufacturerName>מימונס</ManufacturerName><ManufactureCountry>ישראל</ManufactureCountry><ManufacturerItemDescription>צבע מאכל ירוק 50 גרם</ManufacturerItemDescription><SoldByWeight/><Quantity>50.00</Quantity><UnitOfMeasure>גרם     </UnitOfMeasure><QtyInPackage>לא ידוע</QtyInPackage><UnitOfMeasurePrice>0.0760</UnitOfMeasurePrice><AllowDiscount>1</AllowDiscount><ItemStatus>1</ItemStatus><ItemPrice>3.80</ItemPrice></item><item><PriceUpdateDate>2015-03-27 07:44:19</PriceUpdateDate><ItemCode>7290013145529</ItemCode><ItemType>1</ItemType><ItemName>סוכריות צבעוניות לקי</ItemName><ManufacturerName>מימונס</ManufacturerName><ManufactureCountry>ישראל</ManufactureCountry><ManufacturerItemDescription>סוכריות צבעוניות לקישוט 9</ManufacturerItemDescription><SoldByWeight/><Quantity>90.00</Quantity><UnitOfMeasure>גרם     </UnitOfMeasure><QtyInPackage>לא ידוע</QtyInPackage><UnitOfMeasurePrice>0.0611</UnitOfMeasurePrice><AllowDiscount>1</AllowDiscount><ItemStatus>1</ItemStatus><ItemPrice>5.50</ItemPrice></item><item><PriceUpdateDate>2015-03-25 08:46:36</PriceUpdateDate><ItemCode>7290013145840</ItemCode><ItemType>1</ItemType><ItemName>סוכר וניל 10 יחידות</ItemName><ManufacturerName>מימונס</ManufacturerName><ManufactureCountry>ישראל</ManufactureCountry><ManufacturerItemDescription>סוכר וניל 100  1/10 גר</ManufacturerItemDescription><SoldByWeight/><Quantity>100.00</Quantity><UnitOfMeasure>גרם     </UnitOfMeasure><QtyInPackage>לא ידוע</QtyInPackage><UnitOfMeasurePrice>0.0270</UnitOfMeasurePrice><AllowDiscount>1</AllowDiscount><ItemStatus>1</ItemStatus><ItemPrice>2.70</ItemPrice></item><item><PriceUpdateDate>2015-03-25 08:46:36</PriceUpdateDate><ItemCode>7290013145857</ItemCode><ItemType>1</ItemType><ItemName>אבקת אפייה 10 יח בצל</ItemName><ManufacturerName>מימונס</ManufacturerName><ManufactureCountry>ישראל</ManufactureCountry><ManufacturerItemDescription>אבקת אפיה 100 1/10 גר</ManufacturerItemDescription><SoldByWeight/><Quantity>100.00</Quantity><UnitOfMeasure>גרם     </UnitOfMeasure><QtyInPackage>לא ידוע</QtyInPackage><UnitOfMeasurePrice>0.0270</UnitOfMeasurePrice><AllowDiscount>1</AllowDiscount><ItemStatus>1</ItemStatus><ItemPrice>2.70</ItemPrice></item><item><PriceUpdateDate>2015-03-25 08:46:36</PriceUpdateDate><ItemCode>7290013145970</ItemCode><ItemType>1</ItemType><ItemName>קורנפלור 200 גרם</ItemName><ManufacturerName>מימונס</ManufacturerName><ManufactureCountry>ישראל</ManufactureCountry><ManufacturerItemDescription>קורנפלור 200 גרם</ManufacturerItemDescription><SoldByWeight/><Quantity>200.00</Quantity><UnitOfMeasure>גרם     </UnitOfMeasure><QtyInPackage>לא ידוע</QtyInPackage><UnitOfMeasurePrice>0.0200</UnitOfMeasurePrice><AllowDiscount>1</AllowDiscount><ItemStatus>1</ItemStatus><ItemPrice>4.00</ItemPrice></item><item><PriceUpdateDate>2016-01-04 21:06:48</PriceUpdateDate><ItemCode>7290013224408</ItemCode><ItemType>1</ItemType><ItemName>מרכך כביסה מרוכז 1 ל</ItemName><ManufacturerName>"המותג"</ManufacturerName><ManufactureCountry>ישראל</ManufactureCountry><ManufacturerItemDescription>מרכך כביסה מרוכז 1 ל</ManufacturerItemDescription><SoldByWeight/><Quantity>1000.00</Quantity><UnitOfMeasure>מ"ל</UnitOfMeasure><QtyInPackage>לא ידוע</QtyInPackage><UnitOfMeasurePrice>0.0109</UnitOfMeasurePrice><AllowDiscount>1</AllowDiscount><ItemStatus>1</ItemStatus><ItemPrice>10.90</ItemPrice></item><item><PriceUpdateDate>2016-08-02 07:35:40</PriceUpdateDate><ItemCode>7290013267566</ItemCode><ItemType>1</ItemType><ItemName>גלידות קרמיסימו בומב</ItemName><ManufacturerName>קרמיסימו</ManufacturerName><ManufactureCountry>ישראל</ManufactureCountry><ManufacturerItemDescription>קרמיסימו בומבה 1.33 ליטר</ManufacturerItemDescription><SoldByWeight/><Quantity>1330.00</Quantity><UnitOfMeasure>מ"ל</UnitOfMeasure><QtyInPackage>לא ידוע</QtyInPackage><UnitOfMeasurePrice>0.0150</UnitOfMeasurePrice><AllowDiscount>1</AllowDiscount><ItemStatus>1</ItemStatus><ItemPrice>19.90</ItemPrice></item><item><PriceUpdateDate>2016-08-10 08:23:18</PriceUpdateDate><ItemCode>7290013267665</ItemCode><ItemType>1</ItemType><ItemName>מאגדת מיני סולרו טרו</ItemName><ManufacturerName>סולרו</ManufacturerName><ManufactureCountry>ישראל</ManufactureCountry><ManufacturerItemDescription>מאגדת סולרו פירות טרופיים</ManufacturerItemDescription><SoldByWeight/><Quantity>295.00</Quantity><UnitOfMeasure>גרם     </UnitOfMeasure><QtyInPackage>לא ידוע</QtyInPackage><UnitOfMeasurePrice>0.0912</UnitOfMeasurePrice><AllowDiscount>1</AllowDiscount><ItemStatus>1</ItemStatus><ItemPrice>26.90</ItemPrice></item><item><PriceUpdateDate>2016-06-30 06:41:10</PriceUpdateDate><ItemCode>7290013268037</ItemCode><ItemType>1</ItemType><ItemName>מב מרכך כביסה מקסימה</ItemName><ManufacturerName>סנו מקסימה</ManufacturerName><ManufactureCountry>ישראל</ManufactureCountry><ManufacturerItemDescription>מקסימה מרכך כביסה מרוכז פ</ManufacturerItemDescription><SoldByWeight/><Quantity>1000.00</Quantity><UnitOfMeasure>מ"ל</UnitOfMeasure><QtyInPackage>לא ידוע</QtyInPackage><UnitOfMeasurePrice>0.0159</UnitOfMeasurePrice><AllowDiscount>1</AllowDiscount><ItemStatus>1</ItemStatus><ItemPrice>15.90</ItemPrice></item><item><PriceUpdateDate>2016-05-01 08:13:47</PriceUpdateDate><ItemCode>7290013268884</ItemCode><ItemType>1</ItemType><ItemName>סנו ריצפז פרש מאסק 2</ItemName><ManufacturerName>סנו</ManufacturerName><ManufactureCountry>ישראל</ManufactureCountry><ManufacturerItemDescription>סנו ריצפז פרש מאסק 2</ManufacturerItemDescription><SoldByWeight/><Quantity>2000.00</Quantity><UnitOfMeasure>מ"ל</UnitOfMeasure><QtyInPackage>לא ידוע</QtyInPackage><UnitOfMeasurePrice>0.0109</UnitOfMeasurePrice><AllowDiscount>1</AllowDiscount><ItemStatus>1</ItemStatus><ItemPrice>21.90</ItemPrice></item><item><PriceUpdateDate>2015-11-18 13:59:48</PriceUpdateDate><ItemCode>7290013269003</ItemCode><ItemType>1</ItemType><ItemName>מרכך כביסה מקסימה קי</ItemName><ManufacturerName>סנו מקסימה</ManufacturerName><ManufactureCountry>ישראל</ManufactureCountry><ManufacturerItemDescription>מרכך כביסה מקסימה קי</ManufacturerItemDescription><SoldByWeight/><Quantity>1000.00</Quantity><UnitOfMeasure>מ"ל</UnitOfMeasure><QtyInPackage>לא ידוע</QtyInPackage><UnitOfMeasurePrice>0.0255</UnitOfMeasurePrice><AllowDiscount>1</AllowDiscount><ItemStatus>1</ItemStatus><ItemPrice>25.50</ItemPrice></item><item><PriceUpdateDate>2016-08-02 07:40:02</PriceUpdateDate><ItemCode>7290013269263</ItemCode><ItemType>1</ItemType><ItemName>מב ג'ל כביסה מקסימה</ItemName><ManufacturerName>סנו מקסימה</ManufacturerName><ManufactureCountry>ישראל</ManufactureCountry><ManufacturerItemDescription>מב ג'ל כביסה מקסימה</ManufacturerItemDescription><SoldByWeight/><Quantity>3000.00</Quantity><UnitOfMeasure>מ"ל</UnitOfMeasure><QtyInPackage>לא ידוע</QtyInPackage><UnitOfMeasurePrice>0.0100</UnitOfMeasurePrice><AllowDiscount>1</AllowDiscount><ItemStatus>1</ItemStatus><ItemPrice>29.90</ItemPrice></item><item><PriceUpdateDate>2016-06-30 06:41:10</PriceUpdateDate><ItemCode>7290013269560</ItemCode><ItemType>1</ItemType><ItemName>מב תחליב רחצה קרמה מ</ItemName><ManufacturerName>קרמה</ManufacturerName><ManufactureCountry>ישראל</ManufactureCountry><ManufacturerItemDescription>מב תחליב רחצה קרמה מ</ManufacturerItemDescription><SoldByWeight/><Quantity>750.00</Quantity><UnitOfMeasure>מ"ל</UnitOfMeasure><QtyInPackage>לא ידוע</QtyInPackage><UnitOfMeasurePrice>0.0225</UnitOfMeasurePrice><AllowDiscount>1</AllowDiscount><ItemStatus>1</ItemStatus><ItemPrice>16.90</ItemPrice></item><item><PriceUpdateDate>2016-06-28 09:29:28</PriceUpdateDate><ItemCode>7290013269850</ItemCode><ItemType>1</ItemType><ItemName>סנו סושי נייר אפיה א</ItemName><ManufacturerName>סנו סושי</ManufacturerName><ManufactureCountry>ישראל</ManufactureCountry><ManufacturerItemDescription>סנו סושי נייר אפיה א</ManufacturerItemDescription><SoldByWeight/><Quantity>50.00</Quantity><UnitOfMeasure>בודד</UnitOfMeasure><QtyInPackage>לא ידוע</QtyInPackage><UnitOfMeasurePrice>0.3280</UnitOfMeasurePrice><AllowDiscount>1</AllowDiscount><ItemStatus>1</ItemStatus><ItemPrice>16.40</ItemPrice></item><item><PriceUpdateDate>2015-11-18 13:59:49</PriceUpdateDate><ItemCode>7290013284235</ItemCode><ItemType>1</ItemType><ItemName>רסק עגבניות פלוס עשב</ItemName><ManufacturerName>לא ממותג</ManufacturerName><ManufactureCountry>ישראל</ManufactureCountry><ManufacturerItemDescription>רסק עגבניות פלוס עשב</ManufacturerItemDescription><SoldByWeight/><Quantity>100.00</Quantity><UnitOfMeasure>גרם     </UnitOfMeasure><QtyInPackage>לא ידוע</QtyInPackage><UnitOfMeasurePrice>0.0310</UnitOfMeasurePrice><AllowDiscount>1</AllowDiscount><ItemStatus>1</ItemStatus><ItemPrice>3.10</ItemPrice></item><item><PriceUpdateDate>2015-11-18 13:59:49</PriceUpdateDate><ItemCode>7290013284259</ItemCode><ItemType>1</ItemType><ItemName>רסק עגבניות פלוס שום</ItemName><ManufacturerName>לא ממותג</ManufacturerName><ManufactureCountry>ישראל</ManufactureCountry><ManufacturerItemDescription>רסק עגבניות פלוס שום</ManufacturerItemDescription><SoldByWeight/><Quantity>100.00</Quantity><UnitOfMeasure>גרם     </UnitOfMeasure><QtyInPackage>לא ידוע</QtyInPackage><UnitOfMeasurePrice>0.0310</UnitOfMeasurePrice><AllowDiscount>1</AllowDiscount><ItemStatus>1</ItemStatus><ItemPrice>3.10</ItemPrice></item><item><PriceUpdateDate>2015-11-18 13:59:49</PriceUpdateDate><ItemCode>7290013284310</ItemCode><ItemType>1</ItemType><ItemName>רוטב פסטה טעים לילדי</ItemName><ManufacturerName>לא ממותג</ManufacturerName><ManufactureCountry>ישראל</ManufactureCountry><ManufacturerItemDescription>רוטב פסטה טעים לילדי</ManufacturerItemDescription><SoldByWeight/><Quantity>240.00</Quantity><UnitOfMeasure>גרם     </UnitOfMeasure><QtyInPackage>לא ידוע</QtyInPackage><UnitOfMeasurePrice>0.0271</UnitOfMeasurePrice><AllowDiscount>1</AllowDiscount><ItemStatus>1</ItemStatus><ItemPrice>6.50</ItemPrice></item><item><PriceUpdateDate>2016-03-29 07:05:33</PriceUpdateDate><ItemCode>7290013284884</ItemCode><ItemType>1</ItemType><ItemName>תרכיז עגבניות  SUN T</ItemName><ManufacturerName>פריניר</ManufacturerName><ManufactureCountry>לא ידוע</ManufactureCountry><ManufacturerItemDescription>תרכיז עגבניות  SUN T</ManufacturerItemDescription><SoldByWeight/><Quantity>580.00</Quantity><UnitOfMeasure>גרם     </UnitOfMeasure><QtyInPackage>לא ידוע</QtyInPackage><UnitOfMeasurePrice>0.0136</UnitOfMeasurePrice><AllowDiscount>1</AllowDiscount><ItemStatus>1</ItemStatus><ItemPrice>7.90</ItemPrice></item><item><PriceUpdateDate>2016-05-01 08:13:47</PriceUpdateDate><ItemCode>7290013358356</ItemCode><ItemType>1</ItemType><ItemName>מנה פרורי לחם מוזהבי</ItemName><ManufacturerName>מנה</ManufacturerName><ManufactureCountry>ישראל</ManufactureCountry><ManufacturerItemDescription>מנה פרורי לחם מוזהבי</ManufacturerItemDescription><SoldByWeight/><Quantity>350.00</Quantity><UnitOfMeasure>גרם     </UnitOfMeasure><QtyInPackage>לא ידוע</QtyInPackage><UnitOfMeasurePrice>0.0397</UnitOfMeasurePrice><AllowDiscount>1</AllowDiscount><ItemStatus>1</ItemStatus><ItemPrice>13.90</ItemPrice></item><item><PriceUpdateDate>2016-08-10 08:23:18</PriceUpdateDate><ItemCode>7290013358967</ItemCode><ItemType>1</ItemType><ItemName>חטיף קראנצ'וס מיקס ב</ItemName><ManufacturerName>מנה</ManufacturerName><ManufactureCountry>ישראל</ManufactureCountry><ManufacturerItemDescription>חטיף קראנצ'וס מיקס ב</ManufacturerItemDescription><SoldByWeight/><Quantity>40.00</Quantity><UnitOfMeasure>גרם     </UnitOfMeasure><QtyInPackage>לא ידוע</QtyInPackage><UnitOfMeasurePrice>0.1100</UnitOfMeasurePrice><AllowDiscount>1</AllowDiscount><ItemStatus>1</ItemStatus><ItemPrice>4.40</ItemPrice></item><item><PriceUpdateDate>2015-02-17 09:29:41</PriceUpdateDate><ItemCode>7290013361806</ItemCode><ItemType>1</ItemType><ItemName>קטשופ 750 גרם המותג</ItemName><ManufacturerName>"המותג"</ManufacturerName><ManufactureCountry>ישראל</ManufactureCountry><ManufacturerItemDescription>קטשופ 750 גרם המותג</ManufacturerItemDescription><SoldByWeight/><Quantity>750.00</Quantity><UnitOfMeasure>גרם     </UnitOfMeasure><QtyInPackage>לא ידוע</QtyInPackage><UnitOfMeasurePrice>0.0119</UnitOfMeasurePrice><AllowDiscount>1</AllowDiscount><ItemStatus>1</ItemStatus><ItemPrice>8.90</ItemPrice></item><item><PriceUpdateDate>2016-03-29 07:05:34</PriceUpdateDate><ItemCode>7290013389114</ItemCode><ItemType>1</ItemType><ItemName>ניוקי תפו"א 500 גרם</ItemName><ManufacturerName>לא ממותג</ManufacturerName><ManufactureCountry>ישראל</ManufactureCountry><ManufacturerItemDescription>ניוקי תפו"א 500 גרם</ManufacturerItemDescription><SoldByWeight/><Quantity>500.00</Quantity><UnitOfMeasure>גרם     </UnitOfMeasure><QtyInPackage>לא ידוע</QtyInPackage><UnitOfMeasurePrice>0.0206</UnitOfMeasurePrice><AllowDiscount>1</AllowDiscount><ItemStatus>1</ItemStatus><ItemPrice>10.30</ItemPrice></item><item><PriceUpdateDate>2016-03-29 07:05:34</PriceUpdateDate><ItemCode>7290013389138</ItemCode><ItemType>1</ItemType><ItemName>ניוקי שלושה צבעים 50</ItemName><ManufacturerName>לא ממותג</ManufacturerName><ManufactureCountry>ישראל</ManufactureCountry><ManufacturerItemDescription>ניוקי שלושה צבעים 50</ManufacturerItemDescription><SoldByWeight/><Quantity>500.00</Quantity><UnitOfMeasure>גרם     </UnitOfMeasure><QtyInPackage>לא ידוע</QtyInPackage><UnitOfMeasurePrice>0.0206</UnitOfMeasurePrice><AllowDiscount>1</AllowDiscount><ItemStatus>1</ItemStatus><ItemPrice>10.30</ItemPrice></item><item><PriceUpdateDate>2015-10-22 10:37:39</PriceUpdateDate><ItemCode>7290013389879</ItemCode><ItemType>1</ItemType><ItemName>נודלס בכוס טעם סיני</ItemName><ManufacturerName>לא ממותג</ManufacturerName><ManufactureCountry>ישראל</ManufactureCountry><ManufacturerItemDescription>נודלס בכוס טעם סיני</ManufacturerItemDescription><SoldByWeight/><Quantity>65.00</Quantity><UnitOfMeasure>גרם     </UnitOfMeasure><QtyInPackage>לא ידוע</QtyInPackage><UnitOfMeasurePrice>0.0831</UnitOfMeasurePrice><AllowDiscount>1</AllowDiscount><ItemStatus>1</ItemStatus><ItemPrice>5.40</ItemPrice></item><item><PriceUpdateDate>2016-08-02 07:35:43</PriceUpdateDate><ItemCode>7290013440648</ItemCode><ItemType>1</ItemType><ItemName>גלידה מאגדת אבטיח 5</ItemName><ManufacturerName>גלידות נסטלה</ManufacturerName><ManufactureCountry>ישראל</ManufactureCountry><ManufacturerItemDescription>מאגדת שלגוני אבטיח 5 יח</ManufacturerItemDescription><SoldByWeight/><Quantity>1.00</Quantity><UnitOfMeasure>גרם     </UnitOfMeasure><QtyInPackage>לא ידוע</QtyInPackage><UnitOfMeasurePrice>28.4000</UnitOfMeasurePrice><AllowDiscount>1</AllowDiscount><ItemStatus>1</ItemStatus><ItemPrice>28.40</ItemPrice></item><item><PriceUpdateDate>2015-11-18 13:59:50</PriceUpdateDate><ItemCode>7290013440785</ItemCode><ItemType>1</ItemType><ItemName>מאגדת קרחוני לייט לי</ItemName><ManufacturerName>גלידות נסטלה</ManufacturerName><ManufactureCountry>ישראל</ManufactureCountry><ManufacturerItemDescription>מאגדת קרחוני לייט לימון מ</ManufacturerItemDescription><SoldByWeight/><Quantity>0.00</Quantity><UnitOfMeasure>יח'</UnitOfMeasure><QtyInPackage>לא ידוע</QtyInPackage><UnitOfMeasurePrice>0.0000</UnitOfMeasurePrice><AllowDiscount>1</AllowDiscount><ItemStatus>1</ItemStatus><ItemPrice>23.30</ItemPrice></item><item><PriceUpdateDate>2015-10-22 10:37:39</PriceUpdateDate><ItemCode>7290013472199</ItemCode><ItemType>1</ItemType><ItemName>ערמונים קלופים וקלוי</ItemName><ManufacturerName>וילי פוד</ManufacturerName><ManufactureCountry>סין</ManufactureCountry><ManufacturerItemDescription>משחת שיניים     ס 100מ"ל</ManufacturerItemDescription><SoldByWeight/><Quantity>105.00</Quantity><UnitOfMeasure>גרם     </UnitOfMeasure><QtyInPackage>לא ידוע</QtyInPackage><UnitOfMeasurePrice>0.0771</UnitOfMeasurePrice><AllowDiscount>1</AllowDiscount><ItemStatus>1</ItemStatus><ItemPrice>8.10</ItemPrice></item><item><PriceUpdateDate>2015-02-02 08:44:21</PriceUpdateDate><ItemCode>7290013472328</ItemCode><ItemType>1</ItemType><ItemName>מקרלים בשמן צמחי 120</ItemName><ManufacturerName>לא ממותג</ManufacturerName><ManufactureCountry>ישראל</ManufactureCountry><ManufacturerItemDescription>מקרלים בשמן צמחי 120</ManufacturerItemDescription><SoldByWeight/><Quantity>120.00</Quantity><UnitOfMeasure>גרם     </UnitOfMeasure><QtyInPackage>לא ידוע</QtyInPackage><UnitOfMeasurePrice>0.0500</UnitOfMeasurePrice><AllowDiscount>1</AllowDiscount><ItemStatus>1</ItemStatus><ItemPrice>6.00</ItemPrice></item><item><PriceUpdateDate>2015-11-17 14:06:40</PriceUpdateDate><ItemCode>7290013474155</ItemCode><ItemType>1</ItemType><ItemName>מאגדת דג דג 6*40 גרם</ItemName><ManufacturerName>בייגל בייגל</ManufacturerName><ManufactureCountry>ישראל</ManufactureCountry><ManufacturerItemDescription>מאגדת דג דג 6*40 גרם</ManufacturerItemDescription><SoldByWeight/><Quantity>240.00</Quantity><UnitOfMeasure>גרם     </UnitOfMeasure><QtyInPackage>לא ידוע</QtyInPackage><UnitOfMeasurePrice>0.0550</UnitOfMeasurePrice><AllowDiscount>1</AllowDiscount><ItemStatus>1</ItemStatus><ItemPrice>13.20</ItemPrice></item><item><PriceUpdateDate>2016-05-01 08:13:47</PriceUpdateDate><ItemCode>7290013474384</ItemCode><ItemType>1</ItemType><ItemName>בייגלה דקים דקים שמנ</ItemName><ManufacturerName>בייגל בייגל</ManufacturerName><ManufactureCountry>ישראל</ManufactureCountry><ManufacturerItemDescription>בייגלה דקים דקים שמנת בצל</ManufacturerItemDescription><SoldByWeight/><Quantity>300.00</Quantity><UnitOfMeasure>גרם     </UnitOfMeasure><QtyInPackage>לא ידוע</QtyInPackage><UnitOfMeasurePrice>0.0440</UnitOfMeasurePrice><AllowDiscount>1</AllowDiscount><ItemStatus>1</ItemStatus><ItemPrice>13.20</ItemPrice></item><item><PriceUpdateDate>2014-11-10 06:29:41</PriceUpdateDate><ItemCode>7290013474414</ItemCode><ItemType>1</ItemType><ItemName>בייגלה דקים דקים מלח</ItemName><ManufacturerName>בייגל בייגל</ManufacturerName><ManufactureCountry>ישראל</ManufactureCountry><ManufacturerItemDescription>בייגלה דקים דקים מלח ים 6</ManufacturerItemDescription><SoldByWeight/><Quantity>60.00</Quantity><UnitOfMeasure>גרם     </UnitOfMeasure><QtyInPackage>לא ידוע</QtyInPackage><UnitOfMeasurePrice>0.0633</UnitOfMeasurePrice><AllowDiscount>1</AllowDiscount><ItemStatus>1</ItemStatus><ItemPrice>3.80</ItemPrice></item><item><PriceUpdateDate>2016-08-10 08:23:48</PriceUpdateDate><ItemCode>7290013525253</ItemCode><ItemType>1</ItemType><ItemName>סלט טחינה מיוחדת 160</ItemName><ManufacturerName>סלטי שמיר</ManufacturerName><ManufactureCountry>ישראל</ManufactureCountry><ManufacturerItemDescription>טחינה מיוחדת 160</ManufacturerItemDescription><SoldByWeight/><Quantity>160.00</Quantity><UnitOfMeasure>גרם     </UnitOfMeasure><QtyInPackage>לא ידוע</QtyInPackage><UnitOfMeasurePrice>0.0306</UnitOfMeasurePrice><AllowDiscount>1</AllowDiscount><ItemStatus>1</ItemStatus><ItemPrice>4.90</ItemPrice></item><item><PriceUpdateDate>2016-08-10 08:23:48</PriceUpdateDate><ItemCode>7290013525260</ItemCode><ItemType>1</ItemType><ItemName>סלט חציל במיונז 160</ItemName><ManufacturerName>סלטי שמיר</ManufacturerName><ManufactureCountry>ישראל</ManufactureCountry><ManufacturerItemDescription>חציל במיונז 160 גר</ManufacturerItemDescription><SoldByWeight/><Quantity>160.00</Quantity><UnitOfMeasure>גרם     </UnitOfMeasure><QtyInPackage>לא ידוע</QtyInPackage><UnitOfMeasurePrice>0.0306</UnitOfMeasurePrice><AllowDiscount>1</AllowDiscount><ItemStatus>1</ItemStatus><ItemPrice>4.90</ItemPrice></item><item><PriceUpdateDate>2016-08-10 08:23:48</PriceUpdateDate><ItemCode>7290013525277</ItemCode><ItemType>1</ItemType><ItemName>סלט מטבוחה 160 גרם</ItemName><ManufacturerName>סלטי שמיר</ManufacturerName><ManufactureCountry>ישראל</ManufactureCountry><ManufacturerItemDescription>סלט מטבוחה 160 גרם</ManufacturerItemDescription><SoldByWeight/><Quantity>160.00</Quantity><UnitOfMeasure>גרם     </UnitOfMeasure><QtyInPackage>לא ידוע</QtyInPackage><UnitOfMeasurePrice>0.0306</UnitOfMeasurePrice><AllowDiscount>1</AllowDiscount><ItemStatus>1</ItemStatus><ItemPrice>4.90</ItemPrice></item><item><PriceUpdateDate>2015-11-18 13:59:51</PriceUpdateDate><ItemCode>7290013525543</ItemCode><ItemType>1</ItemType><ItemName>חומוס מזרחי 1 ק"ג</ItemName><ManufacturerName>סלטי שמיר</ManufacturerName><ManufactureCountry>ישראל</ManufactureCountry><ManufacturerItemDescription>חומוס מזרחי 1 ק"ג</ManufacturerItemDescription><SoldByWeight/><Quantity>1.00</Quantity><UnitOfMeasure>קג</UnitOfMeasure><QtyInPackage>לא ידוע</QtyInPackage><UnitOfMeasurePrice>13.2000</UnitOfMeasurePrice><AllowDiscount>1</AllowDiscount><ItemStatus>1</ItemStatus><ItemPrice>13.20</ItemPrice></item><item><PriceUpdateDate>2014-11-10 06:30:38</PriceUpdateDate><ItemCode>7290013525789</ItemCode><ItemType>1</ItemType><ItemName>אריסה מרוקאית 150 גר</ItemName><ManufacturerName>סלטי שמיר</ManufacturerName><ManufactureCountry>ישראל</ManufactureCountry><ManufacturerItemDescription>אריסה מרוקאית 150 גר</ManufacturerItemDescription><SoldByWeight/><Quantity>150.00</Quantity><UnitOfMeasure>גרם     </UnitOfMeasure><QtyInPackage>לא ידוע</QtyInPackage><UnitOfMeasurePrice>0.0600</UnitOfMeasurePrice><AllowDiscount>1</AllowDiscount><ItemStatus>1</ItemStatus><ItemPrice>9.00</ItemPrice></item><item><PriceUpdateDate>2015-10-14 09:36:21</PriceUpdateDate><ItemCode>7290013531377</ItemCode><ItemType>1</ItemType><ItemName>תורמוס יכין</ItemName><ManufacturerName>יכין</ManufacturerName><ManufactureCountry>לא ידוע</ManufactureCountry><ManufacturerItemDescription>תורמוס יכין</ManufacturerItemDescription><SoldByWeight/><Quantity>560.00</Quantity><UnitOfMeasure>גרם     </UnitOfMeasure><QtyInPackage>לא ידוע</QtyInPackage><UnitOfMeasurePrice>0.0130</UnitOfMeasurePrice><AllowDiscount>1</AllowDiscount><ItemStatus>1</ItemStatus><ItemPrice>7.30</ItemPrice></item><item><PriceUpdateDate>2016-01-12 10:02:04</PriceUpdateDate><ItemCode>7290013531759</ItemCode><ItemType>1</ItemType><ItemName>שעועית לבנה במים</ItemName><ManufacturerName>לא ממותג</ManufacturerName><ManufactureCountry>לא ידוע</ManufactureCountry><ManufacturerItemDescription>שעועית לבנה במים</ManufacturerItemDescription><SoldByWeight/><Quantity>550.00</Quantity><UnitOfMeasure>גרם     </UnitOfMeasure><QtyInPackage>לא ידוע</QtyInPackage><UnitOfMeasurePrice>0.0144</UnitOfMeasurePrice><AllowDiscount>1</AllowDiscount><ItemStatus>1</ItemStatus><ItemPrice>7.90</ItemPrice></item><item><PriceUpdateDate>2016-05-01 08:13:48</PriceUpdateDate><ItemCode>7290013535207</ItemCode><ItemType>1</ItemType><ItemName>נוזל כלים תפוח 1.5 ל</ItemName><ManufacturerName>"המותג"</ManufacturerName><ManufactureCountry>ישראל</ManufactureCountry><ManufacturerItemDescription>נוזל כלים תפוח 1.5 ל</ManufacturerItemDescription><SoldByWeight/><Quantity>1500.00</Quantity><UnitOfMeasure>מ"ל</UnitOfMeasure><QtyInPackage>לא ידוע</QtyInPackage><UnitOfMeasurePrice>0.0067</UnitOfMeasurePrice><AllowDiscount>1</AllowDiscount><ItemStatus>1</ItemStatus><ItemPrice>10.10</ItemPrice></item><item><PriceUpdateDate>2016-08-02 07:40:03</PriceUpdateDate><ItemCode>7290013535511</ItemCode><ItemType>1</ItemType><ItemName>מב ג'ל כביסה ירוק 3</ItemName><ManufacturerName>"המותג"</ManufacturerName><ManufactureCountry>ישראל</ManufactureCountry><ManufacturerItemDescription>מב ג'ל כביסה ירוק 3</ManufacturerItemDescription><SoldByWeight/><Quantity>3000.00</Quantity><UnitOfMeasure>מ"ל</UnitOfMeasure><QtyInPackage>לא ידוע</QtyInPackage><UnitOfMeasurePrice>0.0060</UnitOfMeasurePrice><AllowDiscount>1</AllowDiscount><ItemStatus>1</ItemStatus><ItemPrice>17.90</ItemPrice></item><item><PriceUpdateDate>2016-05-31 07:03:15</PriceUpdateDate><ItemCode>7290013584182</ItemCode><ItemType>1</ItemType><ItemName>ספרייט 1.5 ליטר 40%</ItemName><ManufacturerName>ספרייט</ManufacturerName><ManufactureCountry>ישראל</ManufactureCountry><ManufacturerItemDescription>ספרייט 1.5 ליטר</ManufacturerItemDescription><SoldByWeight/><Quantity>1500.00</Quantity><UnitOfMeasure>מ"ל</UnitOfMeasure><QtyInPackage>לא ידוע</QtyInPackage><UnitOfMeasurePrice>0.0045</UnitOfMeasurePrice><AllowDiscount>1</AllowDiscount><ItemStatus>1</ItemStatus><ItemPrice>6.80</ItemPrice></item><item><PriceUpdateDate>2016-05-31 07:03:15</PriceUpdateDate><ItemCode>7290013584816</ItemCode><ItemType>1</ItemType><ItemName>מיץ פריגת לימונענע 1</ItemName><ManufacturerName>פריגת</ManufacturerName><ManufactureCountry>ישראל</ManufactureCountry><ManufacturerItemDescription>מיץ פריגת לימונענע 1</ManufacturerItemDescription><SoldByWeight/><Quantity>1500.00</Quantity><UnitOfMeasure>מ"ל</UnitOfMeasure><QtyInPackage>לא ידוע</QtyInPackage><UnitOfMeasurePrice>0.0045</UnitOfMeasurePrice><AllowDiscount>0</AllowDiscount><ItemStatus>1</ItemStatus><ItemPrice>6.80</ItemPrice></item><item><PriceUpdateDate>2016-05-31 07:03:15</PriceUpdateDate><ItemCode>7290013585240</ItemCode><ItemType>1</ItemType><ItemName>ספרייט ZERO בקבוק 1.</ItemName><ManufacturerName>דיאט ספרייט</ManufacturerName><ManufactureCountry>ישראל</ManufactureCountry><ManufacturerItemDescription>ספרייט דיאט 1.5 ל</ManufacturerItemDescription><SoldByWeight/><Quantity>1500.00</Quantity><UnitOfMeasure>מ"ל</UnitOfMeasure><QtyInPackage>לא ידוע</QtyInPackage><UnitOfMeasurePrice>0.0045</UnitOfMeasurePrice><AllowDiscount>1</AllowDiscount><ItemStatus>1</ItemStatus><ItemPrice>6.80</ItemPrice></item><item><PriceUpdateDate>2016-03-01 06:14:12</PriceUpdateDate><ItemCode>7290013585325</ItemCode><ItemType>1</ItemType><ItemName>קוקה קולה שישייה 2 ל</ItemName><ManufacturerName>קוקה קולה</ManufacturerName><ManufactureCountry>ישראל</ManufactureCountry><ManufacturerItemDescription>קוקה קולה שישייה 2 ל</ManufacturerItemDescription><SoldByWeight/><Quantity>12000.00</Quantity><UnitOfMeasure>מ"ל</UnitOfMeasure><QtyInPackage>לא ידוע</QtyInPackage><UnitOfMeasurePrice>0.0038</UnitOfMeasurePrice><AllowDiscount>1</AllowDiscount><ItemStatus>1</ItemStatus><ItemPrice>45.90</ItemPrice></item><item><PriceUpdateDate>2016-05-31 07:03:15</PriceUpdateDate><ItemCode>7290013585356</ItemCode><ItemType>1</ItemType><ItemName>FUZA TEA פירות יער 1</ItemName><ManufacturerName>לא ממותג</ManufacturerName><ManufactureCountry>ישראל</ManufactureCountry><ManufacturerItemDescription>תה קר FUZE TEA מנגו אננס</ManufacturerItemDescription><SoldByWeight/><Quantity>1500.00</Quantity><UnitOfMeasure>מ"ל</UnitOfMeasure><QtyInPackage>לא ידוע</QtyInPackage><UnitOfMeasurePrice>0.0046</UnitOfMeasurePrice><AllowDiscount>1</AllowDiscount><ItemStatus>1</ItemStatus><ItemPrice>6.90</ItemPrice></item><item><PriceUpdateDate>2016-03-29 07:05:36</PriceUpdateDate><ItemCode>7290013585370</ItemCode><ItemType>1</ItemType><ItemName>קוקה קולה 2 ליטר</ItemName><ManufacturerName>קוקה קולה</ManufacturerName><ManufactureCountry>ישראל</ManufactureCountry><ManufacturerItemDescription>קוקה קולה 2 ליטר</ManufacturerItemDescription><SoldByWeight/><Quantity>2000.00</Quantity><UnitOfMeasure>מ"ל</UnitOfMeasure><QtyInPackage>לא ידוע</QtyInPackage><UnitOfMeasurePrice>0.0040</UnitOfMeasurePrice><AllowDiscount>1</AllowDiscount><ItemStatus>1</ItemStatus><ItemPrice>7.90</ItemPrice></item><item><PriceUpdateDate>2015-10-22 10:37:39</PriceUpdateDate><ItemCode>7290013585387</ItemCode><ItemType>1</ItemType><ItemName>קולה זירו 1 ליטר</ItemName><ManufacturerName>קוקה קולה</ManufacturerName><ManufactureCountry>ישראל</ManufactureCountry><ManufacturerItemDescription>קולה 1 ZERO ליטר</ManufacturerItemDescription><SoldByWeight/><Quantity>1000.00</Quantity><UnitOfMeasure>מ"ל</UnitOfMeasure><QtyInPackage>לא ידוע</QtyInPackage><UnitOfMeasurePrice>0.0061</UnitOfMeasurePrice><AllowDiscount>1</AllowDiscount><ItemStatus>1</ItemStatus><ItemPrice>6.10</ItemPrice></item><item><PriceUpdateDate>2015-10-11 20:34:49</PriceUpdateDate><ItemCode>7290013585394</ItemCode><ItemType>1</ItemType><ItemName>קוקה קולה 1 ליטר</ItemName><ManufacturerName>קוקה קולה</ManufacturerName><ManufactureCountry>ישראל</ManufactureCountry><ManufacturerItemDescription>קוקה קולה 1 ליטר</ManufacturerItemDescription><SoldByWeight/><Quantity>1000.00</Quantity><UnitOfMeasure>מ"ל</UnitOfMeasure><QtyInPackage>לא ידוע</QtyInPackage><UnitOfMeasurePrice>0.0061</UnitOfMeasurePrice><AllowDiscount>1</AllowDiscount><ItemStatus>1</ItemStatus><ItemPrice>6.10</ItemPrice></item><item><PriceUpdateDate>2015-08-17 21:03:13</PriceUpdateDate><ItemCode>7290013585554</ItemCode><ItemType>1</ItemType><ItemName>מב קינלי סודה שישיות</ItemName><ManufacturerName>לא ממותג</ManufacturerName><ManufactureCountry>לא ידוע</ManufactureCountry><ManufacturerItemDescription>מב קינלי סודה שישיות</ManufacturerItemDescription><SoldByWeight/><Quantity>9000.00</Quantity><UnitOfMeasure>מ"ל</UnitOfMeasure><QtyInPackage>לא ידוע</QtyInPackage><UnitOfMeasurePrice>0.0018</UnitOfMeasurePrice><AllowDiscount>1</AllowDiscount><ItemStatus>1</ItemStatus><ItemPrice>15.90</ItemPrice></item><item><PriceUpdateDate>2016-07-13 10:37:18</PriceUpdateDate><ItemCode>7290013586445</ItemCode><ItemType>1</ItemType><ItemName>פריגת בטעם קרטיב אננ</ItemName><ManufacturerName>פריגת</ManufacturerName><ManufactureCountry>ישראל</ManufactureCountry><ManufacturerItemDescription>פריגת בטעם קרטיב אננ</ManufacturerItemDescription><SoldByWeight/><Quantity>1500.00</Quantity><UnitOfMeasure>מ"ל</UnitOfMeasure><QtyInPackage>לא ידוע</QtyInPackage><UnitOfMeasurePrice>0.0045</UnitOfMeasurePrice><AllowDiscount>1</AllowDiscount><ItemStatus>1</ItemStatus><ItemPrice>6.80</ItemPrice></item><item><PriceUpdateDate>2016-07-13 10:37:18</PriceUpdateDate><ItemCode>7290013586452</ItemCode><ItemType>1</ItemType><ItemName>פריגת בטעם קרטיב לימ</ItemName><ManufacturerName>פריגת</ManufacturerName><ManufactureCountry>ישראל</ManufactureCountry><ManufacturerItemDescription>פריגת בטעם קרטיב לימ</ManufacturerItemDescription><SoldByWeight/><Quantity>1500.00</Quantity><UnitOfMeasure>מ"ל</UnitOfMeasure><QtyInPackage>לא ידוע</QtyInPackage><UnitOfMeasurePrice>0.0045</UnitOfMeasurePrice><AllowDiscount>1</AllowDiscount><ItemStatus>1</ItemStatus><ItemPrice>6.80</ItemPrice></item><item><PriceUpdateDate>2016-07-13 10:37:18</PriceUpdateDate><ItemCode>7290013586469</ItemCode><ItemType>1</ItemType><ItemName>פריגת בטעם קרטיב משמ</ItemName><ManufacturerName>פריגת</ManufacturerName><ManufactureCountry>ישראל</ManufactureCountry><ManufacturerItemDescription>פריגת בטעם קרטיב משמ</ManufacturerItemDescription><SoldByWeight/><Quantity>1500.00</Quantity><UnitOfMeasure>מ"ל</UnitOfMeasure><QtyInPackage>לא ידוע</QtyInPackage><UnitOfMeasurePrice>0.0045</UnitOfMeasurePrice><AllowDiscount>1</AllowDiscount><ItemStatus>1</ItemStatus><ItemPrice>6.80</ItemPrice></item><item><PriceUpdateDate>2016-06-13 09:58:32</PriceUpdateDate><ItemCode>7290013608017</ItemCode><ItemType>1</ItemType><ItemName>פרימור סחוט פירות הד</ItemName><ManufacturerName>פרימור</ManufacturerName><ManufactureCountry>ישראל</ManufactureCountry><ManufacturerItemDescription>פרימור סחוט פירות הד</ManufacturerItemDescription><SoldByWeight/><Quantity>2000.00</Quantity><UnitOfMeasure>מ"ל</UnitOfMeasure><QtyInPackage>לא ידוע</QtyInPackage><UnitOfMeasurePrice>0.0124</UnitOfMeasurePrice><AllowDiscount>1</AllowDiscount><ItemStatus>1</ItemStatus><ItemPrice>24.90</ItemPrice></item><item><PriceUpdateDate>2016-06-21 13:31:35</PriceUpdateDate><ItemCode>7290013675378</ItemCode><ItemType>1</ItemType><ItemName>מב שניצל לבבות 700 ג</ItemName><ManufacturerName>מאמא עוף קפוא</ManufacturerName><ManufactureCountry>ישראל</ManufactureCountry><ManufacturerItemDescription>מב שניצל לבבות 700 ג</ManufacturerItemDescription><SoldByWeight/><Quantity>700.00</Quantity><UnitOfMeasure>גרם     </UnitOfMeasure><QtyInPackage>לא ידוע</QtyInPackage><UnitOfMeasurePrice>0.0427</UnitOfMeasurePrice><AllowDiscount>1</AllowDiscount><ItemStatus>1</ItemStatus><ItemPrice>29.90</ItemPrice></item><item><PriceUpdateDate>2015-10-22 10:37:40</PriceUpdateDate><ItemCode>7290013677273</ItemCode><ItemType>1</ItemType><ItemName>גריל דג 80 גרם בשקית</ItemName><ManufacturerName>מיה</ManufacturerName><ManufactureCountry>ישראל</ManufactureCountry><ManufacturerItemDescription>גריל דג 80 גרם בשקית</ManufacturerItemDescription><SoldByWeight/><Quantity>80.00</Quantity><UnitOfMeasure>גרם     </UnitOfMeasure><QtyInPackage>לא ידוע</QtyInPackage><UnitOfMeasurePrice>0.0688</UnitOfMeasurePrice><AllowDiscount>1</AllowDiscount><ItemStatus>1</ItemStatus><ItemPrice>5.50</ItemPrice></item><item><PriceUpdateDate>2016-05-01 08:13:48</PriceUpdateDate><ItemCode>7290013702005</ItemCode><ItemType>1</ItemType><ItemName>שוופס ווטר פירות יער</ItemName><ManufacturerName>שוופס וואטר</ManufacturerName><ManufactureCountry>ישראל</ManufactureCountry><ManufacturerItemDescription>שוופס ווטר פירות יער</ManufacturerItemDescription><SoldByWeight/><Quantity>1500.00</Quantity><UnitOfMeasure>גרם     </UnitOfMeasure><QtyInPackage>לא ידוע</QtyInPackage><UnitOfMeasurePrice>0.0051</UnitOfMeasurePrice><AllowDiscount>1</AllowDiscount><ItemStatus>1</ItemStatus><ItemPrice>7.70</ItemPrice></item><item><PriceUpdateDate>2016-05-01 08:13:48</PriceUpdateDate><ItemCode>7290013702029</ItemCode><ItemType>1</ItemType><ItemName>שוופס ווטר אפרסק 1.5</ItemName><ManufacturerName>שוופס וואטר</ManufacturerName><ManufactureCountry>ישראל</ManufactureCountry><ManufacturerItemDescription>שוופס ווטר אפרסק 1.5</ManufacturerItemDescription><SoldByWeight/><Quantity>1500.00</Quantity><UnitOfMeasure>גרם     </UnitOfMeasure><QtyInPackage>לא ידוע</QtyInPackage><UnitOfMeasurePrice>0.0051</UnitOfMeasurePrice><AllowDiscount>1</AllowDiscount><ItemStatus>1</ItemStatus><ItemPrice>7.70</ItemPrice></item><item><PriceUpdateDate>2016-05-01 08:13:48</PriceUpdateDate><ItemCode>7290013702043</ItemCode><ItemType>1</ItemType><ItemName>שוופס ווטר ענבים 1.5</ItemName><ManufacturerName>שוופס וואטר</ManufacturerName><ManufactureCountry>ישראל</ManufactureCountry><ManufacturerItemDescription>שוופס ווטר ענבים 1.5</ManufacturerItemDescription><SoldByWeight/><Quantity>1500.00</Quantity><UnitOfMeasure>גרם     </UnitOfMeasure><QtyInPackage>לא ידוע</QtyInPackage><UnitOfMeasurePrice>0.0051</UnitOfMeasurePrice><AllowDiscount>1</AllowDiscount><ItemStatus>1</ItemStatus><ItemPrice>7.70</ItemPrice></item><item><PriceUpdateDate>2016-05-31 06:56:36</PriceUpdateDate><ItemCode>7290013702463</ItemCode><ItemType>1</ItemType><ItemName>שוופס מוגז לימונייד</ItemName><ManufacturerName>שוופס</ManufacturerName><ManufactureCountry>ישראל</ManufactureCountry><ManufacturerItemDescription>שוופס מוגז למונייד 1.5 לי</ManufacturerItemDescription><SoldByWeight/><Quantity>1500.00</Quantity><UnitOfMeasure>מ"ל</UnitOfMeasure><QtyInPackage>לא ידוע</QtyInPackage><UnitOfMeasurePrice>0.0053</UnitOfMeasurePrice><AllowDiscount>1</AllowDiscount><ItemStatus>1</ItemStatus><ItemPrice>7.90</ItemPrice></item><item><PriceUpdateDate>2016-05-31 06:56:36</PriceUpdateDate><ItemCode>7290013702470</ItemCode><ItemType>1</ItemType><ItemName>שוופס מוגז לימונדה ו</ItemName><ManufacturerName>שוופס</ManufacturerName><ManufactureCountry>ישראל</ManufactureCountry><ManufacturerItemDescription>שוופס מוגז לימונדה ורודה</ManufacturerItemDescription><SoldByWeight/><Quantity>1500.00</Quantity><UnitOfMeasure>מ"ל</UnitOfMeasure><QtyInPackage>לא ידוע</QtyInPackage><UnitOfMeasurePrice>0.0053</UnitOfMeasurePrice><AllowDiscount>1</AllowDiscount><ItemStatus>1</ItemStatus><ItemPrice>7.90</ItemPrice></item><item><PriceUpdateDate>2016-05-31 06:56:36</PriceUpdateDate><ItemCode>7290013702555</ItemCode><ItemType>1</ItemType><ItemName>שוופס מוגז עדין אננס</ItemName><ManufacturerName>שוופס</ManufacturerName><ManufactureCountry>ישראל</ManufactureCountry><ManufacturerItemDescription>שוופס מוגז עדין אננס</ManufacturerItemDescription><SoldByWeight/><Quantity>1500.00</Quantity><UnitOfMeasure>מ"ל</UnitOfMeasure><QtyInPackage>לא ידוע</QtyInPackage><UnitOfMeasurePrice>0.0053</UnitOfMeasurePrice><AllowDiscount>1</AllowDiscount><ItemStatus>1</ItemStatus><ItemPrice>7.90</ItemPrice></item><item><PriceUpdateDate>2014-11-10 06:30:03</PriceUpdateDate><ItemCode>7290013702883</ItemCode><ItemType>1</ItemType><ItemName>שוופס פינק למונייד 0</ItemName><ManufacturerName>שוופס</ManufacturerName><ManufactureCountry>ישראל</ManufactureCountry><ManufacturerItemDescription>שוופס פינק למונייד 0</ManufacturerItemDescription><SoldByWeight/><Quantity>500.00</Quantity><UnitOfMeasure>מ"ל</UnitOfMeasure><QtyInPackage>לא ידוע</QtyInPackage><UnitOfMeasurePrice>0.0092</UnitOfMeasurePrice><AllowDiscount>1</AllowDiscount><ItemStatus>1</ItemStatus><ItemPrice>4.60</ItemPrice></item><item><PriceUpdateDate>2016-05-31 06:56:36</PriceUpdateDate><ItemCode>7290013702999</ItemCode><ItemType>1</ItemType><ItemName>שוופס פרוטס גוארנה 1</ItemName><ManufacturerName>שוופס</ManufacturerName><ManufactureCountry>ישראל</ManufactureCountry><ManufacturerItemDescription>שוופס פרוטס גוארנה 1</ManufacturerItemDescription><SoldByWeight/><Quantity>1500.00</Quantity><UnitOfMeasure>מ"ל</UnitOfMeasure><QtyInPackage>לא ידוע</QtyInPackage><UnitOfMeasurePrice>0.0053</UnitOfMeasurePrice><AllowDiscount>1</AllowDiscount><ItemStatus>1</ItemStatus><ItemPrice>7.90</ItemPrice></item><item><PriceUpdateDate>2016-08-10 08:23:48</PriceUpdateDate><ItemCode>7290013711649</ItemCode><ItemType>1</ItemType><ItemName>גרעיני תירס מתוק 550</ItemName><ManufacturerName>"המותג"</ManufacturerName><ManufactureCountry>ישראל</ManufactureCountry><ManufacturerItemDescription>גרעיני תירס מתוק 550</ManufacturerItemDescription><SoldByWeight/><Quantity>550.00</Quantity><UnitOfMeasure>גרם     </UnitOfMeasure><QtyInPackage>לא ידוע</QtyInPackage><UnitOfMeasurePrice>0.0102</UnitOfMeasurePrice><AllowDiscount>1</AllowDiscount><ItemStatus>1</ItemStatus><ItemPrice>5.60</ItemPrice></item><item><PriceUpdateDate>2015-10-01 06:17:34</PriceUpdateDate><ItemCode>7290013711656</ItemCode><ItemType>1</ItemType><ItemName>גרעיני תירס מתוק 340</ItemName><ManufacturerName>"המותג"</ManufacturerName><ManufactureCountry>ישראל</ManufactureCountry><ManufacturerItemDescription>גרעיני תירס מתוק 340</ManufacturerItemDescription><SoldByWeight/><Quantity>340.00</Quantity><UnitOfMeasure>גרם     </UnitOfMeasure><QtyInPackage>לא ידוע</QtyInPackage><UnitOfMeasurePrice>0.0153</UnitOfMeasurePrice><AllowDiscount>1</AllowDiscount><ItemStatus>1</ItemStatus><ItemPrice>5.20</ItemPrice></item><item><PriceUpdateDate>2016-08-10 08:23:18</PriceUpdateDate><ItemCode>7290013711670</ItemCode><ItemType>1</ItemType><ItemName>אפונת גינה 550 גרם ה</ItemName><ManufacturerName>"המותג"</ManufacturerName><ManufactureCountry>ישראל</ManufactureCountry><ManufacturerItemDescription>אפונת גינה 550 גרם ה</ManufacturerItemDescription><SoldByWeight/><Quantity>550.00</Quantity><UnitOfMeasure>גרם     </UnitOfMeasure><QtyInPackage>לא ידוע</QtyInPackage><UnitOfMeasurePrice>0.0107</UnitOfMeasurePrice><AllowDiscount>1</AllowDiscount><ItemStatus>1</ItemStatus><ItemPrice>5.90</ItemPrice></item><item><PriceUpdateDate>2016-05-17 10:31:25</PriceUpdateDate><ItemCode>7290013711687</ItemCode><ItemType>1</ItemType><ItemName>אפונת גינה וגזר 550</ItemName><ManufacturerName>"המותג"</ManufacturerName><ManufactureCountry>ישראל</ManufactureCountry><ManufacturerItemDescription>אפונת גינה וגזר 550</ManufacturerItemDescription><SoldByWeight/><Quantity>550.00</Quantity><UnitOfMeasure>גרם     </UnitOfMeasure><QtyInPackage>לא ידוע</QtyInPackage><UnitOfMeasurePrice>0.0107</UnitOfMeasurePrice><AllowDiscount>1</AllowDiscount><ItemStatus>1</ItemStatus><ItemPrice>5.90</ItemPrice></item><item><PriceUpdateDate>2016-08-10 08:23:18</PriceUpdateDate><ItemCode>7290013711694</ItemCode><ItemType>1</ItemType><ItemName>שעועית לבנה אפויה בר</ItemName><ManufacturerName>"המותג"</ManufacturerName><ManufactureCountry>ישראל</ManufactureCountry><ManufacturerItemDescription>שעועית לבנה אפויה בר</ManufacturerItemDescription><SoldByWeight/><Quantity>550.00</Quantity><UnitOfMeasure>גרם     </UnitOfMeasure><QtyInPackage>לא ידוע</QtyInPackage><UnitOfMeasurePrice>0.0107</UnitOfMeasurePrice><AllowDiscount>1</AllowDiscount><ItemStatus>1</ItemStatus><ItemPrice>5.90</ItemPrice></item><item><PriceUpdateDate>2015-11-18 13:59:52</PriceUpdateDate><ItemCode>7290013711717</ItemCode><ItemType>1</ItemType><ItemName>פול מיצרי מוכן לאכיל</ItemName><ManufacturerName>"המותג"</ManufacturerName><ManufactureCountry>ישראל</ManufactureCountry><ManufacturerItemDescription>פול מיצרי מוכן לאכיל</ManufacturerItemDescription><SoldByWeight/><Quantity>560.00</Quantity><UnitOfMeasure>גרם     </UnitOfMeasure><QtyInPackage>לא ידוע</QtyInPackage><UnitOfMeasurePrice>0.0096</UnitOfMeasurePrice><AllowDiscount>1</AllowDiscount><ItemStatus>1</ItemStatus><ItemPrice>5.40</ItemPrice></item><item><PriceUpdateDate>2016-02-22 09:17:29</PriceUpdateDate><ItemCode>7290013847102</ItemCode><ItemType>1</ItemType><ItemName>טונה סטארקיסט בשמן 8</ItemName><ManufacturerName>סטארקיסט</ManufacturerName><ManufactureCountry>ישראל</ManufactureCountry><ManufacturerItemDescription>טונה סטארקיסט בשמן 8</ManufacturerItemDescription><SoldByWeight/><Quantity>240.00</Quantity><UnitOfMeasure>גרם     </UnitOfMeasure><QtyInPackage>לא ידוע</QtyInPackage><UnitOfMeasurePrice>0.0621</UnitOfMeasurePrice><AllowDiscount>1</AllowDiscount><ItemStatus>1</ItemStatus><ItemPrice>14.90</ItemPrice></item><item><PriceUpdateDate>2016-06-15 08:33:18</PriceUpdateDate><ItemCode>7290013847652</ItemCode><ItemType>1</ItemType><ItemName>סטארקיסט לה סנדביץ ע</ItemName><ManufacturerName>סטארקיסט</ManufacturerName><ManufactureCountry>לא ידוע</ManufactureCountry><ManufacturerItemDescription>סטארקיסט לה סנדביץ ע</ManufacturerItemDescription><SoldByWeight/><Quantity>200.00</Quantity><UnitOfMeasure>גרם     </UnitOfMeasure><QtyInPackage>לא ידוע</QtyInPackage><UnitOfMeasurePrice>0.0495</UnitOfMeasurePrice><AllowDiscount>1</AllowDiscount><ItemStatus>1</ItemStatus><ItemPrice>9.90</ItemPrice></item><item><PriceUpdateDate>2015-11-18 13:59:53</PriceUpdateDate><ItemCode>7290013848819</ItemCode><ItemType>1</ItemType><ItemName>סבון מוצק כיף חורש ט</ItemName><ManufacturerName>כיף</ManufacturerName><ManufactureCountry>ישראל</ManufactureCountry><ManufacturerItemDescription>סבון מוצק כיף חורש ט</ManufacturerItemDescription><SoldByWeight/><Quantity>400.00</Quantity><UnitOfMeasure>גרם     </UnitOfMeasure><QtyInPackage>לא ידוע</QtyInPackage><UnitOfMeasurePrice>0.0385</UnitOfMeasurePrice><AllowDiscount>1</AllowDiscount><ItemStatus>1</ItemStatus><ItemPrice>15.40</ItemPrice></item><item><PriceUpdateDate>2016-08-02 07:40:07</PriceUpdateDate><ItemCode>7290013848970</ItemCode><ItemType>1</ItemType><ItemName>מב דאו' קרמה ספריי ק</ItemName><ManufacturerName>קרמה</ManufacturerName><ManufactureCountry>ישראל</ManufactureCountry><ManufacturerItemDescription>מב דאו' קרמה ספריי ק</ManufacturerItemDescription><SoldByWeight/><Quantity>150.00</Quantity><UnitOfMeasure>מ"ל</UnitOfMeasure><QtyInPackage>לא ידוע</QtyInPackage><UnitOfMeasurePrice>0.0927</UnitOfMeasurePrice><AllowDiscount>1</AllowDiscount><ItemStatus>1</ItemStatus><ItemPrice>13.90</ItemPrice></item><item><PriceUpdateDate>2016-06-28 09:29:31</PriceUpdateDate><ItemCode>7290013867292</ItemCode><ItemType>1</ItemType><ItemName>ממרח אגוזי לוז 750 ג</ItemName><ManufacturerName>"המותג"</ManufacturerName><ManufactureCountry>לא ידוע</ManufactureCountry><ManufacturerItemDescription>ממרח אגוזי לוז 750 ג</ManufacturerItemDescription><SoldByWeight/><Quantity>750.00</Quantity><UnitOfMeasure>גרם     </UnitOfMeasure><QtyInPackage>לא ידוע</QtyInPackage><UnitOfMeasurePrice>0.0239</UnitOfMeasurePrice><AllowDiscount>1</AllowDiscount><ItemStatus>1</ItemStatus><ItemPrice>17.90</ItemPrice></item><item><PriceUpdateDate>2016-05-31 06:56:38</PriceUpdateDate><ItemCode>7290013883452</ItemCode><ItemType>1</ItemType><ItemName>מב אסטוניש קרם אקונו</ItemName><ManufacturerName>אסטוניש</ManufacturerName><ManufactureCountry>ישראל</ManufactureCountry><ManufacturerItemDescription>מב אסטוניש קרם אקונו</ManufacturerItemDescription><SoldByWeight/><Quantity>550.00</Quantity><UnitOfMeasure>מ"ל</UnitOfMeasure><QtyInPackage>לא ידוע</QtyInPackage><UnitOfMeasurePrice>0.0271</UnitOfMeasurePrice><AllowDiscount>1</AllowDiscount><ItemStatus>1</ItemStatus><ItemPrice>14.90</ItemPrice></item><item><PriceUpdateDate>2016-05-31 06:56:38</PriceUpdateDate><ItemCode>7290013883490</ItemCode><ItemType>1</ItemType><ItemName>קוביות דלק הפי מוצק</ItemName><ManufacturerName>הפי</ManufacturerName><ManufactureCountry>ישראל</ManufactureCountry><ManufacturerItemDescription>קוביות דלק הפי מוצק</ManufacturerItemDescription><SoldByWeight/><Quantity>0.00</Quantity><UnitOfMeasure>יח'</UnitOfMeasure><QtyInPackage>לא ידוע</QtyInPackage><UnitOfMeasurePrice>0.0000</UnitOfMeasurePrice><AllowDiscount>1</AllowDiscount><ItemStatus>1</ItemStatus><ItemPrice>11.10</ItemPrice></item><item><PriceUpdateDate>2016-08-02 07:40:08</PriceUpdateDate><ItemCode>7290013906052</ItemCode><ItemType>1</ItemType><ItemName>מב נקניקיות פרגיות 3</ItemName><ManufacturerName>טירת צבי</ManufacturerName><ManufactureCountry>ישראל</ManufactureCountry><ManufacturerItemDescription>מב נקניקיות פרגיות 3</ManufacturerItemDescription><SoldByWeight/><Quantity>300.00</Quantity><UnitOfMeasure>גרם     </UnitOfMeasure><QtyInPackage>לא ידוע</QtyInPackage><UnitOfMeasurePrice>0.0363</UnitOfMeasurePrice><AllowDiscount>1</AllowDiscount><ItemStatus>1</ItemStatus><ItemPrice>10.90</ItemPrice></item><item><PriceUpdateDate>2016-08-02 07:40:08</PriceUpdateDate><ItemCode>7290013906205</ItemCode><ItemType>1</ItemType><ItemName>מב פסטרמה שום וצ'ילי</ItemName><ManufacturerName>טירת צבי</ManufacturerName><ManufactureCountry>ישראל</ManufactureCountry><ManufacturerItemDescription>מב פסטרמה שום וצ'ילי</ManufacturerItemDescription><SoldByWeight/><Quantity>400.00</Quantity><UnitOfMeasure>גרם     </UnitOfMeasure><QtyInPackage>לא ידוע</QtyInPackage><UnitOfMeasurePrice>0.0672</UnitOfMeasurePrice><AllowDiscount>1</AllowDiscount><ItemStatus>1</ItemStatus><ItemPrice>26.90</ItemPrice></item><item><PriceUpdateDate>2016-08-02 07:35:44</PriceUpdateDate><ItemCode>7290013906212</ItemCode><ItemType>1</ItemType><ItemName>מב נקניקיות וינר 1 ק</ItemName><ManufacturerName>טירת צבי</ManufacturerName><ManufactureCountry>ישראל</ManufactureCountry><ManufacturerItemDescription>מב נקניקיות וינר 1 ק</ManufacturerItemDescription><SoldByWeight/><Quantity>1000.00</Quantity><UnitOfMeasure>גרם     </UnitOfMeasure><QtyInPackage>לא ידוע</QtyInPackage><UnitOfMeasurePrice>0.0280</UnitOfMeasurePrice><AllowDiscount>1</AllowDiscount><ItemStatus>1</ItemStatus><ItemPrice>28.00</ItemPrice></item><item><PriceUpdateDate>2015-10-22 10:37:40</PriceUpdateDate><ItemCode>7290013906229</ItemCode><ItemType>1</ItemType><ItemName>נקניק הודו 750 גרם ט</ItemName><ManufacturerName>טירת צבי</ManufacturerName><ManufactureCountry>לא ידוע</ManufactureCountry><ManufacturerItemDescription>נקניק הודו 750 גרם ט</ManufacturerItemDescription><SoldByWeight/><Quantity>750.00</Quantity><UnitOfMeasure>גרם     </UnitOfMeasure><QtyInPackage>לא ידוע</QtyInPackage><UnitOfMeasurePrice>0.0327</UnitOfMeasurePrice><AllowDiscount>1</AllowDiscount><ItemStatus>1</ItemStatus><ItemPrice>24.50</ItemPrice></item><item><PriceUpdateDate>2016-08-02 07:40:09</PriceUpdateDate><ItemCode>7290013906786</ItemCode><ItemType>1</ItemType><ItemName>מב נקניקיות וינר  70</ItemName><ManufacturerName>טירת צבי</ManufacturerName><ManufactureCountry>ישראל</ManufactureCountry><ManufacturerItemDescription>נקניקיות קרנץ הודו 500 גר</ManufacturerItemDescription><SoldByWeight/><Quantity>700.00</Quantity><UnitOfMeasure>גרם     </UnitOfMeasure><QtyInPackage>לא ידוע</QtyInPackage><UnitOfMeasurePrice>0.0257</UnitOfMeasurePrice><AllowDiscount>1</AllowDiscount><ItemStatus>1</ItemStatus><ItemPrice>18.00</ItemPrice></item><item><PriceUpdateDate>2016-08-10 08:23:19</PriceUpdateDate><ItemCode>7290013946232</ItemCode><ItemType>1</ItemType><ItemName>שמפו רצפות בריח פרחי</ItemName><ManufacturerName>"המותג"</ManufacturerName><ManufactureCountry>ישראל</ManufactureCountry><ManufacturerItemDescription>שמפו רצפות בריח פרחי</ManufacturerItemDescription><SoldByWeight/><Quantity>4000.00</Quantity><UnitOfMeasure>מ"ל</UnitOfMeasure><QtyInPackage>לא ידוע</QtyInPackage><UnitOfMeasurePrice>0.0030</UnitOfMeasurePrice><AllowDiscount>1</AllowDiscount><ItemStatus>1</ItemStatus><ItemPrice>11.90</ItemPrice></item><item><PriceUpdateDate>2015-08-11 12:56:14</PriceUpdateDate><ItemCode>729001400264</ItemCode><ItemType>1</ItemType><ItemName>תה ירוק לימונית לואי</ItemName><ManufacturerName>ויסוצקי</ManufacturerName><ManufactureCountry>לא ידוע</ManufactureCountry><ManufacturerItemDescription>תה ירוק לימונית לואי</ManufacturerItemDescription><SoldByWeight/><Quantity>23.00</Quantity><UnitOfMeasure>גרם     </UnitOfMeasure><QtyInPackage>לא ידוע</QtyInPackage><UnitOfMeasurePrice>0.6913</UnitOfMeasurePrice><AllowDiscount>1</AllowDiscount><ItemStatus>1</ItemStatus><ItemPrice>15.90</ItemPrice></item><item><PriceUpdateDate>2016-08-02 07:35:45</PriceUpdateDate><ItemCode>7290014083806</ItemCode><ItemType>1</ItemType><ItemName>עוגיות בטעם חמאה 350</ItemName><ManufacturerName>לא ממותג</ManufacturerName><ManufactureCountry>ישראל</ManufactureCountry><ManufacturerItemDescription>עוגיות בטעם חמאה 350</ManufacturerItemDescription><SoldByWeight/><Quantity>350.00</Quantity><UnitOfMeasure>גרם     </UnitOfMeasure><QtyInPackage>לא ידוע</QtyInPackage><UnitOfMeasurePrice>0.0397</UnitOfMeasurePrice><AllowDiscount>1</AllowDiscount><ItemStatus>1</ItemStatus><ItemPrice>13.90</ItemPrice></item><item><PriceUpdateDate>2015-11-17 14:09:07</PriceUpdateDate><ItemCode>7290014094789</ItemCode><ItemType>1</ItemType><ItemName>גרעין חמניה קלוי 170</ItemName><ManufacturerName>"המותג"</ManufacturerName><ManufactureCountry>לא ידוע</ManufactureCountry><ManufacturerItemDescription>גרעין חמניה קלוי 170</ManufacturerItemDescription><SoldByWeight/><Quantity>170.00</Quantity><UnitOfMeasure>גרם     </UnitOfMeasure><QtyInPackage>לא ידוע</QtyInPackage><UnitOfMeasurePrice>0.0229</UnitOfMeasurePrice><AllowDiscount>1</AllowDiscount><ItemStatus>1</ItemStatus><ItemPrice>3.90</ItemPrice></item><item><PriceUpdateDate>2015-08-17 21:01:02</PriceUpdateDate><ItemCode>7290014095878</ItemCode><ItemType>1</ItemType><ItemName>שיבולת שועל דקה להכנ</ItemName><ManufacturerName>"המותג"</ManufacturerName><ManufactureCountry>לא ידוע</ManufactureCountry><ManufacturerItemDescription>שיבולת שועל דקה להכנ</ManufacturerItemDescription><SoldByWeight/><Quantity>500.00</Quantity><UnitOfMeasure>גרם     </UnitOfMeasure><QtyInPackage>לא ידוע</QtyInPackage><UnitOfMeasurePrice>0.0138</UnitOfMeasurePrice><AllowDiscount>1</AllowDiscount><ItemStatus>1</ItemStatus><ItemPrice>6.90</ItemPrice></item><item><PriceUpdateDate>2015-08-17 21:01:02</PriceUpdateDate><ItemCode>7290014095885</ItemCode><ItemType>1</ItemType><ItemName>שיבולת שועל עבה להכנ</ItemName><ManufacturerName>"המותג"</ManufacturerName><ManufactureCountry>לא ידוע</ManufactureCountry><ManufacturerItemDescription>שיבולת שועל עבה להכנ</ManufacturerItemDescription><SoldByWeight/><Quantity>500.00</Quantity><UnitOfMeasure>גרם     </UnitOfMeasure><QtyInPackage>לא ידוע</QtyInPackage><UnitOfMeasurePrice>0.0138</UnitOfMeasurePrice><AllowDiscount>1</AllowDiscount><ItemStatus>1</ItemStatus><ItemPrice>6.90</ItemPrice></item><item><PriceUpdateDate>2016-05-31 06:56:44</PriceUpdateDate><ItemCode>7290014126275</ItemCode><ItemType>1</ItemType><ItemName>מיסטר מאסל רצפות פרח</ItemName><ManufacturerName>מיסטר מאסל</ManufacturerName><ManufactureCountry>ישראל</ManufactureCountry><ManufacturerItemDescription>מיסטר מאסל רצפות פרח</ManufacturerItemDescription><SoldByWeight/><Quantity>3000.00</Quantity><UnitOfMeasure>מ"ל</UnitOfMeasure><QtyInPackage>לא ידוע</QtyInPackage><UnitOfMeasurePrice>0.0120</UnitOfMeasurePrice><AllowDiscount>1</AllowDiscount><ItemStatus>1</ItemStatus><ItemPrice>36.00</ItemPrice></item><item><PriceUpdateDate>2016-05-31 06:56:44</PriceUpdateDate><ItemCode>7290014126282</ItemCode><ItemType>1</ItemType><ItemName>מיסטר מאסל רצפות לבנ</ItemName><ManufacturerName>מיסטר מאסל</ManufacturerName><ManufactureCountry>ישראל</ManufactureCountry><ManufacturerItemDescription>מר מאסל לרצפות  ר2.5ל</ManufacturerItemDescription><SoldByWeight/><Quantity>3000.00</Quantity><UnitOfMeasure>מ"ל</UnitOfMeasure><QtyInPackage>לא ידוע</QtyInPackage><UnitOfMeasurePrice>0.0120</UnitOfMeasurePrice><AllowDiscount>1</AllowDiscount><ItemStatus>1</ItemStatus><ItemPrice>36.00</ItemPrice></item><item><PriceUpdateDate>2016-03-29 07:05:44</PriceUpdateDate><ItemCode>7290014126701</ItemCode><ItemType>1</ItemType><ItemName>מב עוגיות מואי מריר</ItemName><ManufacturerName>מואי</ManufacturerName><ManufactureCountry>פולין</ManufactureCountry><ManufacturerItemDescription>חטיפי דגנים 6 יחנה ותמר</ManufacturerItemDescription><SoldByWeight/><Quantity>180.00</Quantity><UnitOfMeasure>גרם     </UnitOfMeasure><QtyInPackage>לא ידוע</QtyInPackage><UnitOfMeasurePrice>0.0717</UnitOfMeasurePrice><AllowDiscount>1</AllowDiscount><ItemStatus>1</ItemStatus><ItemPrice>12.90</ItemPrice></item><item><PriceUpdateDate>2016-03-01 06:14:19</PriceUpdateDate><ItemCode>7290014126770</ItemCode><ItemType>1</ItemType><ItemName>מואי-שוקולד מריר מעו</ItemName><ManufacturerName>מואי</ManufacturerName><ManufactureCountry>ישראל</ManufactureCountry><ManufacturerItemDescription>שוקולד מריר מעולה 100 85%</ManufacturerItemDescription><SoldByWeight/><Quantity>100.00</Quantity><UnitOfMeasure>גרם     </UnitOfMeasure><QtyInPackage>לא ידוע</QtyInPackage><UnitOfMeasurePrice>0.1230</UnitOfMeasurePrice><AllowDiscount>1</AllowDiscount><ItemStatus>1</ItemStatus><ItemPrice>12.30</ItemPrice></item><item><PriceUpdateDate>2016-03-01 06:14:20</PriceUpdateDate><ItemCode>7290014126787</ItemCode><ItemType>1</ItemType><ItemName>מואי-שוקולד מריר מעו</ItemName><ManufacturerName>מואי</ManufacturerName><ManufactureCountry>ישראל</ManufactureCountry><ManufacturerItemDescription>שוק.מריר מעולה 72% 100ג</ManufacturerItemDescription><SoldByWeight/><Quantity>100.00</Quantity><UnitOfMeasure>גרם     </UnitOfMeasure><QtyInPackage>לא ידוע</QtyInPackage><UnitOfMeasurePrice>0.1230</UnitOfMeasurePrice><AllowDiscount>1</AllowDiscount><ItemStatus>1</ItemStatus><ItemPrice>12.30</ItemPrice></item><item><PriceUpdateDate>2014-11-10 06:31:21</PriceUpdateDate><ItemCode>7290014133570</ItemCode><ItemType>1</ItemType><ItemName>נתחי שווארמה עם תפו'</ItemName><ManufacturerName>לא ממותג</ManufacturerName><ManufactureCountry>ישראל</ManufactureCountry><ManufacturerItemDescription>נתחי שווארמה עם תפו'</ManufacturerItemDescription><SoldByWeight/><Quantity>300.00</Quantity><UnitOfMeasure>גרם     </UnitOfMeasure><QtyInPackage>לא ידוע</QtyInPackage><UnitOfMeasurePrice>0.0663</UnitOfMeasurePrice><AllowDiscount>1</AllowDiscount><ItemStatus>1</ItemStatus><ItemPrice>19.90</ItemPrice></item><item><PriceUpdateDate>2016-08-02 07:40:11</PriceUpdateDate><ItemCode>7290014134751</ItemCode><ItemType>1</ItemType><ItemName>מב תחליב רחצה קליאו</ItemName><ManufacturerName>קליאו</ManufacturerName><ManufactureCountry>ישראל</ManufactureCountry><ManufacturerItemDescription>מב תחליב רחצה קליאו</ManufacturerItemDescription><SoldByWeight/><Quantity>750.00</Quantity><UnitOfMeasure>מ"ל</UnitOfMeasure><QtyInPackage>לא ידוע</QtyInPackage><UnitOfMeasurePrice>0.0119</UnitOfMeasurePrice><AllowDiscount>1</AllowDiscount><ItemStatus>1</ItemStatus><ItemPrice>8.90</ItemPrice></item><item><PriceUpdateDate>2016-08-02 07:40:11</PriceUpdateDate><ItemCode>7290014134768</ItemCode><ItemType>1</ItemType><ItemName>מב תחליב רחצה קליאו</ItemName><ManufacturerName>קליאו</ManufacturerName><ManufactureCountry>ישראל</ManufactureCountry><ManufacturerItemDescription>מב תחליב רחצה קליאו</ManufacturerItemDescription><SoldByWeight/><Quantity>750.00</Quantity><UnitOfMeasure>מ"ל</UnitOfMeasure><QtyInPackage>לא ידוע</QtyInPackage><UnitOfMeasurePrice>0.0119</UnitOfMeasurePrice><AllowDiscount>1</AllowDiscount><ItemStatus>1</ItemStatus><ItemPrice>8.90</ItemPrice></item><item><PriceUpdateDate>2016-06-28 09:29:33</PriceUpdateDate><ItemCode>7290014204003</ItemCode><ItemType>1</ItemType><ItemName>מב שמפו פנינה לשיער</ItemName><ManufacturerName>פנינה רוזנבלום</ManufacturerName><ManufactureCountry>ישראל</ManufactureCountry><ManufacturerItemDescription>מב שמפו פנינה לשיער</ManufacturerItemDescription><SoldByWeight/><Quantity>750.00</Quantity><UnitOfMeasure>מ"ל</UnitOfMeasure><QtyInPackage>לא ידוע</QtyInPackage><UnitOfMeasurePrice>0.0132</UnitOfMeasurePrice><AllowDiscount>1</AllowDiscount><ItemStatus>1</ItemStatus><ItemPrice>9.90</ItemPrice></item><item><PriceUpdateDate>2016-06-28 09:29:33</PriceUpdateDate><ItemCode>7290014204010</ItemCode><ItemType>1</ItemType><ItemName>מב מרכך פנינה לשיער</ItemName><ManufacturerName>פנינה רוזנבלום</ManufacturerName><ManufactureCountry>ישראל</ManufactureCountry><ManufacturerItemDescription>מב מרכך פנינה לשיער</ManufacturerItemDescription><SoldByWeight/><Quantity>750.00</Quantity><UnitOfMeasure>מ"ל</UnitOfMeasure><QtyInPackage>לא ידוע</QtyInPackage><UnitOfMeasurePrice>0.0132</UnitOfMeasurePrice><AllowDiscount>1</AllowDiscount><ItemStatus>1</ItemStatus><ItemPrice>9.90</ItemPrice></item><item><PriceUpdateDate>2016-06-28 09:29:33</PriceUpdateDate><ItemCode>7290014204027</ItemCode><ItemType>1</ItemType><ItemName>מב שמפו פנינה יומי 7</ItemName><ManufacturerName>פנינה רוזנבלום</ManufacturerName><ManufactureCountry>ישראל</ManufactureCountry><ManufacturerItemDescription>מב שמפו פנינה יומי 7</ManufacturerItemDescription><SoldByWeight/><Quantity>750.00</Quantity><UnitOfMeasure>מ"ל</UnitOfMeasure><QtyInPackage>לא ידוע</QtyInPackage><UnitOfMeasurePrice>0.0132</UnitOfMeasurePrice><AllowDiscount>1</AllowDiscount><ItemStatus>1</ItemStatus><ItemPrice>9.90</ItemPrice></item><item><PriceUpdateDate>2016-06-28 09:31:25</PriceUpdateDate><ItemCode>7290014204560</ItemCode><ItemType>1</ItemType><ItemName>מב סבון נוזלי פנינה</ItemName><ManufacturerName>פנינה רוזנבלום</ManufacturerName><ManufactureCountry>ישראל</ManufactureCountry><ManufacturerItemDescription>מב סבון נוזלי פנינה</ManufacturerItemDescription><SoldByWeight/><Quantity>1500.00</Quantity><UnitOfMeasure>מ"ל</UnitOfMeasure><QtyInPackage>לא ידוע</QtyInPackage><UnitOfMeasurePrice>0.0079</UnitOfMeasurePrice><AllowDiscount>1</AllowDiscount><ItemStatus>1</ItemStatus><ItemPrice>11.90</ItemPrice></item><item><PriceUpdateDate>2014-11-10 06:30:00</PriceUpdateDate><ItemCode>7290014217362</ItemCode><ItemType>1</ItemType><ItemName>מיכל תיבול לקציצות 1</ItemName><ManufacturerName>תבליני טעם וריח</ManufacturerName><ManufactureCountry>ישראל</ManufactureCountry><ManufacturerItemDescription>מיכל תיבול לקציצות 1</ManufacturerItemDescription><SoldByWeight/><Quantity>100.00</Quantity><UnitOfMeasure>גרם     </UnitOfMeasure><QtyInPackage>לא ידוע</QtyInPackage><UnitOfMeasurePrice>0.1100</UnitOfMeasurePrice><AllowDiscount>1</AllowDiscount><ItemStatus>1</ItemStatus><ItemPrice>11.00</ItemPrice></item><item><PriceUpdateDate>2016-01-15 10:07:26</PriceUpdateDate><ItemCode>7290014256941</ItemCode><ItemType>1</ItemType><ItemName>יין סובניון בלאן סלק</ItemName><ManufacturerName>סלקטד יקבי כרמל</ManufacturerName><ManufactureCountry>ישראל</ManufactureCountry><ManufacturerItemDescription>יין סובניון בלאן סלק</ManufacturerItemDescription><SoldByWeight/><Quantity>750.00</Quantity><UnitOfMeasure>מ"ל</UnitOfMeasure><QtyInPackage>לא ידוע</QtyInPackage><UnitOfMeasurePrice>0.0399</UnitOfMeasurePrice><AllowDiscount>1</AllowDiscount><ItemStatus>1</ItemStatus><ItemPrice>29.90</ItemPrice></item><item><PriceUpdateDate>2016-05-31 07:03:19</PriceUpdateDate><ItemCode>7290014256989</ItemCode><ItemType>1</ItemType><ItemName>מיץ תירוש אדום 1 ליט</ItemName><ManufacturerName>תירוש יקבי כרמל</ManufacturerName><ManufactureCountry>ישראל</ManufactureCountry><ManufacturerItemDescription>מיץ ענבים תירוש אדום 1 ל</ManufacturerItemDescription><SoldByWeight/><Quantity>1000.00</Quantity><UnitOfMeasure>מ"ל</UnitOfMeasure><QtyInPackage>לא ידוע</QtyInPackage><UnitOfMeasurePrice>0.0177</UnitOfMeasurePrice><AllowDiscount>1</AllowDiscount><ItemStatus>1</ItemStatus><ItemPrice>17.70</ItemPrice></item><item><PriceUpdateDate>2015-02-25 09:12:39</PriceUpdateDate><ItemCode>7290014258730</ItemCode><ItemType>1</ItemType><ItemName>מטרנה צמחי מגיל שנה</ItemName><ManufacturerName>מטרנה</ManufacturerName><ManufactureCountry>ישראל</ManufactureCountry><ManufacturerItemDescription>מטרנה צמחי מגיל שנה</ManufacturerItemDescription><SoldByWeight/><Quantity>700.00</Quantity><UnitOfMeasure>גרם     </UnitOfMeasure><QtyInPackage>לא ידוע</QtyInPackage><UnitOfMeasurePrice>0.1141</UnitOfMeasurePrice><AllowDiscount>1</AllowDiscount><ItemStatus>1</ItemStatus><ItemPrice>79.90</ItemPrice></item><item><PriceUpdateDate>2014-11-10 06:30:07</PriceUpdateDate><ItemCode>7290014325128</ItemCode><ItemType>1</ItemType><ItemName>לקקנים בטעם פירוט טר</ItemName><ManufacturerName>מיה</ManufacturerName><ManufactureCountry>ישראל</ManufactureCountry><ManufacturerItemDescription>לקקנים בטעם פירוט טר</ManufacturerItemDescription><SoldByWeight/><Quantity>220.00</Quantity><UnitOfMeasure>גרם     </UnitOfMeasure><QtyInPackage>לא ידוע</QtyInPackage><UnitOfMeasurePrice>0.0541</UnitOfMeasurePrice><AllowDiscount>1</AllowDiscount><ItemStatus>1</ItemStatus><ItemPrice>11.90</ItemPrice></item><item><PriceUpdateDate>2016-02-01 20:45:04</PriceUpdateDate><ItemCode>7290014373488</ItemCode><ItemType>1</ItemType><ItemName>עוגיות לחמי מלבן קינ</ItemName><ManufacturerName>לחמי</ManufacturerName><ManufactureCountry>ישראל</ManufactureCountry><ManufacturerItemDescription>עוגיות מלבן קינמון 200 גר</ManufacturerItemDescription><SoldByWeight/><Quantity>200.00</Quantity><UnitOfMeasure>גרם     </UnitOfMeasure><QtyInPackage>לא ידוע</QtyInPackage><UnitOfMeasurePrice>0.0710</UnitOfMeasurePrice><AllowDiscount>1</AllowDiscount><ItemStatus>1</ItemStatus><ItemPrice>14.20</ItemPrice></item><item><PriceUpdateDate>2016-08-02 07:35:46</PriceUpdateDate><ItemCode>7290014373563</ItemCode><ItemType>1</ItemType><ItemName>עוגיות לחמי מעמול תמ</ItemName><ManufacturerName>לחמי</ManufacturerName><ManufactureCountry>ישראל</ManufactureCountry><ManufacturerItemDescription>עוגיות מעמול 250 גרם</ManufacturerItemDescription><SoldByWeight/><Quantity>250.00</Quantity><UnitOfMeasure>גרם     </UnitOfMeasure><QtyInPackage>לא ידוע</QtyInPackage><UnitOfMeasurePrice>0.0796</UnitOfMeasurePrice><AllowDiscount>1</AllowDiscount><ItemStatus>1</ItemStatus><ItemPrice>19.90</ItemPrice></item><item><PriceUpdateDate>2016-06-30 06:41:11</PriceUpdateDate><ItemCode>7290014397286</ItemCode><ItemType>1</ItemType><ItemName>מב מרכך כביסה מקסימה</ItemName><ManufacturerName>סנו מקסימה</ManufacturerName><ManufactureCountry>ישראל</ManufactureCountry><ManufacturerItemDescription>מב מרכך כביסה מקסימה</ManufacturerItemDescription><SoldByWeight/><Quantity>1000.00</Quantity><UnitOfMeasure>מ"ל</UnitOfMeasure><QtyInPackage>לא ידוע</QtyInPackage><UnitOfMeasurePrice>0.0159</UnitOfMeasurePrice><AllowDiscount>1</AllowDiscount><ItemStatus>1</ItemStatus><ItemPrice>15.90</ItemPrice></item><item><PriceUpdateDate>2016-06-28 09:29:34</PriceUpdateDate><ItemCode>7290014397491</ItemCode><ItemType>1</ItemType><ItemName>סנופרש הום 350 מ"ל ב</ItemName><ManufacturerName>סנו פרש</ManufacturerName><ManufactureCountry>ישראל</ManufactureCountry><ManufacturerItemDescription>סנופרש הום 350 מ"ל ב</ManufacturerItemDescription><SoldByWeight/><Quantity>350.00</Quantity><UnitOfMeasure>מ"ל</UnitOfMeasure><QtyInPackage>לא ידוע</QtyInPackage><UnitOfMeasurePrice>0.0511</UnitOfMeasurePrice><AllowDiscount>1</AllowDiscount><ItemStatus>1</ItemStatus><ItemPrice>17.90</ItemPrice></item><item><PriceUpdateDate>2016-06-28 09:29:35</PriceUpdateDate><ItemCode>7290014397675</ItemCode><ItemType>1</ItemType><ItemName>מרכך כביסה מקסימה קי</ItemName><ManufacturerName>סנו מקסימה</ManufacturerName><ManufactureCountry>ישראל</ManufactureCountry><ManufacturerItemDescription>מרכך כביסה מקסימה קי</ManufacturerItemDescription><SoldByWeight/><Quantity>4000.00</Quantity><UnitOfMeasure>מ"ל</UnitOfMeasure><QtyInPackage>לא ידוע</QtyInPackage><UnitOfMeasurePrice>0.0057</UnitOfMeasurePrice><AllowDiscount>1</AllowDiscount><ItemStatus>1</ItemStatus><ItemPrice>22.90</ItemPrice></item><item><PriceUpdateDate>2016-04-04 13:04:22</PriceUpdateDate><ItemCode>7290014397835</ItemCode><ItemType>1</ItemType><ItemName>סנומט סמרט דוחה יתוש</ItemName><ManufacturerName>סנומט</ManufacturerName><ManufactureCountry>ישראל</ManufactureCountry><ManufacturerItemDescription>סנומט סמרט דוחה יתוש</ManufacturerItemDescription><SoldByWeight/><Quantity>1.00</Quantity><UnitOfMeasure>יח'</UnitOfMeasure><QtyInPackage>לא ידוע</QtyInPackage><UnitOfMeasurePrice>42.9000</UnitOfMeasurePrice><AllowDiscount>1</AllowDiscount><ItemStatus>1</ItemStatus><ItemPrice>42.90</ItemPrice></item><item><PriceUpdateDate>2015-11-02 20:37:04</PriceUpdateDate><ItemCode>7290014397880</ItemCode><ItemType>1</ItemType><ItemName>א. כביסה מקסימה בניח</ItemName><ManufacturerName>סנו מקסימה</ManufacturerName><ManufactureCountry>ישראל</ManufactureCountry><ManufacturerItemDescription>א. כביסה מקסימה בניח</ManufacturerItemDescription><SoldByWeight/><Quantity>3250.00</Quantity><UnitOfMeasure>גרם     </UnitOfMeasure><QtyInPackage>לא ידוע</QtyInPackage><UnitOfMeasurePrice>0.0107</UnitOfMeasurePrice><AllowDiscount>1</AllowDiscount><ItemStatus>1</ItemStatus><ItemPrice>34.90</ItemPrice></item><item><PriceUpdateDate>2016-05-31 06:56:52</PriceUpdateDate><ItemCode>7290014455078</ItemCode><ItemType>1</ItemType><ItemName>גבינת שמנת ניו יורק</ItemName><ManufacturerName>גד</ManufacturerName><ManufactureCountry>ישראל</ManufactureCountry><ManufacturerItemDescription>קרם שמנת 5% בזיליקום</ManufacturerItemDescription><SoldByWeight/><Quantity>200.00</Quantity><UnitOfMeasure>גרם     </UnitOfMeasure><QtyInPackage>לא ידוע</QtyInPackage><UnitOfMeasurePrice>0.0660</UnitOfMeasurePrice><AllowDiscount>1</AllowDiscount><ItemStatus>1</ItemStatus><ItemPrice>13.20</ItemPrice></item><item><PriceUpdateDate>2016-01-05 09:19:26</PriceUpdateDate><ItemCode>7290014455467</ItemCode><ItemType>1</ItemType><ItemName>מעדן שיבולת שועל וחל</ItemName><ManufacturerName>גד</ManufacturerName><ManufactureCountry>ישראל</ManufactureCountry><ManufacturerItemDescription>מעדן חלב עם אורז 150 - 3%</ManufacturerItemDescription><SoldByWeight/><Quantity>150.00</Quantity><UnitOfMeasure>מ"ל</UnitOfMeasure><QtyInPackage>לא ידוע</QtyInPackage><UnitOfMeasurePrice>0.0393</UnitOfMeasurePrice><AllowDiscount>1</AllowDiscount><ItemStatus>1</ItemStatus><ItemPrice>5.90</ItemPrice></item><item><PriceUpdateDate>2015-11-18 13:59:57</PriceUpdateDate><ItemCode>7290014471047</ItemCode><ItemType>1</ItemType><ItemName>צ'וקטה כדורי דגנים ב</ItemName><ManufacturerName>יוגטה</ManufacturerName><ManufactureCountry>ישראל</ManufactureCountry><ManufacturerItemDescription>צוקטה כדורי דגנים בציפוי</ManufacturerItemDescription><SoldByWeight/><Quantity>70.00</Quantity><UnitOfMeasure>גרם     </UnitOfMeasure><QtyInPackage>לא ידוע</QtyInPackage><UnitOfMeasurePrice>0.1100</UnitOfMeasurePrice><AllowDiscount>1</AllowDiscount><ItemStatus>1</ItemStatus><ItemPrice>7.70</ItemPrice></item><item><PriceUpdateDate>2016-08-10 08:23:20</PriceUpdateDate><ItemCode>7290014603004</ItemCode><ItemType>1</ItemType><ItemName>מאגדת מיני סולרו תות</ItemName><ManufacturerName>שטראוס גלידה</ManufacturerName><ManufactureCountry>ישראל</ManufactureCountry><ManufacturerItemDescription>מאגדת סולרו מיני תות 5 יח</ManufacturerItemDescription><SoldByWeight/><Quantity>295.00</Quantity><UnitOfMeasure>גרם     </UnitOfMeasure><QtyInPackage>לא ידוע</QtyInPackage><UnitOfMeasurePrice>0.0912</UnitOfMeasurePrice><AllowDiscount>1</AllowDiscount><ItemStatus>1</ItemStatus><ItemPrice>26.90</ItemPrice></item><item><PriceUpdateDate>2016-06-28 09:31:26</PriceUpdateDate><ItemCode>7290014603073</ItemCode><ItemType>1</ItemType><ItemName>מב מאגדת מיני מגנום</ItemName><ManufacturerName>שטראוס גלידה</ManufacturerName><ManufactureCountry>ישראל</ManufactureCountry><ManufacturerItemDescription>מאגדת מיני מגנום דאבל שוק</ManufacturerItemDescription><SoldByWeight/><Quantity>310.00</Quantity><UnitOfMeasure>גרם     </UnitOfMeasure><QtyInPackage>לא ידוע</QtyInPackage><UnitOfMeasurePrice>0.0803</UnitOfMeasurePrice><AllowDiscount>1</AllowDiscount><ItemStatus>1</ItemStatus><ItemPrice>24.90</ItemPrice></item><item><PriceUpdateDate>2016-08-02 07:35:47</PriceUpdateDate><ItemCode>7290014603547</ItemCode><ItemType>1</ItemType><ItemName>גלידות קרמיסימו סנדי</ItemName><ManufacturerName>קרמיסימו</ManufacturerName><ManufactureCountry>ישראל</ManufactureCountry><ManufacturerItemDescription>קרמיסימו סנדיי וניל שוקול</ManufacturerItemDescription><SoldByWeight/><Quantity>1330.00</Quantity><UnitOfMeasure>מ"ל</UnitOfMeasure><QtyInPackage>לא ידוע</QtyInPackage><UnitOfMeasurePrice>0.0150</UnitOfMeasurePrice><AllowDiscount>1</AllowDiscount><ItemStatus>1</ItemStatus><ItemPrice>19.90</ItemPrice></item><item><PriceUpdateDate>2016-06-28 09:31:27</PriceUpdateDate><ItemCode>7290014603660</ItemCode><ItemType>1</ItemType><ItemName>מב מאגדת מיני מגנום</ItemName><ManufacturerName>שטראוס גלידה</ManufacturerName><ManufactureCountry>ישראל</ManufactureCountry><ManufacturerItemDescription>מאגדת מיני מגנום בראוניז</ManufacturerItemDescription><SoldByWeight/><Quantity>310.00</Quantity><UnitOfMeasure>גרם     </UnitOfMeasure><QtyInPackage>לא ידוע</QtyInPackage><UnitOfMeasurePrice>0.0803</UnitOfMeasurePrice><AllowDiscount>1</AllowDiscount><ItemStatus>1</ItemStatus><ItemPrice>24.90</ItemPrice></item><item><PriceUpdateDate>2016-01-05 09:20:58</PriceUpdateDate><ItemCode>7290014603950</ItemCode><ItemType>1</ItemType><ItemName>מב גלידת קארט דור הי</ItemName><ManufacturerName>שטראוס גלידה</ManufacturerName><ManufactureCountry>ישראל</ManufactureCountry><ManufacturerItemDescription>קארט דור היער השחור</ManufacturerItemDescription><SoldByWeight/><Quantity>520.00</Quantity><UnitOfMeasure>מ"ל</UnitOfMeasure><QtyInPackage>לא ידוע</QtyInPackage><UnitOfMeasurePrice>0.0287</UnitOfMeasurePrice><AllowDiscount>1</AllowDiscount><ItemStatus>1</ItemStatus><ItemPrice>14.90</ItemPrice></item><item><PriceUpdateDate>2016-01-05 09:20:58</PriceUpdateDate><ItemCode>7290014603981</ItemCode><ItemType>1</ItemType><ItemName>מב גלידת קארט דור טי</ItemName><ManufacturerName>שטראוס גלידה</ManufacturerName><ManufactureCountry>ישראל</ManufactureCountry><ManufacturerItemDescription>קארט דור טירמיסו</ManufacturerItemDescription><SoldByWeight/><Quantity>520.00</Quantity><UnitOfMeasure>מ"ל</UnitOfMeasure><QtyInPackage>לא ידוע</QtyInPackage><UnitOfMeasurePrice>0.0287</UnitOfMeasurePrice><AllowDiscount>1</AllowDiscount><ItemStatus>1</ItemStatus><ItemPrice>14.90</ItemPrice></item><item><PriceUpdateDate>2014-11-10 06:30:55</PriceUpdateDate><ItemCode>7290014634060</ItemCode><ItemType>1</ItemType><ItemName>ריבה רוסמן לייט 500</ItemName><ManufacturerName>לא ממותג</ManufacturerName><ManufactureCountry>ישראל</ManufactureCountry><ManufacturerItemDescription>ריבה רוסמן לייט 500</ManufacturerItemDescription><SoldByWeight/><Quantity>500.00</Quantity><UnitOfMeasure>מ"ל</UnitOfMeasure><QtyInPackage>לא ידוע</QtyInPackage><UnitOfMeasurePrice>0.0520</UnitOfMeasurePrice><AllowDiscount>1</AllowDiscount><ItemStatus>1</ItemStatus><ItemPrice>26.00</ItemPrice></item><item><PriceUpdateDate>2015-10-22 10:37:42</PriceUpdateDate><ItemCode>7290014692404</ItemCode><ItemType>1</ItemType><ItemName>פסטה כפרית איכותית ק</ItemName><ManufacturerName>דונה רוזה</ManufacturerName><ManufactureCountry>ישראל</ManufactureCountry><ManufacturerItemDescription>פסטה כפרית איכותית ק</ManufacturerItemDescription><SoldByWeight/><Quantity>300.00</Quantity><UnitOfMeasure>גרם     </UnitOfMeasure><QtyInPackage>לא ידוע</QtyInPackage><UnitOfMeasurePrice>0.0103</UnitOfMeasurePrice><AllowDiscount>1</AllowDiscount><ItemStatus>1</ItemStatus><ItemPrice>3.10</ItemPrice></item><item><PriceUpdateDate>2015-10-22 10:37:42</PriceUpdateDate><ItemCode>7290014692411</ItemCode><ItemType>1</ItemType><ItemName>פסטה כפרית איכותית ע</ItemName><ManufacturerName>דונה רוזה</ManufacturerName><ManufactureCountry>ישראל</ManufactureCountry><ManufacturerItemDescription>פסטה כפרית איכותית ע</ManufacturerItemDescription><SoldByWeight/><Quantity>300.00</Quantity><UnitOfMeasure>גרם     </UnitOfMeasure><QtyInPackage>לא ידוע</QtyInPackage><UnitOfMeasurePrice>0.0103</UnitOfMeasurePrice><AllowDiscount>1</AllowDiscount><ItemStatus>1</ItemStatus><ItemPrice>3.10</ItemPrice></item><item><PriceUpdateDate>2015-10-22 10:37:42</PriceUpdateDate><ItemCode>7290014692428</ItemCode><ItemType>1</ItemType><ItemName>פסטה כפרית איכותית ב</ItemName><ManufacturerName>דונה רוזה</ManufacturerName><ManufactureCountry>ישראל</ManufactureCountry><ManufacturerItemDescription>פסטה כפרית איכותית ב</ManufacturerItemDescription><SoldByWeight/><Quantity>300.00</Quantity><UnitOfMeasure>גרם     </UnitOfMeasure><QtyInPackage>לא ידוע</QtyInPackage><UnitOfMeasurePrice>0.0103</UnitOfMeasurePrice><AllowDiscount>1</AllowDiscount><ItemStatus>1</ItemStatus><ItemPrice>3.10</ItemPrice></item><item><PriceUpdateDate>2016-08-02 14:05:57</PriceUpdateDate><ItemCode>7290014692541</ItemCode><ItemType>1</ItemType><ItemName>מב EMMA אודם מגורדת</ItemName><ManufacturerName>וילי פוד</ManufacturerName><ManufactureCountry>ישראל</ManufactureCountry><ManufacturerItemDescription>מב EMMA אודם מגורדת</ManufacturerItemDescription><SoldByWeight/><Quantity>500.00</Quantity><UnitOfMeasure>גרם     </UnitOfMeasure><QtyInPackage>לא ידוע</QtyInPackage><UnitOfMeasurePrice>0.0340</UnitOfMeasurePrice><AllowDiscount>1</AllowDiscount><ItemStatus>1</ItemStatus><ItemPrice>17.00</ItemPrice></item><item><PriceUpdateDate>2016-08-02 07:35:48</PriceUpdateDate><ItemCode>7290014725874</ItemCode><ItemType>1</ItemType><ItemName>אזורה תחליב רחצה פרש</ItemName><ManufacturerName>אזורה</ManufacturerName><ManufactureCountry>לא ידוע</ManufactureCountry><ManufacturerItemDescription>אזורה תחליב רחצה פרש</ManufacturerItemDescription><SoldByWeight/><Quantity>750.00</Quantity><UnitOfMeasure>מ"ל</UnitOfMeasure><QtyInPackage>לא ידוע</QtyInPackage><UnitOfMeasurePrice>0.0212</UnitOfMeasurePrice><AllowDiscount>1</AllowDiscount><ItemStatus>1</ItemStatus><ItemPrice>15.90</ItemPrice></item><item><PriceUpdateDate>2016-08-02 07:35:48</PriceUpdateDate><ItemCode>7290014746404</ItemCode><ItemType>1</ItemType><ItemName>אצבעות פילה שניצל בצ</ItemName><ManufacturerName>עוף טוב</ManufacturerName><ManufactureCountry>לא ידוע</ManufactureCountry><ManufacturerItemDescription>אצבעות פילה שניצל בצ</ManufacturerItemDescription><SoldByWeight/><Quantity>400.00</Quantity><UnitOfMeasure>גרם     </UnitOfMeasure><QtyInPackage>לא ידוע</QtyInPackage><UnitOfMeasurePrice>0.0458</UnitOfMeasurePrice><AllowDiscount>1</AllowDiscount><ItemStatus>1</ItemStatus><ItemPrice>18.30</ItemPrice></item><item><PriceUpdateDate>2016-07-13 10:37:19</PriceUpdateDate><ItemCode>7290014747753</ItemCode><ItemType>1</ItemType><ItemName>עוף טוב דלי פסטרמה ר</ItemName><ManufacturerName>עוף טוב</ManufacturerName><ManufactureCountry>לא ידוע</ManufactureCountry><ManufacturerItemDescription>עוף טוב דלי פסטרמה ר</ManufacturerItemDescription><SoldByWeight/><Quantity>240.00</Quantity><UnitOfMeasure>גרם     </UnitOfMeasure><QtyInPackage>לא ידוע</QtyInPackage><UnitOfMeasurePrice>0.1037</UnitOfMeasurePrice><AllowDiscount>1</AllowDiscount><ItemStatus>1</ItemStatus><ItemPrice>24.90</ItemPrice></item><item><PriceUpdateDate>2016-07-13 10:37:19</PriceUpdateDate><ItemCode>7290014747777</ItemCode><ItemType>1</ItemType><ItemName>עוף טוב דלי פסטרמה מ</ItemName><ManufacturerName>עוף טוב</ManufacturerName><ManufactureCountry>לא ידוע</ManufactureCountry><ManufacturerItemDescription>עוף טוב דלי פסטרמה מ</ManufacturerItemDescription><SoldByWeight/><Quantity>240.00</Quantity><UnitOfMeasure>גרם     </UnitOfMeasure><QtyInPackage>לא ידוע</QtyInPackage><UnitOfMeasurePrice>0.1037</UnitOfMeasurePrice><AllowDiscount>1</AllowDiscount><ItemStatus>1</ItemStatus><ItemPrice>24.90</ItemPrice></item><item><PriceUpdateDate>2016-07-13 10:37:19</PriceUpdateDate><ItemCode>7290014747791</ItemCode><ItemType>1</ItemType><ItemName>עוף טוב דלי פסטרמה א</ItemName><ManufacturerName>עוף טוב</ManufacturerName><ManufactureCountry>לא ידוע</ManufactureCountry><ManufacturerItemDescription>עוף טוב דלי פסטרמה א</ManufacturerItemDescription><SoldByWeight/><Quantity>240.00</Quantity><UnitOfMeasure>גרם     </UnitOfMeasure><QtyInPackage>לא ידוע</QtyInPackage><UnitOfMeasurePrice>0.1037</UnitOfMeasurePrice><AllowDiscount>1</AllowDiscount><ItemStatus>1</ItemStatus><ItemPrice>24.90</ItemPrice></item><item><PriceUpdateDate>2016-07-13 10:37:19</PriceUpdateDate><ItemCode>7290014747814</ItemCode><ItemType>1</ItemType><ItemName>עוף טוב דלי סלמי פפר</ItemName><ManufacturerName>עוף טוב</ManufacturerName><ManufactureCountry>לא ידוע</ManufactureCountry><ManufacturerItemDescription>עוף טוב דלי סלמי פפר</ManufacturerItemDescription><SoldByWeight/><Quantity>240.00</Quantity><UnitOfMeasure>גרם     </UnitOfMeasure><QtyInPackage>לא ידוע</QtyInPackage><UnitOfMeasurePrice>0.1037</UnitOfMeasurePrice><AllowDiscount>1</AllowDiscount><ItemStatus>1</ItemStatus><ItemPrice>24.90</ItemPrice></item><item><PriceUpdateDate>2016-06-28 09:29:36</PriceUpdateDate><ItemCode>7290014758100</ItemCode><ItemType>1</ItemType><ItemName>מאגדת שמיניה יוגורט</ItemName><ManufacturerName>תנובה</ManufacturerName><ManufactureCountry>ישראל</ManufactureCountry><ManufacturerItemDescription>מאגדת שמיניה יוגורט</ManufacturerItemDescription><SoldByWeight/><Quantity>1200.00</Quantity><UnitOfMeasure>גרם     </UnitOfMeasure><QtyInPackage>לא ידוע</QtyInPackage><UnitOfMeasurePrice>0.0137</UnitOfMeasurePrice><AllowDiscount>1</AllowDiscount><ItemStatus>1</ItemStatus><ItemPrice>16.40</ItemPrice></item><item><PriceUpdateDate>2016-06-28 09:29:36</PriceUpdateDate><ItemCode>7290014758117</ItemCode><ItemType>1</ItemType><ItemName>מאגדת שמיניה יוגורט</ItemName><ManufacturerName>תנובה</ManufacturerName><ManufactureCountry>ישראל</ManufactureCountry><ManufacturerItemDescription>מאגדת שמיניה יוגורט</ManufacturerItemDescription><SoldByWeight/><Quantity>1200.00</Quantity><UnitOfMeasure>גרם     </UnitOfMeasure><QtyInPackage>לא ידוע</QtyInPackage><UnitOfMeasurePrice>0.0137</UnitOfMeasurePrice><AllowDiscount>1</AllowDiscount><ItemStatus>1</ItemStatus><ItemPrice>16.40</ItemPrice></item><item><PriceUpdateDate>2015-11-18 13:59:58</PriceUpdateDate><ItemCode>7290014758162</ItemCode><ItemType>1</ItemType><ItemName>חלב עיזים מלא 3.6% 1</ItemName><ManufacturerName>חלב תנובה</ManufacturerName><ManufactureCountry>ישראל</ManufactureCountry><ManufacturerItemDescription>חלב עיזים מלא 1 3.6% ליטר</ManufacturerItemDescription><SoldByWeight/><Quantity>1.00</Quantity><UnitOfMeasure>ליטר    </UnitOfMeasure><QtyInPackage>לא ידוע</QtyInPackage><UnitOfMeasurePrice>17.5000</UnitOfMeasurePrice><AllowDiscount>1</AllowDiscount><ItemStatus>1</ItemStatus><ItemPrice>17.50</ItemPrice></item><item><PriceUpdateDate>2016-08-02 07:35:48</PriceUpdateDate><ItemCode>7290014758346</ItemCode><ItemType>1</ItemType><ItemName>מאגדת מעדן סויה שוקו</ItemName><ManufacturerName>מעדן תנובה</ManufacturerName><ManufactureCountry>ישראל</ManufactureCountry><ManufacturerItemDescription>מאגדת זוג מעדני סויה עם ש</ManufacturerItemDescription><SoldByWeight/><Quantity>250.00</Quantity><UnitOfMeasure>גרם     </UnitOfMeasure><QtyInPackage>לא ידוע</QtyInPackage><UnitOfMeasurePrice>0.0348</UnitOfMeasurePrice><AllowDiscount>1</AllowDiscount><ItemStatus>1</ItemStatus><ItemPrice>8.70</ItemPrice></item><item><PriceUpdateDate>2016-08-02 07:35:48</PriceUpdateDate><ItemCode>7290014758360</ItemCode><ItemType>1</ItemType><ItemName>מאגדת מעדן סויה תות</ItemName><ManufacturerName>מעדן תנובה</ManufacturerName><ManufactureCountry>ישראל</ManufactureCountry><ManufacturerItemDescription>מאגדת זוג מעדני סויה עם ת</ManufacturerItemDescription><SoldByWeight/><Quantity>250.00</Quantity><UnitOfMeasure>גרם     </UnitOfMeasure><QtyInPackage>לא ידוע</QtyInPackage><UnitOfMeasurePrice>0.0348</UnitOfMeasurePrice><AllowDiscount>1</AllowDiscount><ItemStatus>1</ItemStatus><ItemPrice>8.70</ItemPrice></item><item><PriceUpdateDate>2015-11-18 14:01:18</PriceUpdateDate><ItemCode>7290014758391</ItemCode><ItemType>1</ItemType><ItemName>קוטג' 5% דל נתרן 250</ItemName><ManufacturerName>קוטג תנובה</ManufacturerName><ManufactureCountry>ישראל</ManufactureCountry><ManufacturerItemDescription>קוטג' 5% דל נתרן 250</ManufacturerItemDescription><SoldByWeight/><Quantity>250.00</Quantity><UnitOfMeasure>גרם     </UnitOfMeasure><QtyInPackage>לא ידוע</QtyInPackage><UnitOfMeasurePrice>0.0228</UnitOfMeasurePrice><AllowDiscount>1</AllowDiscount><ItemStatus>1</ItemStatus><ItemPrice>5.70</ItemPrice></item><item><PriceUpdateDate>2015-10-02 09:21:10</PriceUpdateDate><ItemCode>7290014758681</ItemCode><ItemType>1</ItemType><ItemName>קוטג' 1% בגביע 250 ג</ItemName><ManufacturerName>קוטג תנובה</ManufacturerName><ManufactureCountry>ישראל</ManufactureCountry><ManufacturerItemDescription>קוטג 250 1% גרם</ManufacturerItemDescription><SoldByWeight/><Quantity>250.00</Quantity><UnitOfMeasure>גרם     </UnitOfMeasure><QtyInPackage>לא ידוע</QtyInPackage><UnitOfMeasurePrice>0.0228</UnitOfMeasurePrice><AllowDiscount>1</AllowDiscount><ItemStatus>1</ItemStatus><ItemPrice>5.70</ItemPrice></item><item><PriceUpdateDate>2016-08-02 07:40:15</PriceUpdateDate><ItemCode>7290014759084</ItemCode><ItemType>1</ItemType><ItemName>מב גבינת נפוליאון טב</ItemName><ManufacturerName>נפוליאון</ManufacturerName><ManufactureCountry>ישראל</ManufactureCountry><ManufacturerItemDescription>גבינה שמנת נפוליאון 225 ג</ManufacturerItemDescription><SoldByWeight/><Quantity>225.00</Quantity><UnitOfMeasure>גרם     </UnitOfMeasure><QtyInPackage>לא ידוע</QtyInPackage><UnitOfMeasurePrice>0.0444</UnitOfMeasurePrice><AllowDiscount>1</AllowDiscount><ItemStatus>1</ItemStatus><ItemPrice>10.00</ItemPrice></item><item><PriceUpdateDate>2016-03-29 07:05:50</PriceUpdateDate><ItemCode>7290014759534</ItemCode><ItemType>1</ItemType><ItemName>בולגרית למריחה פיראו</ItemName><ManufacturerName>פיראוס</ManufacturerName><ManufactureCountry>ישראל</ManufactureCountry><ManufacturerItemDescription>בולגרית למריחה</ManufacturerItemDescription><SoldByWeight/><Quantity>200.00</Quantity><UnitOfMeasure>גרם     </UnitOfMeasure><QtyInPackage>לא ידוע</QtyInPackage><UnitOfMeasurePrice>0.0710</UnitOfMeasurePrice><AllowDiscount>1</AllowDiscount><ItemStatus>1</ItemStatus><ItemPrice>14.20</ItemPrice></item><item><PriceUpdateDate>2015-10-11 20:34:54</PriceUpdateDate><ItemCode>7290014760820</ItemCode><ItemType>1</ItemType><ItemName>יופלה פקאן סיני מצופ</ItemName><ManufacturerName>יופלה</ManufacturerName><ManufactureCountry>ישראל</ManufactureCountry><ManufacturerItemDescription>יופלה פקאן סיני מצופ</ManufacturerItemDescription><SoldByWeight/><Quantity>175.00</Quantity><UnitOfMeasure>גרם     </UnitOfMeasure><QtyInPackage>לא ידוע</QtyInPackage><UnitOfMeasurePrice>0.0326</UnitOfMeasurePrice><AllowDiscount>1</AllowDiscount><ItemStatus>1</ItemStatus><ItemPrice>5.70</ItemPrice></item><item><PriceUpdateDate>2015-10-11 20:34:54</PriceUpdateDate><ItemCode>7290014761056</ItemCode><ItemType>1</ItemType><ItemName>מעדן שוקולד חלב מעול</ItemName><ManufacturerName>מעדן תנובה</ManufacturerName><ManufactureCountry>ישראל</ManufactureCountry><ManufacturerItemDescription>YOLOשוקולד חלב מעולה</ManufacturerItemDescription><SoldByWeight/><Quantity>123.00</Quantity><UnitOfMeasure>גרם     </UnitOfMeasure><QtyInPackage>לא ידוע</QtyInPackage><UnitOfMeasurePrice>0.0374</UnitOfMeasurePrice><AllowDiscount>1</AllowDiscount><ItemStatus>1</ItemStatus><ItemPrice>4.60</ItemPrice></item><item><PriceUpdateDate>2015-10-11 20:34:54</PriceUpdateDate><ItemCode>7290014761063</ItemCode><ItemType>1</ItemType><ItemName>מעדן שוקולד מריר  12</ItemName><ManufacturerName>מעדן תנובה</ManufacturerName><ManufactureCountry>ישראל</ManufactureCountry><ManufacturerItemDescription>YOLOשוקולד מריר מעולה</ManufacturerItemDescription><SoldByWeight/><Quantity>123.00</Quantity><UnitOfMeasure>גרם     </UnitOfMeasure><QtyInPackage>לא ידוע</QtyInPackage><UnitOfMeasurePrice>0.0374</UnitOfMeasurePrice><AllowDiscount>1</AllowDiscount><ItemStatus>1</ItemStatus><ItemPrice>4.60</ItemPrice></item><item><PriceUpdateDate>2015-10-11 20:34:54</PriceUpdateDate><ItemCode>7290014761070</ItemCode><ItemType>1</ItemType><ItemName>מעדן YOLO שוקולד לבן</ItemName><ManufacturerName>מעדן תנובה</ManufacturerName><ManufactureCountry>ישראל</ManufactureCountry><ManufacturerItemDescription>YOLOשוקולד לבן מעולה</ManufacturerItemDescription><SoldByWeight/><Quantity>123.00</Quantity><UnitOfMeasure>גרם     </UnitOfMeasure><QtyInPackage>לא ידוע</QtyInPackage><UnitOfMeasurePrice>0.0374</UnitOfMeasurePrice><AllowDiscount>1</AllowDiscount><ItemStatus>1</ItemStatus><ItemPrice>4.60</ItemPrice></item><item><PriceUpdateDate>2015-10-11 20:34:54</PriceUpdateDate><ItemCode>7290014761391</ItemCode><ItemType>1</ItemType><ItemName>מעדן שוקולד חלב נגיע</ItemName><ManufacturerName>מעדן תנובה</ManufacturerName><ManufactureCountry>ישראל</ManufactureCountry><ManufacturerItemDescription>YOLOשוקולד חלב מעולה קוקו</ManufacturerItemDescription><SoldByWeight/><Quantity>123.00</Quantity><UnitOfMeasure>גרם     </UnitOfMeasure><QtyInPackage>לא ידוע</QtyInPackage><UnitOfMeasurePrice>0.0374</UnitOfMeasurePrice><AllowDiscount>1</AllowDiscount><ItemStatus>1</ItemStatus><ItemPrice>4.60</ItemPrice></item><item><PriceUpdateDate>2015-11-18 13:59:59</PriceUpdateDate><ItemCode>7290014761858</ItemCode><ItemType>1</ItemType><ItemName>שטוזים וניל מוקצף בו</ItemName><ManufacturerName>חלב תנובה</ManufacturerName><ManufactureCountry>לא ידוע</ManufactureCountry><ManufacturerItemDescription>שטוזים וניל מוקצף בו</ManufacturerItemDescription><SoldByWeight/><Quantity>84.00</Quantity><UnitOfMeasure>גרם     </UnitOfMeasure><QtyInPackage>לא ידוע</QtyInPackage><UnitOfMeasurePrice>0.0333</UnitOfMeasurePrice><AllowDiscount>1</AllowDiscount><ItemStatus>1</ItemStatus><ItemPrice>2.80</ItemPrice></item><item><PriceUpdateDate>2015-11-18 13:59:59</PriceUpdateDate><ItemCode>7290014761865</ItemCode><ItemType>1</ItemType><ItemName>שטוזים תות מוקצף בוד</ItemName><ManufacturerName>חלב תנובה</ManufacturerName><ManufactureCountry>לא ידוע</ManufactureCountry><ManufacturerItemDescription>שטוזים תות מוקצף בוד</ManufacturerItemDescription><SoldByWeight/><Quantity>84.00</Quantity><UnitOfMeasure>גרם     </UnitOfMeasure><QtyInPackage>לא ידוע</QtyInPackage><UnitOfMeasurePrice>0.0333</UnitOfMeasurePrice><AllowDiscount>1</AllowDiscount><ItemStatus>1</ItemStatus><ItemPrice>2.80</ItemPrice></item><item><PriceUpdateDate>2016-08-02 07:35:48</PriceUpdateDate><ItemCode>7290014761902</ItemCode><ItemType>1</ItemType><ItemName>מאגדת מעדן סויה  בטע</ItemName><ManufacturerName>מעדן תנובה</ManufacturerName><ManufactureCountry>ישראל</ManufactureCountry><ManufacturerItemDescription>מאגדת זוג מעדני סויה עם ש</ManufacturerItemDescription><SoldByWeight/><Quantity>250.00</Quantity><UnitOfMeasure>גרם     </UnitOfMeasure><QtyInPackage>לא ידוע</QtyInPackage><UnitOfMeasurePrice>0.0348</UnitOfMeasurePrice><AllowDiscount>1</AllowDiscount><ItemStatus>1</ItemStatus><ItemPrice>8.70</ItemPrice></item><item><PriceUpdateDate>2016-08-02 07:40:16</PriceUpdateDate><ItemCode>7290014762626</ItemCode><ItemType>1</ItemType><ItemName>מב גבינת עמק 28%  20</ItemName><ManufacturerName>גבינות תנובה</ManufacturerName><ManufactureCountry>ישראל</ManufactureCountry><ManufacturerItemDescription>מב גבינת עמק 28%  20</ManufacturerItemDescription><SoldByWeight/><Quantity>200.00</Quantity><UnitOfMeasure>גרם     </UnitOfMeasure><QtyInPackage>לא ידוע</QtyInPackage><UnitOfMeasurePrice>0.0700</UnitOfMeasurePrice><AllowDiscount>1</AllowDiscount><ItemStatus>1</ItemStatus><ItemPrice>14.00</ItemPrice></item><item><PriceUpdateDate>2016-08-02 07:40:16</PriceUpdateDate><ItemCode>7290014762756</ItemCode><ItemType>1</ItemType><ItemName>מב גבינת נפוליאון  1</ItemName><ManufacturerName>נפוליאון</ManufacturerName><ManufactureCountry>ישראל</ManufactureCountry><ManufacturerItemDescription>גבינה שמנת נפוליאון 225 ג</ManufacturerItemDescription><SoldByWeight/><Quantity>225.00</Quantity><UnitOfMeasure>גרם     </UnitOfMeasure><QtyInPackage>לא ידוע</QtyInPackage><UnitOfMeasurePrice>0.0444</UnitOfMeasurePrice><AllowDiscount>1</AllowDiscount><ItemStatus>1</ItemStatus><ItemPrice>10.00</ItemPrice></item><item><PriceUpdateDate>2016-08-02 07:40:17</PriceUpdateDate><ItemCode>7290014762831</ItemCode><ItemType>1</ItemType><ItemName>מב גבינה נפוליאון  2</ItemName><ManufacturerName>נפוליאון</ManufacturerName><ManufactureCountry>לא ידוע</ManufactureCountry><ManufacturerItemDescription>מב גבינה נפוליאון  2</ManufacturerItemDescription><SoldByWeight/><Quantity>225.00</Quantity><UnitOfMeasure>גרם     </UnitOfMeasure><QtyInPackage>לא ידוע</QtyInPackage><UnitOfMeasurePrice>0.0444</UnitOfMeasurePrice><AllowDiscount>1</AllowDiscount><ItemStatus>1</ItemStatus><ItemPrice>10.00</ItemPrice></item><item><PriceUpdateDate>2016-08-02 07:40:17</PriceUpdateDate><ItemCode>7290014763098</ItemCode><ItemType>1</ItemType><ItemName>מב קרם גבינת שמנת 5%</ItemName><ManufacturerName>גבינות תנובה</ManufacturerName><ManufactureCountry>ישראל</ManufactureCountry><ManufacturerItemDescription>גבינת שמנת 200 5% גרם</ManufacturerItemDescription><SoldByWeight/><Quantity>200.00</Quantity><UnitOfMeasure>גרם     </UnitOfMeasure><QtyInPackage>לא ידוע</QtyInPackage><UnitOfMeasurePrice>0.0445</UnitOfMeasurePrice><AllowDiscount>1</AllowDiscount><ItemStatus>1</ItemStatus><ItemPrice>8.90</ItemPrice></item><item><PriceUpdateDate>2016-04-13 10:58:14</PriceUpdateDate><ItemCode>7290014789913</ItemCode><ItemType>1</ItemType><ItemName>מארז שלישיה עוגיות א</ItemName><ManufacturerName>אוראו</ManufacturerName><ManufactureCountry>ספרד</ManufactureCountry><ManufacturerItemDescription>סבון פלמוליב    שחור750מ</ManufacturerItemDescription><SoldByWeight/><Quantity>528.00</Quantity><UnitOfMeasure>גרם     </UnitOfMeasure><QtyInPackage>לא ידוע</QtyInPackage><UnitOfMeasurePrice>0.0472</UnitOfMeasurePrice><AllowDiscount>1</AllowDiscount><ItemStatus>1</ItemStatus><ItemPrice>24.90</ItemPrice></item><item><PriceUpdateDate>2016-03-01 06:18:25</PriceUpdateDate><ItemCode>7290014791077</ItemCode><ItemType>1</ItemType><ItemName>ספרינג טי ענבים 1.5</ItemName><ManufacturerName>ספרינג טי</ManufacturerName><ManufactureCountry>ישראל</ManufactureCountry><ManufacturerItemDescription>ספרינג טי ענבים 1.5</ManufacturerItemDescription><SoldByWeight/><Quantity>1500.00</Quantity><UnitOfMeasure>מ"ל</UnitOfMeasure><QtyInPackage>לא ידוע</QtyInPackage><UnitOfMeasurePrice>0.0046</UnitOfMeasurePrice><AllowDiscount>1</AllowDiscount><ItemStatus>1</ItemStatus><ItemPrice>6.90</ItemPrice></item><item><PriceUpdateDate>2016-08-03 11:58:34</PriceUpdateDate><ItemCode>7290014791138</ItemCode><ItemType>1</ItemType><ItemName>מב נקטר ספרינג קוקלק</ItemName><ManufacturerName>ספרינג</ManufacturerName><ManufactureCountry>ישראל</ManufactureCountry><ManufacturerItemDescription>מב נקטר ספרינג קוקלק</ManufacturerItemDescription><SoldByWeight/><Quantity>1250.00</Quantity><UnitOfMeasure>מ"ל</UnitOfMeasure><QtyInPackage>לא ידוע</QtyInPackage><UnitOfMeasurePrice>0.0095</UnitOfMeasurePrice><AllowDiscount>1</AllowDiscount><ItemStatus>1</ItemStatus><ItemPrice>11.90</ItemPrice></item><item><PriceUpdateDate>2015-01-30 09:05:44</PriceUpdateDate><ItemCode>7290014791558</ItemCode><ItemType>1</ItemType><ItemName>שוופס סודה רביעייה נ</ItemName><ManufacturerName>שוופס</ManufacturerName><ManufactureCountry>ישראל</ManufactureCountry><ManufacturerItemDescription>שוופס סודה רביעייה נ</ManufacturerItemDescription><SoldByWeight/><Quantity>6000.00</Quantity><UnitOfMeasure>מ"ל</UnitOfMeasure><QtyInPackage>לא ידוע</QtyInPackage><UnitOfMeasurePrice>0.0018</UnitOfMeasurePrice><AllowDiscount>1</AllowDiscount><ItemStatus>1</ItemStatus><ItemPrice>11.00</ItemPrice></item><item><PriceUpdateDate>2016-05-31 06:56:54</PriceUpdateDate><ItemCode>7290014791565</ItemCode><ItemType>1</ItemType><ItemName>שוופס ענבים 1.5 ליטר</ItemName><ManufacturerName>שוופס</ManufacturerName><ManufactureCountry>ישראל</ManufactureCountry><ManufacturerItemDescription>שוופס ענבים 1.5 ליטר</ManufacturerItemDescription><SoldByWeight/><Quantity>1500.00</Quantity><UnitOfMeasure>מ"ל</UnitOfMeasure><QtyInPackage>לא ידוע</QtyInPackage><UnitOfMeasurePrice>0.0053</UnitOfMeasurePrice><AllowDiscount>1</AllowDiscount><ItemStatus>1</ItemStatus><ItemPrice>7.90</ItemPrice></item><item><PriceUpdateDate>2016-03-01 06:18:25</PriceUpdateDate><ItemCode>7290014791589</ItemCode><ItemType>1</ItemType><ItemName>תפוזינה לימונדה MIX</ItemName><ManufacturerName>תפוזינה</ManufacturerName><ManufactureCountry>ישראל</ManufactureCountry><ManufacturerItemDescription>תפוזינה לימונדה MIX</ManufacturerItemDescription><SoldByWeight/><Quantity>1500.00</Quantity><UnitOfMeasure>מ"ל</UnitOfMeasure><QtyInPackage>לא ידוע</QtyInPackage><UnitOfMeasurePrice>0.0050</UnitOfMeasurePrice><AllowDiscount>1</AllowDiscount><ItemStatus>1</ItemStatus><ItemPrice>7.50</ItemPrice></item><item><PriceUpdateDate>2016-08-10 08:23:20</PriceUpdateDate><ItemCode>7290014791619</ItemCode><ItemType>1</ItemType><ItemName>שוופס סודה נענע ליים</ItemName><ManufacturerName>שוופס</ManufacturerName><ManufactureCountry>ישראל</ManufactureCountry><ManufacturerItemDescription>שוופס סודה נענע ליים</ManufacturerItemDescription><SoldByWeight/><Quantity>1500.00</Quantity><UnitOfMeasure>מ"ל</UnitOfMeasure><QtyInPackage>לא ידוע</QtyInPackage><UnitOfMeasurePrice>0.0033</UnitOfMeasurePrice><AllowDiscount>1</AllowDiscount><ItemStatus>1</ItemStatus><ItemPrice>4.90</ItemPrice></item><item><PriceUpdateDate>2016-05-31 06:56:55</PriceUpdateDate><ItemCode>7290014901896</ItemCode><ItemType>1</ItemType><ItemName>מי פה סנסודיין 500 מ</ItemName><ManufacturerName>סנסודיין</ManufacturerName><ManufactureCountry>ישראל</ManufactureCountry><ManufacturerItemDescription>מי פה סנסודיין 500 מ</ManufacturerItemDescription><SoldByWeight/><Quantity>500.00</Quantity><UnitOfMeasure>מ"ל</UnitOfMeasure><QtyInPackage>לא ידוע</QtyInPackage><UnitOfMeasurePrice>0.0838</UnitOfMeasurePrice><AllowDiscount>1</AllowDiscount><ItemStatus>1</ItemStatus><ItemPrice>41.90</ItemPrice></item><item><PriceUpdateDate>2016-06-28 09:29:37</PriceUpdateDate><ItemCode>7290014905160</ItemCode><ItemType>1</ItemType><ItemName>פניני ריח יעקובי</ItemName><ManufacturerName>הפי</ManufacturerName><ManufactureCountry>ישראל</ManufactureCountry><ManufacturerItemDescription>פניני ריח יעקובי</ManufacturerItemDescription><SoldByWeight/><Quantity>200.00</Quantity><UnitOfMeasure>מ"ל</UnitOfMeasure><QtyInPackage>לא ידוע</QtyInPackage><UnitOfMeasurePrice>0.0710</UnitOfMeasurePrice><AllowDiscount>1</AllowDiscount><ItemStatus>1</ItemStatus><ItemPrice>14.20</ItemPrice></item><item><PriceUpdateDate>2015-11-02 20:37:06</PriceUpdateDate><ItemCode>7290014905344</ItemCode><ItemType>1</ItemType><ItemName>קצף לשטיחים הפי 800</ItemName><ManufacturerName>הפי</ManufacturerName><ManufactureCountry>ישראל</ManufactureCountry><ManufacturerItemDescription>קצף לשטיחים הפי 800</ManufacturerItemDescription><SoldByWeight/><Quantity>800.00</Quantity><UnitOfMeasure>מ"ל</UnitOfMeasure><QtyInPackage>לא ידוע</QtyInPackage><UnitOfMeasurePrice>0.0349</UnitOfMeasurePrice><AllowDiscount>1</AllowDiscount><ItemStatus>1</ItemStatus><ItemPrice>27.90</ItemPrice></item><item><PriceUpdateDate>2015-12-01 12:33:20</PriceUpdateDate><ItemCode>7290014949652</ItemCode><ItemType>1</ItemType><ItemName>טוסו מעדן פרי תות 25</ItemName><ManufacturerName>טוסו</ManufacturerName><ManufactureCountry>ישראל</ManufactureCountry><ManufacturerItemDescription>טוסו מעדן פרי תות 25</ManufacturerItemDescription><SoldByWeight/><Quantity>250.00</Quantity><UnitOfMeasure>גרם     </UnitOfMeasure><QtyInPackage>לא ידוע</QtyInPackage><UnitOfMeasurePrice>0.0996</UnitOfMeasurePrice><AllowDiscount>1</AllowDiscount><ItemStatus>1</ItemStatus><ItemPrice>24.90</ItemPrice></item><item><PriceUpdateDate>2016-08-10 08:23:48</PriceUpdateDate><ItemCode>7290015005326</ItemCode><ItemType>1</ItemType><ItemName>אפונה קפואה 800 גרם</ItemName><ManufacturerName>"המותג"</ManufacturerName><ManufactureCountry>ישראל</ManufactureCountry><ManufacturerItemDescription>אפונה קפואה 800 גרם</ManufacturerItemDescription><SoldByWeight/><Quantity>800.00</Quantity><UnitOfMeasure>גרם     </UnitOfMeasure><QtyInPackage>לא ידוע</QtyInPackage><UnitOfMeasurePrice>0.0136</UnitOfMeasurePrice><AllowDiscount>1</AllowDiscount><ItemStatus>1</ItemStatus><ItemPrice>10.90</ItemPrice></item><item><PriceUpdateDate>2016-02-01 20:45:08</PriceUpdateDate><ItemCode>7290015005333</ItemCode><ItemType>1</ItemType><ItemName>אפונה וגזר קפואים 80</ItemName><ManufacturerName>"המותג"</ManufacturerName><ManufactureCountry>ישראל</ManufactureCountry><ManufacturerItemDescription>אפונה וגזר קפואים 80</ManufacturerItemDescription><SoldByWeight/><Quantity>800.00</Quantity><UnitOfMeasure>גרם     </UnitOfMeasure><QtyInPackage>לא ידוע</QtyInPackage><UnitOfMeasurePrice>0.0136</UnitOfMeasurePrice><AllowDiscount>1</AllowDiscount><ItemStatus>1</ItemStatus><ItemPrice>10.90</ItemPrice></item><item><PriceUpdateDate>2016-02-01 20:45:08</PriceUpdateDate><ItemCode>7290015005395</ItemCode><ItemType>1</ItemType><ItemName>שעועית חתוכה קפואה 8</ItemName><ManufacturerName>"המותג"</ManufacturerName><ManufactureCountry>ישראל</ManufactureCountry><ManufacturerItemDescription>שעועית חתוכה קפואה 8</ManufacturerItemDescription><SoldByWeight/><Quantity>800.00</Quantity><UnitOfMeasure>גרם     </UnitOfMeasure><QtyInPackage>לא ידוע</QtyInPackage><UnitOfMeasurePrice>0.0136</UnitOfMeasurePrice><AllowDiscount>1</AllowDiscount><ItemStatus>1</ItemStatus><ItemPrice>10.90</ItemPrice></item><item><PriceUpdateDate>2016-02-01 20:45:08</PriceUpdateDate><ItemCode>7290015005470</ItemCode><ItemType>1</ItemType><ItemName>כרובית 800 גרם המותג</ItemName><ManufacturerName>"המותג"</ManufacturerName><ManufactureCountry>ישראל</ManufactureCountry><ManufacturerItemDescription>כרובית 800 גרם המותג</ManufacturerItemDescription><SoldByWeight/><Quantity>800.00</Quantity><UnitOfMeasure>גרם     </UnitOfMeasure><QtyInPackage>לא ידוע</QtyInPackage><UnitOfMeasurePrice>0.0174</UnitOfMeasurePrice><AllowDiscount>1</AllowDiscount><ItemStatus>1</ItemStatus><ItemPrice>13.90</ItemPrice></item><item><PriceUpdateDate>2016-03-01 06:14:24</PriceUpdateDate><ItemCode>7290015025423</ItemCode><ItemType>1</ItemType><ItemName>טוסו חטיף דגנים עם ח</ItemName><ManufacturerName>טוסו</ManufacturerName><ManufactureCountry>לא ידוע</ManufactureCountry><ManufacturerItemDescription>טוסו חטיף דגנים עם ח</ManufacturerItemDescription><SoldByWeight/><Quantity>120.00</Quantity><UnitOfMeasure>גרם     </UnitOfMeasure><QtyInPackage>לא ידוע</QtyInPackage><UnitOfMeasurePrice>0.1408</UnitOfMeasurePrice><AllowDiscount>1</AllowDiscount><ItemStatus>1</ItemStatus><ItemPrice>16.90</ItemPrice></item><item><PriceUpdateDate>2016-02-18 11:10:34</PriceUpdateDate><ItemCode>7290015139113</ItemCode><ItemType>1</ItemType><ItemName>כרמית שוקולד ציפס לב</ItemName><ManufacturerName>כרמית</ManufacturerName><ManufactureCountry>ישראל</ManufactureCountry><ManufacturerItemDescription>כרמית שוקולד ציפס לב</ManufacturerItemDescription><SoldByWeight/><Quantity>250.00</Quantity><UnitOfMeasure>גרם     </UnitOfMeasure><QtyInPackage>לא ידוע</QtyInPackage><UnitOfMeasurePrice>0.0556</UnitOfMeasurePrice><AllowDiscount>1</AllowDiscount><ItemStatus>1</ItemStatus><ItemPrice>13.90</ItemPrice></item><item><PriceUpdateDate>2016-02-18 11:10:34</PriceUpdateDate><ItemCode>7290015139496</ItemCode><ItemType>1</ItemType><ItemName>מיקסים שוק.חלב וקרמל</ItemName><ManufacturerName>כרמית</ManufacturerName><ManufactureCountry>ישראל</ManufactureCountry><ManufacturerItemDescription>מיקס חטיפים לבן וקורנפלקס</ManufacturerItemDescription><SoldByWeight/><Quantity>55.00</Quantity><UnitOfMeasure>גרם     </UnitOfMeasure><QtyInPackage>לא ידוע</QtyInPackage><UnitOfMeasurePrice>0.0891</UnitOfMeasurePrice><AllowDiscount>1</AllowDiscount><ItemStatus>1</ItemStatus><ItemPrice>4.90</ItemPrice></item><item><PriceUpdateDate>2016-06-15 08:33:18</PriceUpdateDate><ItemCode>7290015150071</ItemCode><ItemType>1</ItemType><ItemName>סופר או'ז סנדויץ' ונ</ItemName><ManufacturerName>לא ממותג</ManufacturerName><ManufactureCountry>ישראל</ManufactureCountry><ManufacturerItemDescription>סופר או'ז סנדויץ' ונ</ManufacturerItemDescription><SoldByWeight/><Quantity>165.00</Quantity><UnitOfMeasure>גרם     </UnitOfMeasure><QtyInPackage>לא ידוע</QtyInPackage><UnitOfMeasurePrice>0.0479</UnitOfMeasurePrice><AllowDiscount>1</AllowDiscount><ItemStatus>1</ItemStatus><ItemPrice>7.90</ItemPrice></item><item><PriceUpdateDate>2016-06-28 09:29:38</PriceUpdateDate><ItemCode>7290015150118</ItemCode><ItemType>1</ItemType><ItemName>עגבניות חתוכות דק 3*</ItemName><ManufacturerName>לא ממותג</ManufacturerName><ManufactureCountry>ישראל</ManufactureCountry><ManufacturerItemDescription>עגבניות חתוכות דק 3*</ManufacturerItemDescription><SoldByWeight/><Quantity>1200.00</Quantity><UnitOfMeasure>גרם     </UnitOfMeasure><QtyInPackage>לא ידוע</QtyInPackage><UnitOfMeasurePrice>0.0166</UnitOfMeasurePrice><AllowDiscount>1</AllowDiscount><ItemStatus>1</ItemStatus><ItemPrice>19.90</ItemPrice></item><item><PriceUpdateDate>2016-08-02 07:40:20</PriceUpdateDate><ItemCode>7290015150606</ItemCode><ItemType>1</ItemType><ItemName>מב תה ויסוצקידס קמומ</ItemName><ManufacturerName>ויסוצקידס</ManufacturerName><ManufactureCountry>ישראל</ManufactureCountry><ManufacturerItemDescription>ויסוצקידס חליטת פטל</ManufacturerItemDescription><SoldByWeight/><Quantity>30.00</Quantity><UnitOfMeasure>גרם     </UnitOfMeasure><QtyInPackage>לא ידוע</QtyInPackage><UnitOfMeasurePrice>0.4967</UnitOfMeasurePrice><AllowDiscount>1</AllowDiscount><ItemStatus>1</ItemStatus><ItemPrice>14.90</ItemPrice></item><item><PriceUpdateDate>2015-11-05 08:45:31</PriceUpdateDate><ItemCode>7290015150637</ItemCode><ItemType>1</ItemType><ItemName>סופר או'ז סנדויץ' שו</ItemName><ManufacturerName>לא ממותג</ManufacturerName><ManufactureCountry>ישראל</ManufactureCountry><ManufacturerItemDescription>סופר או'ז סנדויץ' שו</ManufacturerItemDescription><SoldByWeight/><Quantity>165.00</Quantity><UnitOfMeasure>גרם     </UnitOfMeasure><QtyInPackage>לא ידוע</QtyInPackage><UnitOfMeasurePrice>0.0479</UnitOfMeasurePrice><AllowDiscount>1</AllowDiscount><ItemStatus>1</ItemStatus><ItemPrice>7.90</ItemPrice></item><item><PriceUpdateDate>2016-05-01 08:13:52</PriceUpdateDate><ItemCode>7290015150729</ItemCode><ItemType>1</ItemType><ItemName>תה ירוק סקיני גריני</ItemName><ManufacturerName>ויסוצקי</ManufacturerName><ManufactureCountry>ישראל</ManufactureCountry><ManufacturerItemDescription>תה ירוק נענע</ManufacturerItemDescription><SoldByWeight/><Quantity>38.00</Quantity><UnitOfMeasure>גרם     </UnitOfMeasure><QtyInPackage>לא ידוע</QtyInPackage><UnitOfMeasurePrice>0.6553</UnitOfMeasurePrice><AllowDiscount>1</AllowDiscount><ItemStatus>1</ItemStatus><ItemPrice>24.90</ItemPrice></item><item><PriceUpdateDate>2016-08-02 07:40:20</PriceUpdateDate><ItemCode>7290015251150</ItemCode><ItemType>1</ItemType><ItemName>מב סבון נוזלי סגול ש</ItemName><ManufacturerName>"המותג"</ManufacturerName><ManufactureCountry>ישראל</ManufactureCountry><ManufacturerItemDescription>מב סבון נוזלי סגול ש</ManufacturerItemDescription><SoldByWeight/><Quantity>500.00</Quantity><UnitOfMeasure>מ"ל</UnitOfMeasure><QtyInPackage>לא ידוע</QtyInPackage><UnitOfMeasurePrice>0.0218</UnitOfMeasurePrice><AllowDiscount>1</AllowDiscount><ItemStatus>1</ItemStatus><ItemPrice>10.90</ItemPrice></item><item><PriceUpdateDate>2015-02-19 08:40:03</PriceUpdateDate><ItemCode>7290015251600</ItemCode><ItemType>1</ItemType><ItemName>נוזל רצפות דוחה חרקי</ItemName><ManufacturerName>"המותג"</ManufacturerName><ManufactureCountry>ישראל</ManufactureCountry><ManufacturerItemDescription>נוזל רצפות דוחה חרקי</ManufacturerItemDescription><SoldByWeight/><Quantity>2000.00</Quantity><UnitOfMeasure>מ"ל</UnitOfMeasure><QtyInPackage>לא ידוע</QtyInPackage><UnitOfMeasurePrice>0.0070</UnitOfMeasurePrice><AllowDiscount>1</AllowDiscount><ItemStatus>1</ItemStatus><ItemPrice>13.90</ItemPrice></item><item><PriceUpdateDate>2015-12-17 09:13:47</PriceUpdateDate><ItemCode>7290015282031</ItemCode><ItemType>1</ItemType><ItemName>חומוס עם חריף 300 גר</ItemName><ManufacturerName>סלטי שמיר</ManufacturerName><ManufactureCountry>ישראל</ManufactureCountry><ManufacturerItemDescription>חומוס עם חריף 300 גר</ManufacturerItemDescription><SoldByWeight/><Quantity>300.00</Quantity><UnitOfMeasure>גרם     </UnitOfMeasure><QtyInPackage>לא ידוע</QtyInPackage><UnitOfMeasurePrice>0.0330</UnitOfMeasurePrice><AllowDiscount>1</AllowDiscount><ItemStatus>1</ItemStatus><ItemPrice>9.90</ItemPrice></item><item><PriceUpdateDate>2015-12-17 09:13:47</PriceUpdateDate><ItemCode>7290015282048</ItemCode><ItemType>1</ItemType><ItemName>חומוס מזרחי 300 גרם</ItemName><ManufacturerName>סלטי שמיר</ManufacturerName><ManufactureCountry>ישראל</ManufactureCountry><ManufacturerItemDescription>חומוס מזרחי 300 גרם</ManufacturerItemDescription><SoldByWeight/><Quantity>300.00</Quantity><UnitOfMeasure>גרם     </UnitOfMeasure><QtyInPackage>לא ידוע</QtyInPackage><UnitOfMeasurePrice>0.0330</UnitOfMeasurePrice><AllowDiscount>1</AllowDiscount><ItemStatus>1</ItemStatus><ItemPrice>9.90</ItemPrice></item><item><PriceUpdateDate>2015-10-22 10:37:44</PriceUpdateDate><ItemCode>7290015282284</ItemCode><ItemType>1</ItemType><ItemName>סלט כרוב אדום 300 גר</ItemName><ManufacturerName>סלטי שמיר</ManufacturerName><ManufactureCountry>ישראל</ManufactureCountry><ManufacturerItemDescription>סלט כרוב אדום 300 גר</ManufacturerItemDescription><SoldByWeight/><Quantity>300.00</Quantity><UnitOfMeasure>גרם     </UnitOfMeasure><QtyInPackage>לא ידוע</QtyInPackage><UnitOfMeasurePrice>0.0337</UnitOfMeasurePrice><AllowDiscount>1</AllowDiscount><ItemStatus>1</ItemStatus><ItemPrice>10.10</ItemPrice></item><item><PriceUpdateDate>2015-12-17 09:13:47</PriceUpdateDate><ItemCode>7290015282291</ItemCode><ItemType>1</ItemType><ItemName>טחינה ביתית 300 גרם</ItemName><ManufacturerName>סלטי שמיר</ManufacturerName><ManufactureCountry>ישראל</ManufactureCountry><ManufacturerItemDescription>טחינה ביתית 300 גרם</ManufacturerItemDescription><SoldByWeight/><Quantity>300.00</Quantity><UnitOfMeasure>גרם     </UnitOfMeasure><QtyInPackage>לא ידוע</QtyInPackage><UnitOfMeasurePrice>0.0330</UnitOfMeasurePrice><AllowDiscount>1</AllowDiscount><ItemStatus>1</ItemStatus><ItemPrice>9.90</ItemPrice></item><item><PriceUpdateDate>2015-12-17 09:13:47</PriceUpdateDate><ItemCode>7290015282307</ItemCode><ItemType>1</ItemType><ItemName>סלט חציל במיונז 300</ItemName><ManufacturerName>סלטי שמיר</ManufacturerName><ManufactureCountry>ישראל</ManufactureCountry><ManufacturerItemDescription>סלט חציל במיונז 300</ManufacturerItemDescription><SoldByWeight/><Quantity>300.00</Quantity><UnitOfMeasure>גרם     </UnitOfMeasure><QtyInPackage>לא ידוע</QtyInPackage><UnitOfMeasurePrice>0.0330</UnitOfMeasurePrice><AllowDiscount>1</AllowDiscount><ItemStatus>1</ItemStatus><ItemPrice>9.90</ItemPrice></item><item><PriceUpdateDate>2015-12-17 09:13:47</PriceUpdateDate><ItemCode>7290015282314</ItemCode><ItemType>1</ItemType><ItemName>סלט קולסלואו אמריקאי</ItemName><ManufacturerName>סלטי שמיר</ManufacturerName><ManufactureCountry>ישראל</ManufactureCountry><ManufacturerItemDescription>סלט קולסלואו אמריקאי</ManufacturerItemDescription><SoldByWeight/><Quantity>300.00</Quantity><UnitOfMeasure>גרם     </UnitOfMeasure><QtyInPackage>לא ידוע</QtyInPackage><UnitOfMeasurePrice>0.0330</UnitOfMeasurePrice><AllowDiscount>1</AllowDiscount><ItemStatus>1</ItemStatus><ItemPrice>9.90</ItemPrice></item><item><PriceUpdateDate>2015-12-17 09:13:47</PriceUpdateDate><ItemCode>7290015282338</ItemCode><ItemType>1</ItemType><ItemName>סלט מטבוחה 300 גרם</ItemName><ManufacturerName>סלטי שמיר</ManufacturerName><ManufactureCountry>ישראל</ManufactureCountry><ManufacturerItemDescription>סלט מטבוחה 300 גרם</ManufacturerItemDescription><SoldByWeight/><Quantity>300.00</Quantity><UnitOfMeasure>גרם     </UnitOfMeasure><QtyInPackage>לא ידוע</QtyInPackage><UnitOfMeasurePrice>0.0330</UnitOfMeasurePrice><AllowDiscount>1</AllowDiscount><ItemStatus>1</ItemStatus><ItemPrice>9.90</ItemPrice></item><item><PriceUpdateDate>2015-12-17 09:13:47</PriceUpdateDate><ItemCode>7290015282345</ItemCode><ItemType>1</ItemType><ItemName>סלט תורכי איסטנבול 3</ItemName><ManufacturerName>סלטי שמיר</ManufacturerName><ManufactureCountry>ישראל</ManufactureCountry><ManufacturerItemDescription>סלט תורכי איסטנבול 3</ManufacturerItemDescription><SoldByWeight/><Quantity>300.00</Quantity><UnitOfMeasure>גרם     </UnitOfMeasure><QtyInPackage>לא ידוע</QtyInPackage><UnitOfMeasurePrice>0.0330</UnitOfMeasurePrice><AllowDiscount>1</AllowDiscount><ItemStatus>1</ItemStatus><ItemPrice>9.90</ItemPrice></item><item><PriceUpdateDate>2015-12-17 09:13:47</PriceUpdateDate><ItemCode>7290015282352</ItemCode><ItemType>1</ItemType><ItemName>סלט תפוחי אדמה 300 ג</ItemName><ManufacturerName>סלטי שמיר</ManufacturerName><ManufactureCountry>ישראל</ManufactureCountry><ManufacturerItemDescription>סלט תפוחי אדמה 300 ג</ManufacturerItemDescription><SoldByWeight/><Quantity>300.00</Quantity><UnitOfMeasure>גרם     </UnitOfMeasure><QtyInPackage>לא ידוע</QtyInPackage><UnitOfMeasurePrice>0.0330</UnitOfMeasurePrice><AllowDiscount>1</AllowDiscount><ItemStatus>1</ItemStatus><ItemPrice>9.90</ItemPrice></item><item><PriceUpdateDate>2015-12-17 09:13:47</PriceUpdateDate><ItemCode>7290015282956</ItemCode><ItemType>1</ItemType><ItemName>חציל בטחינה 300 גרם</ItemName><ManufacturerName>סלטי שמיר</ManufacturerName><ManufactureCountry>ישראל</ManufactureCountry><ManufacturerItemDescription>חציל בטחינה 300 גרם</ManufacturerItemDescription><SoldByWeight/><Quantity>300.00</Quantity><UnitOfMeasure>גרם     </UnitOfMeasure><QtyInPackage>לא ידוע</QtyInPackage><UnitOfMeasurePrice>0.0330</UnitOfMeasurePrice><AllowDiscount>1</AllowDiscount><ItemStatus>1</ItemStatus><ItemPrice>9.90</ItemPrice></item><item><PriceUpdateDate>2015-12-17 09:13:47</PriceUpdateDate><ItemCode>7290015282970</ItemCode><ItemType>1</ItemType><ItemName>חציל רומני 300 גרם</ItemName><ManufacturerName>סלטי שמיר</ManufacturerName><ManufactureCountry>ישראל</ManufactureCountry><ManufacturerItemDescription>חציל רומני 300 גרם</ManufacturerItemDescription><SoldByWeight/><Quantity>300.00</Quantity><UnitOfMeasure>גרם     </UnitOfMeasure><QtyInPackage>לא ידוע</QtyInPackage><UnitOfMeasurePrice>0.0330</UnitOfMeasurePrice><AllowDiscount>1</AllowDiscount><ItemStatus>1</ItemStatus><ItemPrice>9.90</ItemPrice></item><item><PriceUpdateDate>2015-11-18 14:00:02</PriceUpdateDate><ItemCode>7290015324007</ItemCode><ItemType>1</ItemType><ItemName>פלפל שחור גרוס 80 גר</ItemName><ManufacturerName>תבליני טעם וריח</ManufacturerName><ManufactureCountry>ישראל</ManufactureCountry><ManufacturerItemDescription>פלפל שחור גרוס 80 גר</ManufacturerItemDescription><SoldByWeight/><Quantity>80.00</Quantity><UnitOfMeasure>גרם     </UnitOfMeasure><QtyInPackage>לא ידוע</QtyInPackage><UnitOfMeasurePrice>0.1900</UnitOfMeasurePrice><AllowDiscount>1</AllowDiscount><ItemStatus>1</ItemStatus><ItemPrice>15.20</ItemPrice></item><item><PriceUpdateDate>2015-10-22 10:37:44</PriceUpdateDate><ItemCode>7290015324014</ItemCode><ItemType>1</ItemType><ItemName>פלפל שחור טחון 80 גר</ItemName><ManufacturerName>טעם וריח</ManufacturerName><ManufactureCountry>ישראל</ManufactureCountry><ManufacturerItemDescription>פלפל שחור טחון 80 גרם</ManufacturerItemDescription><SoldByWeight/><Quantity>80.00</Quantity><UnitOfMeasure>גרם     </UnitOfMeasure><QtyInPackage>לא ידוע</QtyInPackage><UnitOfMeasurePrice>0.1900</UnitOfMeasurePrice><AllowDiscount>1</AllowDiscount><ItemStatus>1</ItemStatus><ItemPrice>15.20</ItemPrice></item><item><PriceUpdateDate>2016-05-31 06:56:56</PriceUpdateDate><ItemCode>7290015324038</ItemCode><ItemType>1</ItemType><ItemName>פפריקה בשמן 80 גרם</ItemName><ManufacturerName>תבליני טעם וריח</ManufacturerName><ManufactureCountry>ישראל</ManufactureCountry><ManufacturerItemDescription>פפריקה בשמן 80 גרם</ManufacturerItemDescription><SoldByWeight/><Quantity>80.00</Quantity><UnitOfMeasure>גרם     </UnitOfMeasure><QtyInPackage>לא ידוע</QtyInPackage><UnitOfMeasurePrice>0.0988</UnitOfMeasurePrice><AllowDiscount>1</AllowDiscount><ItemStatus>1</ItemStatus><ItemPrice>7.90</ItemPrice></item><item><PriceUpdateDate>2016-05-31 06:56:57</PriceUpdateDate><ItemCode>7290015324052</ItemCode><ItemType>1</ItemType><ItemName>פפריקה מתוקה 80 גרם</ItemName><ManufacturerName>תבליני טעם וריח</ManufacturerName><ManufactureCountry>ישראל</ManufactureCountry><ManufacturerItemDescription>פפריקה מתוקה 80 גרם</ManufacturerItemDescription><SoldByWeight/><Quantity>80.00</Quantity><UnitOfMeasure>גרם     </UnitOfMeasure><QtyInPackage>לא ידוע</QtyInPackage><UnitOfMeasurePrice>0.0988</UnitOfMeasurePrice><AllowDiscount>1</AllowDiscount><ItemStatus>1</ItemStatus><ItemPrice>7.90</ItemPrice></item><item><PriceUpdateDate>2015-11-18 14:00:02</PriceUpdateDate><ItemCode>7290015324069</ItemCode><ItemType>1</ItemType><ItemName>גריל עוף 80 גרם</ItemName><ManufacturerName>טעם וריח</ManufacturerName><ManufactureCountry>ישראל</ManufactureCountry><ManufacturerItemDescription>גריל עוף 80 גרם</ManufacturerItemDescription><SoldByWeight/><Quantity>80.00</Quantity><UnitOfMeasure>גרם     </UnitOfMeasure><QtyInPackage>לא ידוע</QtyInPackage><UnitOfMeasurePrice>0.0887</UnitOfMeasurePrice><AllowDiscount>1</AllowDiscount><ItemStatus>1</ItemStatus><ItemPrice>7.10</ItemPrice></item><item><PriceUpdateDate>2016-05-31 06:56:57</PriceUpdateDate><ItemCode>7290015324083</ItemCode><ItemType>1</ItemType><ItemName>מלח לימון 80 גרם</ItemName><ManufacturerName>תבליני טעם וריח</ManufacturerName><ManufactureCountry>ישראל</ManufactureCountry><ManufacturerItemDescription>מלח לימון 80 גרם</ManufacturerItemDescription><SoldByWeight/><Quantity>80.00</Quantity><UnitOfMeasure>גרם     </UnitOfMeasure><QtyInPackage>לא ידוע</QtyInPackage><UnitOfMeasurePrice>0.0988</UnitOfMeasurePrice><AllowDiscount>1</AllowDiscount><ItemStatus>1</ItemStatus><ItemPrice>7.90</ItemPrice></item><item><PriceUpdateDate>2015-11-18 14:00:02</PriceUpdateDate><ItemCode>7290015324106</ItemCode><ItemType>1</ItemType><ItemName>כורכום 80 גרם</ItemName><ManufacturerName>תבליני טעם וריח</ManufacturerName><ManufactureCountry>ישראל</ManufactureCountry><ManufacturerItemDescription>כורכום 80 גרם</ManufacturerItemDescription><SoldByWeight/><Quantity>80.00</Quantity><UnitOfMeasure>גרם     </UnitOfMeasure><QtyInPackage>לא ידוע</QtyInPackage><UnitOfMeasurePrice>0.1012</UnitOfMeasurePrice><AllowDiscount>1</AllowDiscount><ItemStatus>1</ItemStatus><ItemPrice>8.10</ItemPrice></item><item><PriceUpdateDate>2015-11-18 14:00:02</PriceUpdateDate><ItemCode>7290015324120</ItemCode><ItemType>1</ItemType><ItemName>אבקת שום 80 גרם</ItemName><ManufacturerName>טעם וריח</ManufacturerName><ManufactureCountry>ישראל</ManufactureCountry><ManufacturerItemDescription>אבקת שום 80 גרם</ManufacturerItemDescription><SoldByWeight/><Quantity>80.00</Quantity><UnitOfMeasure>גרם     </UnitOfMeasure><QtyInPackage>לא ידוע</QtyInPackage><UnitOfMeasurePrice>0.1063</UnitOfMeasurePrice><AllowDiscount>1</AllowDiscount><ItemStatus>1</ItemStatus><ItemPrice>8.50</ItemPrice></item><item><PriceUpdateDate>2016-05-31 06:56:57</PriceUpdateDate><ItemCode>7290015324168</ItemCode><ItemType>1</ItemType><ItemName>על האש ללא מונוסודיו</ItemName><ManufacturerName>תבליני טעם וריח</ManufacturerName><ManufactureCountry>ישראל</ManufactureCountry><ManufacturerItemDescription>על האש ללא מונוסודיום 80</ManufacturerItemDescription><SoldByWeight/><Quantity>80.00</Quantity><UnitOfMeasure>גרם     </UnitOfMeasure><QtyInPackage>לא ידוע</QtyInPackage><UnitOfMeasurePrice>0.0988</UnitOfMeasurePrice><AllowDiscount>1</AllowDiscount><ItemStatus>1</ItemStatus><ItemPrice>7.90</ItemPrice></item><item><PriceUpdateDate>2016-05-31 06:56:57</PriceUpdateDate><ItemCode>7290015324175</ItemCode><ItemType>1</ItemType><ItemName>שווארמה ללא מונוסודי</ItemName><ManufacturerName>תבליני טעם וריח</ManufacturerName><ManufactureCountry>ישראל</ManufactureCountry><ManufacturerItemDescription>שווארמה ללא מונוסודי</ManufacturerItemDescription><SoldByWeight/><Quantity>80.00</Quantity><UnitOfMeasure>גרם     </UnitOfMeasure><QtyInPackage>לא ידוע</QtyInPackage><UnitOfMeasurePrice>0.0988</UnitOfMeasurePrice><AllowDiscount>1</AllowDiscount><ItemStatus>1</ItemStatus><ItemPrice>7.90</ItemPrice></item><item><PriceUpdateDate>2015-11-18 14:00:02</PriceUpdateDate><ItemCode>7290015324212</ItemCode><ItemType>1</ItemType><ItemName>מרינדת עוף שום עשבי</ItemName><ManufacturerName>טעם וריח</ManufacturerName><ManufactureCountry>ישראל</ManufactureCountry><ManufacturerItemDescription>מרינדת עוף שום עשבי</ManufacturerItemDescription><SoldByWeight/><Quantity>25.00</Quantity><UnitOfMeasure>גרם     </UnitOfMeasure><QtyInPackage>לא ידוע</QtyInPackage><UnitOfMeasurePrice>0.2440</UnitOfMeasurePrice><AllowDiscount>1</AllowDiscount><ItemStatus>1</ItemStatus><ItemPrice>6.10</ItemPrice></item><item><PriceUpdateDate>2016-08-10 08:23:21</PriceUpdateDate><ItemCode>7290015366663</ItemCode><ItemType>1</ItemType><ItemName>משחת שיניים אקווה פר</ItemName><ManufacturerName>אקווה פרש</ManufacturerName><ManufactureCountry>ישראל</ManufactureCountry><ManufacturerItemDescription>א.פרש מנטה 100 מל</ManufacturerItemDescription><SoldByWeight/><Quantity>100.00</Quantity><UnitOfMeasure>מ"ל</UnitOfMeasure><QtyInPackage>לא ידוע</QtyInPackage><UnitOfMeasurePrice>0.1140</UnitOfMeasurePrice><AllowDiscount>1</AllowDiscount><ItemStatus>1</ItemStatus><ItemPrice>11.40</ItemPrice></item><item><PriceUpdateDate>2016-08-10 08:23:21</PriceUpdateDate><ItemCode>7290015366670</ItemCode><ItemType>1</ItemType><ItemName>משחת שיניים אקווה פר</ItemName><ManufacturerName>אקווה פרש</ManufacturerName><ManufactureCountry>ישראל</ManufactureCountry><ManufacturerItemDescription>א.פרש מנטה 100 מל</ManufacturerItemDescription><SoldByWeight/><Quantity>100.00</Quantity><UnitOfMeasure>מ"ל</UnitOfMeasure><QtyInPackage>לא ידוע</QtyInPackage><UnitOfMeasurePrice>0.1140</UnitOfMeasurePrice><AllowDiscount>1</AllowDiscount><ItemStatus>1</ItemStatus><ItemPrice>11.40</ItemPrice></item><item><PriceUpdateDate>2016-06-28 09:29:39</PriceUpdateDate><ItemCode>7290015437523</ItemCode><ItemType>1</ItemType><ItemName>לה פסטה דפי לזניה 50</ItemName><ManufacturerName>לא ממותג</ManufacturerName><ManufactureCountry>ישראל</ManufactureCountry><ManufacturerItemDescription>לה פסטה דפי לזניה 50</ManufacturerItemDescription><SoldByWeight/><Quantity>500.00</Quantity><UnitOfMeasure>גרם     </UnitOfMeasure><QtyInPackage>לא ידוע</QtyInPackage><UnitOfMeasurePrice>0.0268</UnitOfMeasurePrice><AllowDiscount>1</AllowDiscount><ItemStatus>1</ItemStatus><ItemPrice>13.40</ItemPrice></item><item><PriceUpdateDate>2016-08-02 07:40:23</PriceUpdateDate><ItemCode>7290015596268</ItemCode><ItemType>1</ItemType><ItemName>מב אלכו-ג'ל אפרסק 10</ItemName><ManufacturerName>ד"ר פישר</ManufacturerName><ManufactureCountry>לא ידוע</ManufactureCountry><ManufacturerItemDescription>מב אלכו-ג'ל אפרסק 10</ManufacturerItemDescription><SoldByWeight/><Quantity>100.00</Quantity><UnitOfMeasure>מ"ל</UnitOfMeasure><QtyInPackage>לא ידוע</QtyInPackage><UnitOfMeasurePrice>0.1090</UnitOfMeasurePrice><AllowDiscount>1</AllowDiscount><ItemStatus>1</ItemStatus><ItemPrice>10.90</ItemPrice></item><item><PriceUpdateDate>2016-08-02 07:40:23</PriceUpdateDate><ItemCode>7290015596398</ItemCode><ItemType>1</ItemType><ItemName>מב אלכו-ג'ל קיווי לי</ItemName><ManufacturerName>ד"ר פישר</ManufacturerName><ManufactureCountry>לא ידוע</ManufactureCountry><ManufacturerItemDescription>מב אלכו-ג'ל קיווי לי</ManufacturerItemDescription><SoldByWeight/><Quantity>100.00</Quantity><UnitOfMeasure>מ"ל</UnitOfMeasure><QtyInPackage>לא ידוע</QtyInPackage><UnitOfMeasurePrice>0.1090</UnitOfMeasurePrice><AllowDiscount>1</AllowDiscount><ItemStatus>1</ItemStatus><ItemPrice>10.90</ItemPrice></item><item><PriceUpdateDate>2015-11-18 14:00:04</PriceUpdateDate><ItemCode>7290015597203</ItemCode><ItemType>1</ItemType><ItemName>מאגדת ננסים סמי הכבא</ItemName><ManufacturerName>שטראוס גלידה</ManufacturerName><ManufactureCountry>לא ידוע</ManufactureCountry><ManufacturerItemDescription>מאגדת ננסים סמי הכבא</ManufacturerItemDescription><SoldByWeight/><Quantity>180.00</Quantity><UnitOfMeasure>גרם     </UnitOfMeasure><QtyInPackage>לא ידוע</QtyInPackage><UnitOfMeasurePrice>0.1694</UnitOfMeasurePrice><AllowDiscount>1</AllowDiscount><ItemStatus>1</ItemStatus><ItemPrice>30.50</ItemPrice></item><item><PriceUpdateDate>2016-03-01 06:14:26</PriceUpdateDate><ItemCode>7290015597234</ItemCode><ItemType>1</ItemType><ItemName>מאגדת  מיני לייט תות</ItemName><ManufacturerName>שטראוס לייט</ManufacturerName><ManufactureCountry>ישראל</ManufactureCountry><ManufacturerItemDescription>מאגדת לייט פרי</ManufacturerItemDescription><SoldByWeight/><Quantity>0.00</Quantity><UnitOfMeasure>גרם     </UnitOfMeasure><QtyInPackage>לא ידוע</QtyInPackage><UnitOfMeasurePrice>0.0000</UnitOfMeasurePrice><AllowDiscount>1</AllowDiscount><ItemStatus>1</ItemStatus><ItemPrice>28.50</ItemPrice></item><item><PriceUpdateDate>2016-08-02 07:40:23</PriceUpdateDate><ItemCode>7290015597265</ItemCode><ItemType>1</ItemType><ItemName>מב גלידת לוטוס 1 ליט</ItemName><ManufacturerName>שטראוס גלידה</ManufacturerName><ManufactureCountry>לא ידוע</ManufactureCountry><ManufacturerItemDescription>מב גלידת לוטוס 1 ליט</ManufacturerItemDescription><SoldByWeight/><Quantity>1000.00</Quantity><UnitOfMeasure>מ"ל</UnitOfMeasure><QtyInPackage>לא ידוע</QtyInPackage><UnitOfMeasurePrice>0.0189</UnitOfMeasurePrice><AllowDiscount>1</AllowDiscount><ItemStatus>1</ItemStatus><ItemPrice>18.90</ItemPrice></item><item><PriceUpdateDate>2016-02-15 12:44:41</PriceUpdateDate><ItemCode>7290015766005</ItemCode><ItemType>1</ItemType><ItemName>שרי וויטני 500 גרם</ItemName><ManufacturerName>ביכורי קטיף תעשיות</ManufacturerName><ManufactureCountry>לא ידוע</ManufactureCountry><ManufacturerItemDescription>שרי וויטני 500 גרם</ManufacturerItemDescription><SoldByWeight/><Quantity>500.00</Quantity><UnitOfMeasure>גרם     </UnitOfMeasure><QtyInPackage>לא ידוע</QtyInPackage><UnitOfMeasurePrice>0.0198</UnitOfMeasurePrice><AllowDiscount>1</AllowDiscount><ItemStatus>1</ItemStatus><ItemPrice>9.90</ItemPrice></item><item><PriceUpdateDate>2016-08-02 07:40:24</PriceUpdateDate><ItemCode>7290015781008</ItemCode><ItemType>1</ItemType><ItemName>מב יין מרלו 750 מ"ל</ItemName><ManufacturerName>VISION</ManufacturerName><ManufactureCountry>לא ידוע</ManufactureCountry><ManufacturerItemDescription>מב יין מרלו 750 מ"ל</ManufacturerItemDescription><SoldByWeight/><Quantity>750.00</Quantity><UnitOfMeasure>מ"ל</UnitOfMeasure><QtyInPackage>לא ידוע</QtyInPackage><UnitOfMeasurePrice>0.0439</UnitOfMeasurePrice><AllowDiscount>1</AllowDiscount><ItemStatus>1</ItemStatus><ItemPrice>32.90</ItemPrice></item><item><PriceUpdateDate>2015-11-25 09:50:16</PriceUpdateDate><ItemCode>7290015804080</ItemCode><ItemType>1</ItemType><ItemName>רסק עגבניות 100 גרם</ItemName><ManufacturerName>לא ממותג</ManufacturerName><ManufactureCountry>לא ידוע</ManufactureCountry><ManufacturerItemDescription>רסק עגבניות 100 גרם</ManufacturerItemDescription><SoldByWeight/><Quantity>100.00</Quantity><UnitOfMeasure>גרם     </UnitOfMeasure><QtyInPackage>לא ידוע</QtyInPackage><UnitOfMeasurePrice>0.0180</UnitOfMeasurePrice><AllowDiscount>1</AllowDiscount><ItemStatus>1</ItemStatus><ItemPrice>1.80</ItemPrice></item><item><PriceUpdateDate>2016-08-02 07:35:51</PriceUpdateDate><ItemCode>7290015872553</ItemCode><ItemType>1</ItemType><ItemName>מב חומוס מסעדה  700</ItemName><ManufacturerName>סלטי שמיר</ManufacturerName><ManufactureCountry>לא ידוע</ManufactureCountry><ManufacturerItemDescription>מב חומוס מסעדה  700</ManufacturerItemDescription><SoldByWeight/><Quantity>700.00</Quantity><UnitOfMeasure>גרם     </UnitOfMeasure><QtyInPackage>לא ידוע</QtyInPackage><UnitOfMeasurePrice>0.0114</UnitOfMeasurePrice><AllowDiscount>1</AllowDiscount><ItemStatus>1</ItemStatus><ItemPrice>8.00</ItemPrice></item><item><PriceUpdateDate>2016-03-01 06:14:28</PriceUpdateDate><ItemCode>7290015872737</ItemCode><ItemType>1</ItemType><ItemName>חומוס בומבה 700 גרם</ItemName><ManufacturerName>סלטי שמיר</ManufacturerName><ManufactureCountry>לא ידוע</ManufactureCountry><ManufacturerItemDescription>חומוס בומבה 700 גרם</ManufacturerItemDescription><SoldByWeight/><Quantity>700.00</Quantity><UnitOfMeasure>גרם     </UnitOfMeasure><QtyInPackage>לא ידוע</QtyInPackage><UnitOfMeasurePrice>0.0141</UnitOfMeasurePrice><AllowDiscount>1</AllowDiscount><ItemStatus>1</ItemStatus><ItemPrice>9.90</ItemPrice></item><item><PriceUpdateDate>2016-03-01 06:18:29</PriceUpdateDate><ItemCode>7290016006179</ItemCode><ItemType>1</ItemType><ItemName>תפוזינה ליצ'י נענע 1</ItemName><ManufacturerName>תפוזינה</ManufacturerName><ManufactureCountry>ישראל</ManufactureCountry><ManufacturerItemDescription>תפוזינה ליצ'י נענע 1</ManufacturerItemDescription><SoldByWeight/><Quantity>1500.00</Quantity><UnitOfMeasure>מ"ל</UnitOfMeasure><QtyInPackage>לא ידוע</QtyInPackage><UnitOfMeasurePrice>0.0050</UnitOfMeasurePrice><AllowDiscount>1</AllowDiscount><ItemStatus>1</ItemStatus><ItemPrice>7.50</ItemPrice></item><item><PriceUpdateDate>2016-05-01 08:13:53</PriceUpdateDate><ItemCode>7290016006292</ItemCode><ItemType>1</ItemType><ItemName>נקטר ספרינג מנגו בננ</ItemName><ManufacturerName>ספרינג</ManufacturerName><ManufactureCountry>ישראל</ManufactureCountry><ManufacturerItemDescription>ספרינג נקטר תות בננה 1 לק</ManufacturerItemDescription><SoldByWeight/><Quantity>1000.00</Quantity><UnitOfMeasure>מ"ל</UnitOfMeasure><QtyInPackage>לא ידוע</QtyInPackage><UnitOfMeasurePrice>0.0067</UnitOfMeasurePrice><AllowDiscount>1</AllowDiscount><ItemStatus>1</ItemStatus><ItemPrice>6.70</ItemPrice></item><item><PriceUpdateDate>2016-05-31 06:57:00</PriceUpdateDate><ItemCode>7290016006360</ItemCode><ItemType>1</ItemType><ItemName>שוופס מוגז פירות תות</ItemName><ManufacturerName>שוופס</ManufacturerName><ManufactureCountry>ישראל</ManufactureCountry><ManufacturerItemDescription>שוופס פירות אשכולית אדומה</ManufacturerItemDescription><SoldByWeight/><Quantity>1500.00</Quantity><UnitOfMeasure>מ"ל</UnitOfMeasure><QtyInPackage>לא ידוע</QtyInPackage><UnitOfMeasurePrice>0.0053</UnitOfMeasurePrice><AllowDiscount>1</AllowDiscount><ItemStatus>1</ItemStatus><ItemPrice>7.90</ItemPrice></item><item><PriceUpdateDate>2016-06-28 09:29:40</PriceUpdateDate><ItemCode>7290016079258</ItemCode><ItemType>1</ItemType><ItemName>מארז עוגיות אוראו לש</ItemName><ManufacturerName>אוראו</ManufacturerName><ManufactureCountry>ספרד</ManufactureCountry><ManufacturerItemDescription>דפי לזניה       ם</ManufacturerItemDescription><SoldByWeight/><Quantity>396.00</Quantity><UnitOfMeasure>גרם     </UnitOfMeasure><QtyInPackage>לא ידוע</QtyInPackage><UnitOfMeasurePrice>0.0629</UnitOfMeasurePrice><AllowDiscount>1</AllowDiscount><ItemStatus>1</ItemStatus><ItemPrice>24.90</ItemPrice></item><item><PriceUpdateDate>2015-12-17 09:13:21</PriceUpdateDate><ItemCode>7290016087055</ItemCode><ItemType>1</ItemType><ItemName>רסק עגבניות  100 גרם</ItemName><ManufacturerName>לא ממותג</ManufacturerName><ManufactureCountry>ישראל</ManufactureCountry><ManufacturerItemDescription>רסק עגבניות 100 22% גר</ManufacturerItemDescription><SoldByWeight/><Quantity>100.00</Quantity><UnitOfMeasure>גרם     </UnitOfMeasure><QtyInPackage>לא ידוע</QtyInPackage><UnitOfMeasurePrice>0.0190</UnitOfMeasurePrice><AllowDiscount>1</AllowDiscount><ItemStatus>1</ItemStatus><ItemPrice>1.90</ItemPrice></item><item><PriceUpdateDate>2016-03-02 09:41:12</PriceUpdateDate><ItemCode>7290016087062</ItemCode><ItemType>1</ItemType><ItemName>רסק עגבניות 260 גרם</ItemName><ManufacturerName>לא ממותג</ManufacturerName><ManufactureCountry>ישראל</ManufactureCountry><ManufacturerItemDescription>רסק עגבניות 260 22% גרם</ManufacturerItemDescription><SoldByWeight/><Quantity>260.00</Quantity><UnitOfMeasure>גרם     </UnitOfMeasure><QtyInPackage>לא ידוע</QtyInPackage><UnitOfMeasurePrice>0.0146</UnitOfMeasurePrice><AllowDiscount>1</AllowDiscount><ItemStatus>1</ItemStatus><ItemPrice>3.80</ItemPrice></item><item><PriceUpdateDate>2015-11-18 14:00:06</PriceUpdateDate><ItemCode>7290016171518</ItemCode><ItemType>1</ItemType><ItemName>אסם דגיגים למרק 450</ItemName><ManufacturerName>אסם</ManufacturerName><ManufactureCountry>לא ידוע</ManufactureCountry><ManufacturerItemDescription>אסם דגיגים למרק 450</ManufacturerItemDescription><SoldByWeight/><Quantity>450.00</Quantity><UnitOfMeasure>גרם     </UnitOfMeasure><QtyInPackage>לא ידוע</QtyInPackage><UnitOfMeasurePrice>0.0176</UnitOfMeasurePrice><AllowDiscount>1</AllowDiscount><ItemStatus>1</ItemStatus><ItemPrice>7.90</ItemPrice></item><item><PriceUpdateDate>2016-02-10 08:12:46</PriceUpdateDate><ItemCode>7290016188356</ItemCode><ItemType>1</ItemType><ItemName>יין סלקטד קברנה סובי</ItemName><ManufacturerName>סלקטד יקבי כרמל</ManufacturerName><ManufactureCountry>ישראל</ManufactureCountry><ManufacturerItemDescription>יין סלקטד קברנה סוביניון7</ManufacturerItemDescription><SoldByWeight/><Quantity>900.00</Quantity><UnitOfMeasure>מ"ל</UnitOfMeasure><QtyInPackage>לא ידוע</QtyInPackage><UnitOfMeasurePrice>0.0332</UnitOfMeasurePrice><AllowDiscount>1</AllowDiscount><ItemStatus>1</ItemStatus><ItemPrice>29.90</ItemPrice></item><item><PriceUpdateDate>2016-05-31 07:03:25</PriceUpdateDate><ItemCode>7290016188363</ItemCode><ItemType>1</ItemType><ItemName>יין סלקטד מרלו 20% ת</ItemName><ManufacturerName>סלקטד יקבי כרמל</ManufacturerName><ManufactureCountry>ישראל</ManufactureCountry><ManufacturerItemDescription>יין סלקטד מרלו 750 מל</ManufacturerItemDescription><SoldByWeight/><Quantity>900.00</Quantity><UnitOfMeasure>מ"ל</UnitOfMeasure><QtyInPackage>לא ידוע</QtyInPackage><UnitOfMeasurePrice>0.0254</UnitOfMeasurePrice><AllowDiscount>1</AllowDiscount><ItemStatus>1</ItemStatus><ItemPrice>22.90</ItemPrice></item><item><PriceUpdateDate>2016-05-31 07:03:25</PriceUpdateDate><ItemCode>7290016188615</ItemCode><ItemType>1</ItemType><ItemName>מיץ תירוש אדום 1 ליט</ItemName><ManufacturerName>תירוש יקבי כרמל</ManufacturerName><ManufactureCountry>ישראל</ManufactureCountry><ManufacturerItemDescription>מיץ ענבים תירוש אדום 1 ל</ManufacturerItemDescription><SoldByWeight/><Quantity>1000.00</Quantity><UnitOfMeasure>מ"ל</UnitOfMeasure><QtyInPackage>לא ידוע</QtyInPackage><UnitOfMeasurePrice>0.0177</UnitOfMeasurePrice><AllowDiscount>1</AllowDiscount><ItemStatus>1</ItemStatus><ItemPrice>17.70</ItemPrice></item><item><PriceUpdateDate>2016-08-02 07:51:11</PriceUpdateDate><ItemCode>7290055090702</ItemCode><ItemType>1</ItemType><ItemName>מב איגלו שלוקים 70 י</ItemName><ManufacturerName>כרמית</ManufacturerName><ManufactureCountry>ישראל</ManufactureCountry><ManufacturerItemDescription>מב איגלו שלוקים 70 י</ManufacturerItemDescription><SoldByWeight/><Quantity>70.00</Quantity><UnitOfMeasure>יח'</UnitOfMeasure><QtyInPackage>לא ידוע</QtyInPackage><UnitOfMeasurePrice>0.1557</UnitOfMeasurePrice><AllowDiscount>1</AllowDiscount><ItemStatus>1</ItemStatus><ItemPrice>10.90</ItemPrice></item><item><PriceUpdateDate>2016-06-30 06:41:37</PriceUpdateDate><ItemCode>7290055090979</ItemCode><ItemType>1</ItemType><ItemName>עוגיות מיני קוקיס שו</ItemName><ManufacturerName>כרמית</ManufacturerName><ManufactureCountry>ישראל</ManufactureCountry><ManufacturerItemDescription>עוגיות מיני קוקיס שו</ManufacturerItemDescription><SoldByWeight/><Quantity>600.00</Quantity><UnitOfMeasure>גרם     </UnitOfMeasure><QtyInPackage>לא ידוע</QtyInPackage><UnitOfMeasurePrice>0.0277</UnitOfMeasurePrice><AllowDiscount>1</AllowDiscount><ItemStatus>1</ItemStatus><ItemPrice>16.60</ItemPrice></item><item><PriceUpdateDate>2015-11-17 14:06:40</PriceUpdateDate><ItemCode>7290100240144</ItemCode><ItemType>1</ItemType><ItemName>ספריי למייבש בדין ור</ItemName><ManufacturerName>בדין</ManufacturerName><ManufactureCountry>ישראל</ManufactureCountry><ManufacturerItemDescription>ספריי למייבש בדין ור</ManufacturerItemDescription><SoldByWeight/><Quantity>1000.00</Quantity><UnitOfMeasure>מ"ל</UnitOfMeasure><QtyInPackage>לא ידוע</QtyInPackage><UnitOfMeasurePrice>0.0216</UnitOfMeasurePrice><AllowDiscount>1</AllowDiscount><ItemStatus>1</ItemStatus><ItemPrice>21.60</ItemPrice></item><item><PriceUpdateDate>2016-05-31 07:03:27</PriceUpdateDate><ItemCode>7290100240656</ItemCode><ItemType>1</ItemType><ItemName>פתית 300 גרם</ItemName><ManufacturerName>פתית</ManufacturerName><ManufactureCountry>ישראל</ManufactureCountry><ManufacturerItemDescription>פתית שיפון 300 גרם</ManufacturerItemDescription><SoldByWeight/><Quantity>300.00</Quantity><UnitOfMeasure>גרם     </UnitOfMeasure><QtyInPackage>לא ידוע</QtyInPackage><UnitOfMeasurePrice>0.0590</UnitOfMeasurePrice><AllowDiscount>1</AllowDiscount><ItemStatus>1</ItemStatus><ItemPrice>17.70</ItemPrice></item><item><PriceUpdateDate>2016-05-31 06:57:01</PriceUpdateDate><ItemCode>7290100243084</ItemCode><ItemType>1</ItemType><ItemName>מיונז הלמנס אמיתי 78</ItemName><ManufacturerName>הלמנס</ManufacturerName><ManufactureCountry>ארצות הברית</ManufactureCountry><ManufacturerItemDescription>דאו.ספיד סטיק   סטיק 50</ManufacturerItemDescription><SoldByWeight/><Quantity>789.00</Quantity><UnitOfMeasure>גרם     </UnitOfMeasure><QtyInPackage>לא ידוע</QtyInPackage><UnitOfMeasurePrice>0.0341</UnitOfMeasurePrice><AllowDiscount>1</AllowDiscount><ItemStatus>1</ItemStatus><ItemPrice>26.90</ItemPrice></item><item><PriceUpdateDate>2016-05-31 07:03:27</PriceUpdateDate><ItemCode>7290100243671</ItemCode><ItemType>1</ItemType><ItemName>מרכך כביסה בדין אקסט</ItemName><ManufacturerName>בדין</ManufacturerName><ManufactureCountry>ישראל</ManufactureCountry><ManufacturerItemDescription>מרכך כביסה בדין  960 מ"ל</ManufacturerItemDescription><SoldByWeight/><Quantity>960.00</Quantity><UnitOfMeasure>מ"ל</UnitOfMeasure><QtyInPackage>לא ידוע</QtyInPackage><UnitOfMeasurePrice>0.0176</UnitOfMeasurePrice><AllowDiscount>0</AllowDiscount><ItemStatus>1</ItemStatus><ItemPrice>16.90</ItemPrice></item><item><PriceUpdateDate>2016-05-31 07:03:27</PriceUpdateDate><ItemCode>7290100243688</ItemCode><ItemType>1</ItemType><ItemName>מרכך כביסה בדין אקסט</ItemName><ManufacturerName>בדין</ManufacturerName><ManufactureCountry>ישראל</ManufactureCountry><ManufacturerItemDescription>מרכך כביסה בדין  960 מ"ל</ManufacturerItemDescription><SoldByWeight/><Quantity>960.00</Quantity><UnitOfMeasure>מ"ל</UnitOfMeasure><QtyInPackage>לא ידוע</QtyInPackage><UnitOfMeasurePrice>0.0176</UnitOfMeasurePrice><AllowDiscount>0</AllowDiscount><ItemStatus>1</ItemStatus><ItemPrice>16.90</ItemPrice></item><item><PriceUpdateDate>2016-06-28 09:31:32</PriceUpdateDate><ItemCode>7290100244609</ItemCode><ItemType>1</ItemType><ItemName>מב רוטב הלמנס לסלט א</ItemName><ManufacturerName>הלמנס</ManufacturerName><ManufactureCountry>ישראל</ManufactureCountry><ManufacturerItemDescription>מב רוטב הלמנס לסלט א</ManufacturerItemDescription><SoldByWeight/><Quantity>290.00</Quantity><UnitOfMeasure>מ"ל</UnitOfMeasure><QtyInPackage>לא ידוע</QtyInPackage><UnitOfMeasurePrice>0.0345</UnitOfMeasurePrice><AllowDiscount>1</AllowDiscount><ItemStatus>1</ItemStatus><ItemPrice>10.00</ItemPrice></item><item><PriceUpdateDate>2016-08-02 07:51:12</PriceUpdateDate><ItemCode>7290100247075</ItemCode><ItemType>1</ItemType><ItemName>מב תחליב רחצה פינוק</ItemName><ManufacturerName>פינוק</ManufacturerName><ManufactureCountry>ישראל</ManufactureCountry><ManufacturerItemDescription>מב תחליב רחצה פינוק</ManufacturerItemDescription><SoldByWeight/><Quantity>700.00</Quantity><UnitOfMeasure>מ"ל</UnitOfMeasure><QtyInPackage>לא ידוע</QtyInPackage><UnitOfMeasurePrice>0.0141</UnitOfMeasurePrice><AllowDiscount>1</AllowDiscount><ItemStatus>1</ItemStatus><ItemPrice>9.90</ItemPrice></item><item><PriceUpdateDate>2016-05-01 08:13:54</PriceUpdateDate><ItemCode>7290100249352</ItemCode><ItemType>1</ItemType><ItemName>מרק קנור טעם עוף בד"</ItemName><ManufacturerName>קנור</ManufacturerName><ManufactureCountry>ישראל</ManufactureCountry><ManufacturerItemDescription>מרק קנור בטעם עוף 400 גרם</ManufacturerItemDescription><SoldByWeight/><Quantity>400.00</Quantity><UnitOfMeasure>גרם     </UnitOfMeasure><QtyInPackage>לא ידוע</QtyInPackage><UnitOfMeasurePrice>0.0480</UnitOfMeasurePrice><AllowDiscount>1</AllowDiscount><ItemStatus>1</ItemStatus><ItemPrice>19.20</ItemPrice></item><item><PriceUpdateDate>2016-06-28 09:29:41</PriceUpdateDate><ItemCode>7290100249628</ItemCode><ItemType>1</ItemType><ItemName>רוטב לעוף קנור סויה</ItemName><ManufacturerName>קנור</ManufacturerName><ManufactureCountry>ישראל</ManufactureCountry><ManufacturerItemDescription>רוטב לעוף קנור סויה</ManufacturerItemDescription><SoldByWeight/><Quantity>320.00</Quantity><UnitOfMeasure>גרם     </UnitOfMeasure><QtyInPackage>לא ידוע</QtyInPackage><UnitOfMeasurePrice>0.0497</UnitOfMeasurePrice><AllowDiscount>1</AllowDiscount><ItemStatus>1</ItemStatus><ItemPrice>15.90</ItemPrice></item><item><PriceUpdateDate>2016-06-28 09:29:41</PriceUpdateDate><ItemCode>7290100249659</ItemCode><ItemType>1</ItemType><ItemName>רוטב לעוף קנור צ'ילי</ItemName><ManufacturerName>קנור</ManufacturerName><ManufactureCountry>ישראל</ManufactureCountry><ManufacturerItemDescription>רוטב קנור לעוף צילי  שום</ManufacturerItemDescription><SoldByWeight/><Quantity>320.00</Quantity><UnitOfMeasure>גרם     </UnitOfMeasure><QtyInPackage>לא ידוע</QtyInPackage><UnitOfMeasurePrice>0.0497</UnitOfMeasurePrice><AllowDiscount>1</AllowDiscount><ItemStatus>1</ItemStatus><ItemPrice>15.90</ItemPrice></item><item><PriceUpdateDate>2016-05-31 07:03:28</PriceUpdateDate><ItemCode>7290100249932</ItemCode><ItemType>1</ItemType><ItemName>דליפקאן בד"צ 400 גרם</ItemName><ManufacturerName>תלמה</ManufacturerName><ManufactureCountry>ישראל</ManufactureCountry><ManufacturerItemDescription>דליפקאן 400 גר בדץ</ManufacturerItemDescription><SoldByWeight/><Quantity>400.00</Quantity><UnitOfMeasure>גרם     </UnitOfMeasure><QtyInPackage>לא ידוע</QtyInPackage><UnitOfMeasurePrice>0.0497</UnitOfMeasurePrice><AllowDiscount>1</AllowDiscount><ItemStatus>1</ItemStatus><ItemPrice>19.90</ItemPrice></item><item><PriceUpdateDate>2016-08-02 07:35:52</PriceUpdateDate><ItemCode>7290100411353</ItemCode><ItemType>1</ItemType><ItemName>דייסת סולת 200 גרם-ח</ItemName><ManufacturerName>סימילאק BELOVED</ManufacturerName><ManufactureCountry>ישראל</ManufactureCountry><ManufacturerItemDescription>דייסת סולת 200 גרם-ח</ManufacturerItemDescription><SoldByWeight/><Quantity>200.00</Quantity><UnitOfMeasure>גרם     </UnitOfMeasure><QtyInPackage>לא ידוע</QtyInPackage><UnitOfMeasurePrice>0.0810</UnitOfMeasurePrice><AllowDiscount>1</AllowDiscount><ItemStatus>1</ItemStatus><ItemPrice>16.20</ItemPrice></item><item><PriceUpdateDate>2016-08-02 07:51:12</PriceUpdateDate><ItemCode>7290100656532</ItemCode><ItemType>1</ItemType><ItemName>מב סבון נוזלי פלמולי</ItemName><ManufacturerName>פלמוליב</ManufacturerName><ManufactureCountry>איטליה</ManufactureCountry><ManufacturerItemDescription>פנה עתיר בסיבים 450ג</ManufacturerItemDescription><SoldByWeight/><Quantity>500.00</Quantity><UnitOfMeasure>מ"ל</UnitOfMeasure><QtyInPackage>לא ידוע</QtyInPackage><UnitOfMeasurePrice>0.0318</UnitOfMeasurePrice><AllowDiscount>1</AllowDiscount><ItemStatus>1</ItemStatus><ItemPrice>15.90</ItemPrice></item><item><PriceUpdateDate>2015-10-22 10:37:46</PriceUpdateDate><ItemCode>7290100680155</ItemCode><ItemType>1</ItemType><ItemName>רוטב אלף האיים 9 ליי</ItemName><ManufacturerName>אסם</ManufacturerName><ManufactureCountry>ישראל</ManufactureCountry><ManufacturerItemDescription>רוטב אלף האיים 9 ליי</ManufacturerItemDescription><SoldByWeight/><Quantity>600.00</Quantity><UnitOfMeasure>מ"ל</UnitOfMeasure><QtyInPackage>לא ידוע</QtyInPackage><UnitOfMeasurePrice>0.0373</UnitOfMeasurePrice><AllowDiscount>1</AllowDiscount><ItemStatus>1</ItemStatus><ItemPrice>22.40</ItemPrice></item><item><PriceUpdateDate>2016-05-31 07:03:28</PriceUpdateDate><ItemCode>7290100680650</ItemCode><ItemType>1</ItemType><ItemName>מנה חמה נודלס בסגנון</ItemName><ManufacturerName>אסם</ManufacturerName><ManufactureCountry>ישראל</ManufactureCountry><ManufacturerItemDescription>מנה חמה נודלס בסגנון</ManufacturerItemDescription><SoldByWeight/><Quantity>76.00</Quantity><UnitOfMeasure>גרם     </UnitOfMeasure><QtyInPackage>לא ידוע</QtyInPackage><UnitOfMeasurePrice>0.0776</UnitOfMeasurePrice><AllowDiscount>1</AllowDiscount><ItemStatus>1</ItemStatus><ItemPrice>5.90</ItemPrice></item><item><PriceUpdateDate>2016-05-31 07:03:28</PriceUpdateDate><ItemCode>7290100680667</ItemCode><ItemType>1</ItemType><ItemName>מנה חמה נודלס בסגנון</ItemName><ManufacturerName>אסם</ManufacturerName><ManufactureCountry>ישראל</ManufactureCountry><ManufacturerItemDescription>מנה חמה נודלס   'ואן76גר</ManufacturerItemDescription><SoldByWeight/><Quantity>76.00</Quantity><UnitOfMeasure>גרם     </UnitOfMeasure><QtyInPackage>לא ידוע</QtyInPackage><UnitOfMeasurePrice>0.0776</UnitOfMeasurePrice><AllowDiscount>1</AllowDiscount><ItemStatus>1</ItemStatus><ItemPrice>5.90</ItemPrice></item><item><PriceUpdateDate>2015-10-01 06:17:35</PriceUpdateDate><ItemCode>7290100680711</ItemCode><ItemType>1</ItemType><ItemName>פירורית זהב 350 גרם</ItemName><ManufacturerName>פירורית</ManufacturerName><ManufactureCountry>ישראל</ManufactureCountry><ManufacturerItemDescription>פירורית זהב 350 גרם</ManufacturerItemDescription><SoldByWeight/><Quantity>350.00</Quantity><UnitOfMeasure>גרם     </UnitOfMeasure><QtyInPackage>לא ידוע</QtyInPackage><UnitOfMeasurePrice>0.0246</UnitOfMeasurePrice><AllowDiscount>1</AllowDiscount><ItemStatus>1</ItemStatus><ItemPrice>8.60</ItemPrice></item><item><PriceUpdateDate>2016-08-10 08:23:23</PriceUpdateDate><ItemCode>7290100680728</ItemCode><ItemType>1</ItemType><ItemName>פירורית רגילה  350 ג</ItemName><ManufacturerName>פירורית</ManufacturerName><ManufactureCountry>ישראל</ManufactureCountry><ManufacturerItemDescription>פירורית רגילה  350 ג</ManufacturerItemDescription><SoldByWeight/><Quantity>350.00</Quantity><UnitOfMeasure>גרם     </UnitOfMeasure><QtyInPackage>לא ידוע</QtyInPackage><UnitOfMeasurePrice>0.0246</UnitOfMeasurePrice><AllowDiscount>1</AllowDiscount><ItemStatus>1</ItemStatus><ItemPrice>8.60</ItemPrice></item><item><PriceUpdateDate>2016-08-02 07:51:12</PriceUpdateDate><ItemCode>7290100681138</ItemCode><ItemType>1</ItemType><ItemName>מב מארז חטיף אפרופו</ItemName><ManufacturerName>אסם</ManufacturerName><ManufactureCountry>ישראל</ManufactureCountry><ManufacturerItemDescription>מב מארז חטיף אפרופו</ManufacturerItemDescription><SoldByWeight/><Quantity>150.00</Quantity><UnitOfMeasure>גרם     </UnitOfMeasure><QtyInPackage>לא ידוע</QtyInPackage><UnitOfMeasurePrice>0.0793</UnitOfMeasurePrice><AllowDiscount>1</AllowDiscount><ItemStatus>1</ItemStatus><ItemPrice>11.90</ItemPrice></item><item><PriceUpdateDate>2016-08-02 07:35:52</PriceUpdateDate><ItemCode>7290100681640</ItemCode><ItemType>1</ItemType><ItemName>לחמית בצל 230 גרם</ItemName><ManufacturerName>לא ידוע</ManufacturerName><ManufactureCountry>ישראל</ManufactureCountry><ManufacturerItemDescription>לחמית בצל 230 גר</ManufacturerItemDescription><SoldByWeight/><Quantity>230.00</Quantity><UnitOfMeasure>גרם     </UnitOfMeasure><QtyInPackage>לא ידוע</QtyInPackage><UnitOfMeasurePrice>0.0430</UnitOfMeasurePrice><AllowDiscount>1</AllowDiscount><ItemStatus>1</ItemStatus><ItemPrice>9.90</ItemPrice></item><item><PriceUpdateDate>2016-05-31 07:03:28</PriceUpdateDate><ItemCode>7290100683200</ItemCode><ItemType>1</ItemType><ItemName>רוטב ברביקיו 290 מ"ל</ItemName><ManufacturerName>אסם</ManufacturerName><ManufactureCountry>ישראל</ManufactureCountry><ManufacturerItemDescription>רוטב ברביקיו 290 מל</ManufacturerItemDescription><SoldByWeight/><Quantity>290.00</Quantity><UnitOfMeasure>מ"ל</UnitOfMeasure><QtyInPackage>לא ידוע</QtyInPackage><UnitOfMeasurePrice>0.0362</UnitOfMeasurePrice><AllowDiscount>1</AllowDiscount><ItemStatus>1</ItemStatus><ItemPrice>10.50</ItemPrice></item><item><PriceUpdateDate>2016-05-31 07:03:28</PriceUpdateDate><ItemCode>7290100683613</ItemCode><ItemType>1</ItemType><ItemName>תרכיז ויטמינציק מנגו</ItemName><ManufacturerName>ויטמינצק</ManufacturerName><ManufactureCountry>ישראל</ManufactureCountry><ManufacturerItemDescription>תרכיז ויטמינציק מנגו</ManufacturerItemDescription><SoldByWeight/><Quantity>1000.00</Quantity><UnitOfMeasure>מ"ל</UnitOfMeasure><QtyInPackage>לא ידוע</QtyInPackage><UnitOfMeasurePrice>0.0119</UnitOfMeasurePrice><AllowDiscount>1</AllowDiscount><ItemStatus>1</ItemStatus><ItemPrice>11.90</ItemPrice></item><item><PriceUpdateDate>2016-05-31 07:03:28</PriceUpdateDate><ItemCode>7290100684139</ItemCode><ItemType>1</ItemType><ItemName>פסטה מקרוני 500 גרם</ItemName><ManufacturerName>אסם</ManufacturerName><ManufactureCountry>ישראל</ManufactureCountry><ManufacturerItemDescription>פסטה מקרוני 500 גרם</ManufacturerItemDescription><SoldByWeight/><Quantity>500.00</Quantity><UnitOfMeasure>גרם     </UnitOfMeasure><QtyInPackage>לא ידוע</QtyInPackage><UnitOfMeasurePrice>0.0112</UnitOfMeasurePrice><AllowDiscount>1</AllowDiscount><ItemStatus>1</ItemStatus><ItemPrice>5.60</ItemPrice></item><item><PriceUpdateDate>2016-08-10 08:23:23</PriceUpdateDate><ItemCode>7290100684764</ItemCode><ItemType>1</ItemType><ItemName>במבה 25 גרם סטריפ</ItemName><ManufacturerName>במבה</ManufacturerName><ManufactureCountry>ישראל</ManufactureCountry><ManufacturerItemDescription>במבה על סרט 25 גר</ManufacturerItemDescription><SoldByWeight/><Quantity>25.00</Quantity><UnitOfMeasure>גרם     </UnitOfMeasure><QtyInPackage>לא ידוע</QtyInPackage><UnitOfMeasurePrice>0.1280</UnitOfMeasurePrice><AllowDiscount>1</AllowDiscount><ItemStatus>1</ItemStatus><ItemPrice>3.20</ItemPrice></item><item><PriceUpdateDate>2014-11-10 06:29:36</PriceUpdateDate><ItemCode>7290100685068</ItemCode><ItemType>1</ItemType><ItemName>פודינג וניל עם פצפוצ</ItemName><ManufacturerName>אסם</ManufacturerName><ManufactureCountry>ישראל</ManufactureCountry><ManufacturerItemDescription>פודינג וניל עם פצפוצ</ManufacturerItemDescription><SoldByWeight/><Quantity>110.00</Quantity><UnitOfMeasure>גרם     </UnitOfMeasure><QtyInPackage>לא ידוע</QtyInPackage><UnitOfMeasurePrice>0.0718</UnitOfMeasurePrice><AllowDiscount>1</AllowDiscount><ItemStatus>1</ItemStatus><ItemPrice>7.90</ItemPrice></item><item><PriceUpdateDate>2016-05-01 08:13:54</PriceUpdateDate><ItemCode>7290100685136</ItemCode><ItemType>1</ItemType><ItemName>אבקת מרק טעם עוף 1 ק</ItemName><ManufacturerName>אסם</ManufacturerName><ManufactureCountry>ישראל</ManufactureCountry><ManufacturerItemDescription>אבקת מרק טעם עוף 1 ק</ManufacturerItemDescription><SoldByWeight/><Quantity>1000.00</Quantity><UnitOfMeasure>גרם     </UnitOfMeasure><QtyInPackage>לא ידוע</QtyInPackage><UnitOfMeasurePrice>0.0189</UnitOfMeasurePrice><AllowDiscount>1</AllowDiscount><ItemStatus>1</ItemStatus><ItemPrice>18.90</ItemPrice></item><item><PriceUpdateDate>2016-08-02 07:35:52</PriceUpdateDate><ItemCode>7290100686164</ItemCode><ItemType>1</ItemType><ItemName>מארז ביסלי ברביקיו 6</ItemName><ManufacturerName>ביסלי</ManufacturerName><ManufactureCountry>ישראל</ManufactureCountry><ManufacturerItemDescription>מארז ביסלי ברביקיו 6</ManufacturerItemDescription><SoldByWeight/><Quantity>210.00</Quantity><UnitOfMeasure>גרם     </UnitOfMeasure><QtyInPackage>לא ידוע</QtyInPackage><UnitOfMeasurePrice>0.0757</UnitOfMeasurePrice><AllowDiscount>1</AllowDiscount><ItemStatus>1</ItemStatus><ItemPrice>15.90</ItemPrice></item><item><PriceUpdateDate>2016-08-02 07:35:52</PriceUpdateDate><ItemCode>7290100686171</ItemCode><ItemType>1</ItemType><ItemName>מארז ביסלי גריל 6*35</ItemName><ManufacturerName>ביסלי</ManufacturerName><ManufactureCountry>ישראל</ManufactureCountry><ManufacturerItemDescription>מארז ביסלי גריל 6*35</ManufacturerItemDescription><SoldByWeight/><Quantity>210.00</Quantity><UnitOfMeasure>גרם     </UnitOfMeasure><QtyInPackage>לא ידוע</QtyInPackage><UnitOfMeasurePrice>0.0757</UnitOfMeasurePrice><AllowDiscount>1</AllowDiscount><ItemStatus>1</ItemStatus><ItemPrice>15.90</ItemPrice></item><item><PriceUpdateDate>2016-03-01 06:14:31</PriceUpdateDate><ItemCode>7290100686928</ItemCode><ItemType>1</ItemType><ItemName>עוגת הבית שוקולד פיר</ItemName><ManufacturerName>עוגות הבית</ManufacturerName><ManufactureCountry>ישראל</ManufactureCountry><ManufacturerItemDescription>עוגת הבית שוקולד פיר</ManufacturerItemDescription><SoldByWeight/><Quantity>400.00</Quantity><UnitOfMeasure>גרם     </UnitOfMeasure><QtyInPackage>לא ידוע</QtyInPackage><UnitOfMeasurePrice>0.0472</UnitOfMeasurePrice><AllowDiscount>1</AllowDiscount><ItemStatus>1</ItemStatus><ItemPrice>18.90</ItemPrice></item><item><PriceUpdateDate>2016-03-01 06:18:30</PriceUpdateDate><ItemCode>7290100687109</ItemCode><ItemType>1</ItemType><ItemName>במבה במילוי נוגט 60</ItemName><ManufacturerName>במבה</ManufacturerName><ManufactureCountry>ישראל</ManufactureCountry><ManufacturerItemDescription>במבה במילוי נוגט 60 גרם</ManufacturerItemDescription><SoldByWeight/><Quantity>60.00</Quantity><UnitOfMeasure>גרם     </UnitOfMeasure><QtyInPackage>לא ידוע</QtyInPackage><UnitOfMeasurePrice>0.0933</UnitOfMeasurePrice><AllowDiscount>1</AllowDiscount><ItemStatus>1</ItemStatus><ItemPrice>5.60</ItemPrice></item><item><PriceUpdateDate>2015-11-17 14:07:13</PriceUpdateDate><ItemCode>7290100700006</ItemCode><ItemType>1</ItemType><ItemName>חיטה סוגת 1 ק"ג</ItemName><ManufacturerName>סוגת</ManufacturerName><ManufactureCountry>ישראל</ManufactureCountry><ManufacturerItemDescription>חיטה סוגת 1 ק"ג</ManufacturerItemDescription><SoldByWeight/><Quantity>1000.00</Quantity><UnitOfMeasure>גרם     </UnitOfMeasure><QtyInPackage>לא ידוע</QtyInPackage><UnitOfMeasurePrice>0.0133</UnitOfMeasurePrice><AllowDiscount>1</AllowDiscount><ItemStatus>1</ItemStatus><ItemPrice>13.30</ItemPrice></item><item><PriceUpdateDate>2016-08-10 08:23:23</PriceUpdateDate><ItemCode>7290100700020</ItemCode><ItemType>1</ItemType><ItemName>גריסי פנינה 500 גרם</ItemName><ManufacturerName>סוגת</ManufacturerName><ManufactureCountry>ישראל</ManufactureCountry><ManufacturerItemDescription>גריסי פנינה 500 גרם</ManufacturerItemDescription><SoldByWeight/><Quantity>500.00</Quantity><UnitOfMeasure>גרם     </UnitOfMeasure><QtyInPackage>לא ידוע</QtyInPackage><UnitOfMeasurePrice>0.0144</UnitOfMeasurePrice><AllowDiscount>1</AllowDiscount><ItemStatus>1</ItemStatus><ItemPrice>7.20</ItemPrice></item><item><PriceUpdateDate>2015-12-07 10:54:29</PriceUpdateDate><ItemCode>7290100700075</ItemCode><ItemType>1</ItemType><ItemName>פירורי לחם מוזהבים 2</ItemName><ManufacturerName>סוגת</ManufacturerName><ManufactureCountry>ישראל</ManufactureCountry><ManufacturerItemDescription>פירורי לחם מוזהבים 2</ManufacturerItemDescription><SoldByWeight/><Quantity>200.00</Quantity><UnitOfMeasure>גרם     </UnitOfMeasure><QtyInPackage>לא ידוע</QtyInPackage><UnitOfMeasurePrice>0.0175</UnitOfMeasurePrice><AllowDiscount>1</AllowDiscount><ItemStatus>1</ItemStatus><ItemPrice>3.50</ItemPrice></item><item><PriceUpdateDate>2015-11-17 14:07:13</PriceUpdateDate><ItemCode>7290100700242</ItemCode><ItemType>1</ItemType><ItemName>אורז סוגת עגול מלא 1</ItemName><ManufacturerName>סוגת</ManufacturerName><ManufactureCountry>ישראל</ManufactureCountry><ManufacturerItemDescription>אורז סוגת עגול מלא 1</ManufacturerItemDescription><SoldByWeight/><Quantity>1000.00</Quantity><UnitOfMeasure>גרם     </UnitOfMeasure><QtyInPackage>לא ידוע</QtyInPackage><UnitOfMeasurePrice>0.0124</UnitOfMeasurePrice><AllowDiscount>1</AllowDiscount><ItemStatus>1</ItemStatus><ItemPrice>12.40</ItemPrice></item><item><PriceUpdateDate>2015-12-07 10:54:29</PriceUpdateDate><ItemCode>7290100700266</ItemCode><ItemType>1</ItemType><ItemName>פרורי לחם לבנים 200</ItemName><ManufacturerName>סוגת</ManufacturerName><ManufactureCountry>ישראל</ManufactureCountry><ManufacturerItemDescription>פרורי לחם לבנים 200</ManufacturerItemDescription><SoldByWeight/><Quantity>200.00</Quantity><UnitOfMeasure>גרם     </UnitOfMeasure><QtyInPackage>לא ידוע</QtyInPackage><UnitOfMeasurePrice>0.0175</UnitOfMeasurePrice><AllowDiscount>1</AllowDiscount><ItemStatus>1</ItemStatus><ItemPrice>3.50</ItemPrice></item><item><PriceUpdateDate>2016-08-10 08:23:23</PriceUpdateDate><ItemCode>7290100700396</ItemCode><ItemType>1</ItemType><ItemName>אורז יסמין קלאסי 1 ק</ItemName><ManufacturerName>סוגת</ManufacturerName><ManufactureCountry>ישראל</ManufactureCountry><ManufacturerItemDescription>אורז יסמין 1 קג</ManufacturerItemDescription><SoldByWeight/><Quantity>1000.00</Quantity><UnitOfMeasure>גרם     </UnitOfMeasure><QtyInPackage>לא ידוע</QtyInPackage><UnitOfMeasurePrice>0.0149</UnitOfMeasurePrice><AllowDiscount>0</AllowDiscount><ItemStatus>1</ItemStatus><ItemPrice>14.90</ItemPrice></item><item><PriceUpdateDate>2016-08-02 07:35:52</PriceUpdateDate><ItemCode>7290100701683</ItemCode><ItemType>1</ItemType><ItemName>שעועית לבנה עדינה 50</ItemName><ManufacturerName>סוגת</ManufacturerName><ManufactureCountry>ישראל</ManufactureCountry><ManufacturerItemDescription>שעועית לבנה עדינה 50</ManufacturerItemDescription><SoldByWeight/><Quantity>500.00</Quantity><UnitOfMeasure>גרם     </UnitOfMeasure><QtyInPackage>לא ידוע</QtyInPackage><UnitOfMeasurePrice>0.0176</UnitOfMeasurePrice><AllowDiscount>1</AllowDiscount><ItemStatus>1</ItemStatus><ItemPrice>8.80</ItemPrice></item><item><PriceUpdateDate>2015-11-17 14:07:14</PriceUpdateDate><ItemCode>7290100701850</ItemCode><ItemType>1</ItemType><ItemName>קמח עוגות 1 ק"ג</ItemName><ManufacturerName>סוגת</ManufacturerName><ManufactureCountry>ישראל</ManufactureCountry><ManufacturerItemDescription>קמח עוגות 1 ק"ג</ManufacturerItemDescription><SoldByWeight/><Quantity>1000.00</Quantity><UnitOfMeasure>גרם     </UnitOfMeasure><QtyInPackage>לא ידוע</QtyInPackage><UnitOfMeasurePrice>0.0089</UnitOfMeasurePrice><AllowDiscount>1</AllowDiscount><ItemStatus>1</ItemStatus><ItemPrice>8.90</ItemPrice></item><item><PriceUpdateDate>2016-05-09 10:58:55</PriceUpdateDate><ItemCode>7290100702260</ItemCode><ItemType>1</ItemType><ItemName>קוסקוס דק סוגת 350 ג</ItemName><ManufacturerName>סוגת</ManufacturerName><ManufactureCountry>ישראל</ManufactureCountry><ManufacturerItemDescription>קוסקוס דק סוגת 350 ג</ManufacturerItemDescription><SoldByWeight/><Quantity>350.00</Quantity><UnitOfMeasure>גרם     </UnitOfMeasure><QtyInPackage>לא ידוע</QtyInPackage><UnitOfMeasurePrice>0.0197</UnitOfMeasurePrice><AllowDiscount>1</AllowDiscount><ItemStatus>1</ItemStatus><ItemPrice>6.90</ItemPrice></item><item><PriceUpdateDate>2014-11-10 06:29:20</PriceUpdateDate><ItemCode>7290100702383</ItemCode><ItemType>1</ItemType><ItemName>קמח תופח 1 ק''ג</ItemName><ManufacturerName>לא ממותג</ManufacturerName><ManufactureCountry>ישראל</ManufactureCountry><ManufacturerItemDescription>קמח תופח 1 ק''ג</ManufacturerItemDescription><SoldByWeight/><Quantity>1000.00</Quantity><UnitOfMeasure>גרם     </UnitOfMeasure><QtyInPackage>לא ידוע</QtyInPackage><UnitOfMeasurePrice>0.0091</UnitOfMeasurePrice><AllowDiscount>1</AllowDiscount><ItemStatus>1</ItemStatus><ItemPrice>9.10</ItemPrice></item><item><PriceUpdateDate>2016-08-02 07:51:12</PriceUpdateDate><ItemCode>7290100702536</ItemCode><ItemType>1</ItemType><ItemName>מב אטריות ביצים דקות</ItemName><ManufacturerName>סוגת</ManufacturerName><ManufactureCountry>לא ידוע</ManufactureCountry><ManufacturerItemDescription>מב אטריות ביצים דקות</ManufacturerItemDescription><SoldByWeight/><Quantity>250.00</Quantity><UnitOfMeasure>גרם     </UnitOfMeasure><QtyInPackage>לא ידוע</QtyInPackage><UnitOfMeasurePrice>0.0196</UnitOfMeasurePrice><AllowDiscount>1</AllowDiscount><ItemStatus>1</ItemStatus><ItemPrice>4.90</ItemPrice></item><item><PriceUpdateDate>2016-08-02 07:51:12</PriceUpdateDate><ItemCode>7290100702543</ItemCode><ItemType>1</ItemType><ItemName>מב אטריות ביצים בינו</ItemName><ManufacturerName>סוגת</ManufacturerName><ManufactureCountry>לא ידוע</ManufactureCountry><ManufacturerItemDescription>מב אטריות ביצים בינו</ManufacturerItemDescription><SoldByWeight/><Quantity>250.00</Quantity><UnitOfMeasure>גרם     </UnitOfMeasure><QtyInPackage>לא ידוע</QtyInPackage><UnitOfMeasurePrice>0.0196</UnitOfMeasurePrice><AllowDiscount>1</AllowDiscount><ItemStatus>1</ItemStatus><ItemPrice>4.90</ItemPrice></item><item><PriceUpdateDate>2016-08-02 07:51:12</PriceUpdateDate><ItemCode>7290100702550</ItemCode><ItemType>1</ItemType><ItemName>מב אטריות ביצים עבות</ItemName><ManufacturerName>סוגת</ManufacturerName><ManufactureCountry>לא ידוע</ManufactureCountry><ManufacturerItemDescription>מב אטריות ביצים עבות</ManufacturerItemDescription><SoldByWeight/><Quantity>250.00</Quantity><UnitOfMeasure>גרם     </UnitOfMeasure><QtyInPackage>לא ידוע</QtyInPackage><UnitOfMeasurePrice>0.0196</UnitOfMeasurePrice><AllowDiscount>1</AllowDiscount><ItemStatus>1</ItemStatus><ItemPrice>4.90</ItemPrice></item><item><PriceUpdateDate>2015-11-17 14:07:14</PriceUpdateDate><ItemCode>7290100702611</ItemCode><ItemType>1</ItemType><ItemName>פתיתים אפויים אורז ס</ItemName><ManufacturerName>סוגת</ManufacturerName><ManufactureCountry>ישראל</ManufactureCountry><ManufacturerItemDescription>פתיתים אפויים אורז ס</ManufacturerItemDescription><SoldByWeight/><Quantity>500.00</Quantity><UnitOfMeasure>גרם     </UnitOfMeasure><QtyInPackage>לא ידוע</QtyInPackage><UnitOfMeasurePrice>0.0138</UnitOfMeasurePrice><AllowDiscount>1</AllowDiscount><ItemStatus>1</ItemStatus><ItemPrice>6.90</ItemPrice></item><item><PriceUpdateDate>2015-11-17 14:07:14</PriceUpdateDate><ItemCode>7290100702741</ItemCode><ItemType>1</ItemType><ItemName>סוכר חום בהיר בצנצנת</ItemName><ManufacturerName>סוגת</ManufacturerName><ManufactureCountry>ישראל</ManufactureCountry><ManufacturerItemDescription>סוכר חום בהיר בצנצנת</ManufacturerItemDescription><SoldByWeight/><Quantity>1000.00</Quantity><UnitOfMeasure>גרם     </UnitOfMeasure><QtyInPackage>לא ידוע</QtyInPackage><UnitOfMeasurePrice>0.0150</UnitOfMeasurePrice><AllowDiscount>1</AllowDiscount><ItemStatus>1</ItemStatus><ItemPrice>15.00</ItemPrice></item><item><PriceUpdateDate>2015-10-22 10:37:46</PriceUpdateDate><ItemCode>7290100853689</ItemCode><ItemType>1</ItemType><ItemName>עוגת בראוניס עשירה ש</ItemName><ManufacturerName>עלית</ManufacturerName><ManufactureCountry>ישראל</ManufactureCountry><ManufacturerItemDescription>בראוניס שוקולד עשירה</ManufacturerItemDescription><SoldByWeight/><Quantity>380.00</Quantity><UnitOfMeasure>גרם     </UnitOfMeasure><QtyInPackage>לא ידוע</QtyInPackage><UnitOfMeasurePrice>0.0508</UnitOfMeasurePrice><AllowDiscount>1</AllowDiscount><ItemStatus>1</ItemStatus><ItemPrice>19.30</ItemPrice></item><item><PriceUpdateDate>2015-07-15 09:53:33</PriceUpdateDate><ItemCode>7290100854266</ItemCode><ItemType>1</ItemType><ItemName>שוקולד פרה מריר 60%</ItemName><ManufacturerName>עלית</ManufacturerName><ManufactureCountry>ישראל</ManufactureCountry><ManufacturerItemDescription>שוקולד מריר 60% קקאו 100</ManufacturerItemDescription><SoldByWeight/><Quantity>100.00</Quantity><UnitOfMeasure>גרם     </UnitOfMeasure><QtyInPackage>לא ידוע</QtyInPackage><UnitOfMeasurePrice>0.0850</UnitOfMeasurePrice><AllowDiscount>1</AllowDiscount><ItemStatus>1</ItemStatus><ItemPrice>8.50</ItemPrice></item><item><PriceUpdateDate>2016-08-10 08:23:23</PriceUpdateDate><ItemCode>7290100857045</ItemCode><ItemType>1</ItemType><ItemName>שוקולד ספלנדיד מריר</ItemName><ManufacturerName>ספלנדיד</ManufacturerName><ManufactureCountry>ישראל</ManufactureCountry><ManufacturerItemDescription>שוקולד ספלנדיד מריר עם קפ</ManufacturerItemDescription><SoldByWeight/><Quantity>100.00</Quantity><UnitOfMeasure>גרם     </UnitOfMeasure><QtyInPackage>לא ידוע</QtyInPackage><UnitOfMeasurePrice>0.1190</UnitOfMeasurePrice><AllowDiscount>1</AllowDiscount><ItemStatus>1</ItemStatus><ItemPrice>11.90</ItemPrice></item><item><PriceUpdateDate>2015-10-22 10:38:27</PriceUpdateDate><ItemCode>7290100858226</ItemCode><ItemType>1</ItemType><ItemName>טבלת פסק זמן קלאסי 1</ItemName><ManufacturerName>עלית</ManufacturerName><ManufactureCountry>ישראל</ManufactureCountry><ManufacturerItemDescription>טבלת פסק זמן קלאסי 110 גר</ManufacturerItemDescription><SoldByWeight/><Quantity>110.00</Quantity><UnitOfMeasure>גרם     </UnitOfMeasure><QtyInPackage>לא ידוע</QtyInPackage><UnitOfMeasurePrice>0.0864</UnitOfMeasurePrice><AllowDiscount>1</AllowDiscount><ItemStatus>1</ItemStatus><ItemPrice>9.50</ItemPrice></item><item><PriceUpdateDate>2016-05-01 08:13:55</PriceUpdateDate><ItemCode>7290100858608</ItemCode><ItemType>1</ItemType><ItemName>אבקת קקאו עלית 500 ג</ItemName><ManufacturerName>עלית</ManufacturerName><ManufactureCountry>ישראל</ManufactureCountry><ManufacturerItemDescription>אבקת קקאו עלית 500 ג</ManufacturerItemDescription><SoldByWeight/><Quantity>500.00</Quantity><UnitOfMeasure>גרם     </UnitOfMeasure><QtyInPackage>לא ידוע</QtyInPackage><UnitOfMeasurePrice>0.0598</UnitOfMeasurePrice><AllowDiscount>1</AllowDiscount><ItemStatus>1</ItemStatus><ItemPrice>29.90</ItemPrice></item><item><PriceUpdateDate>2016-01-15 10:07:40</PriceUpdateDate><ItemCode>7290100859162</ItemCode><ItemType>1</ItemType><ItemName>מאגדת זוג שוקולד פרה</ItemName><ManufacturerName>פרה</ManufacturerName><ManufactureCountry>ישראל</ManufactureCountry><ManufacturerItemDescription>מאגדת זוג שוקולד פרה</ManufacturerItemDescription><SoldByWeight/><Quantity>200.00</Quantity><UnitOfMeasure>גרם     </UnitOfMeasure><QtyInPackage>לא ידוע</QtyInPackage><UnitOfMeasurePrice>0.0795</UnitOfMeasurePrice><AllowDiscount>1</AllowDiscount><ItemStatus>1</ItemStatus><ItemPrice>15.90</ItemPrice></item><item><PriceUpdateDate>2016-01-14 10:29:51</PriceUpdateDate><ItemCode>7290100859209</ItemCode><ItemType>1</ItemType><ItemName>מסטיק עלמה אוכמניות</ItemName><ManufacturerName>מאסט</ManufacturerName><ManufactureCountry>ישראל</ManufactureCountry><ManufacturerItemDescription>מסטיק מאסט עלמה אוכמניות</ManufacturerItemDescription><SoldByWeight/><Quantity>28.00</Quantity><UnitOfMeasure>גרם     </UnitOfMeasure><QtyInPackage>לא ידוע</QtyInPackage><UnitOfMeasurePrice>0.1607</UnitOfMeasurePrice><AllowDiscount>1</AllowDiscount><ItemStatus>1</ItemStatus><ItemPrice>4.50</ItemPrice></item><item><PriceUpdateDate>2016-03-16 18:08:59</PriceUpdateDate><ItemCode>7290100921197</ItemCode><ItemType>1</ItemType><ItemName>שמפו הוואי ביו רימון</ItemName><ManufacturerName>הוואי</ManufacturerName><ManufactureCountry>ישראל</ManufactureCountry><ManufacturerItemDescription>שמפו הוואי ביו רימון</ManufacturerItemDescription><SoldByWeight/><Quantity>700.00</Quantity><UnitOfMeasure>מ"ל</UnitOfMeasure><QtyInPackage>לא ידוע</QtyInPackage><UnitOfMeasurePrice>0.0141</UnitOfMeasurePrice><AllowDiscount>0</AllowDiscount><ItemStatus>1</ItemStatus><ItemPrice>9.90</ItemPrice></item><item><PriceUpdateDate>2016-03-16 18:08:59</PriceUpdateDate><ItemCode>7290100921203</ItemCode><ItemType>1</ItemType><ItemName>מרכך הוואי ביו רימון</ItemName><ManufacturerName>הוואי</ManufacturerName><ManufactureCountry>ישראל</ManufactureCountry><ManufacturerItemDescription>מרכך הוואי ביו רימון</ManufacturerItemDescription><SoldByWeight/><Quantity>700.00</Quantity><UnitOfMeasure>מ"ל</UnitOfMeasure><QtyInPackage>לא ידוע</QtyInPackage><UnitOfMeasurePrice>0.0141</UnitOfMeasurePrice><AllowDiscount>1</AllowDiscount><ItemStatus>1</ItemStatus><ItemPrice>9.90</ItemPrice></item><item><PriceUpdateDate>2016-03-16 18:08:59</PriceUpdateDate><ItemCode>7290100921401</ItemCode><ItemType>1</ItemType><ItemName>שמפו הוואי קרטין 700</ItemName><ManufacturerName>הוואי</ManufacturerName><ManufactureCountry>ישראל</ManufactureCountry><ManufacturerItemDescription>שמפו הוואי קרטין 700</ManufacturerItemDescription><SoldByWeight/><Quantity>700.00</Quantity><UnitOfMeasure>מ"ל</UnitOfMeasure><QtyInPackage>לא ידוע</QtyInPackage><UnitOfMeasurePrice>0.0141</UnitOfMeasurePrice><AllowDiscount>0</AllowDiscount><ItemStatus>1</ItemStatus><ItemPrice>9.90</ItemPrice></item><item><PriceUpdateDate>2016-03-16 18:08:59</PriceUpdateDate><ItemCode>7290100921418</ItemCode><ItemType>1</ItemType><ItemName>מרכך הוואי קרטין 700</ItemName><ManufacturerName>הוואי</ManufacturerName><ManufactureCountry>ישראל</ManufactureCountry><ManufacturerItemDescription>מרכך הוואי קרטין 700</ManufacturerItemDescription><SoldByWeight/><Quantity>700.00</Quantity><UnitOfMeasure>מ"ל</UnitOfMeasure><QtyInPackage>לא ידוע</QtyInPackage><UnitOfMeasurePrice>0.0141</UnitOfMeasurePrice><AllowDiscount>0</AllowDiscount><ItemStatus>1</ItemStatus><ItemPrice>9.90</ItemPrice></item><item><PriceUpdateDate>2016-03-16 18:08:59</PriceUpdateDate><ItemCode>7290100921517</ItemCode><ItemType>1</ItemType><ItemName>שמפו הוואי חמאת שיאה</ItemName><ManufacturerName>הוואי</ManufacturerName><ManufactureCountry>ישראל</ManufactureCountry><ManufacturerItemDescription>הוואי שמפו חמאת שיאה וקוק</ManufacturerItemDescription><SoldByWeight/><Quantity>700.00</Quantity><UnitOfMeasure>מ"ל</UnitOfMeasure><QtyInPackage>לא ידוע</QtyInPackage><UnitOfMeasurePrice>0.0141</UnitOfMeasurePrice><AllowDiscount>0</AllowDiscount><ItemStatus>1</ItemStatus><ItemPrice>9.90</ItemPrice></item><item><PriceUpdateDate>2016-06-28 09:31:33</PriceUpdateDate><ItemCode>7290100921791</ItemCode><ItemType>1</ItemType><ItemName>מב תחליב רחצה הוואי</ItemName><ManufacturerName>הוואי</ManufacturerName><ManufactureCountry>ישראל</ManufactureCountry><ManufacturerItemDescription>מב תחליב רחצה הוואי</ManufacturerItemDescription><SoldByWeight/><Quantity>750.00</Quantity><UnitOfMeasure>מ"ל</UnitOfMeasure><QtyInPackage>לא ידוע</QtyInPackage><UnitOfMeasurePrice>0.0132</UnitOfMeasurePrice><AllowDiscount>0</AllowDiscount><ItemStatus>1</ItemStatus><ItemPrice>9.90</ItemPrice></item><item><PriceUpdateDate>2016-06-28 09:31:33</PriceUpdateDate><ItemCode>7290100922316</ItemCode><ItemType>1</ItemType><ItemName>מב תחליב רחצה הוואי</ItemName><ManufacturerName>הוואי</ManufacturerName><ManufactureCountry>ישראל</ManufactureCountry><ManufacturerItemDescription>מב תחליב רחצה הוואי</ManufacturerItemDescription><SoldByWeight/><Quantity>750.00</Quantity><UnitOfMeasure>מ"ל</UnitOfMeasure><QtyInPackage>לא ידוע</QtyInPackage><UnitOfMeasurePrice>0.0132</UnitOfMeasurePrice><AllowDiscount>0</AllowDiscount><ItemStatus>1</ItemStatus><ItemPrice>9.90</ItemPrice></item><item><PriceUpdateDate>2016-03-16 18:09:00</PriceUpdateDate><ItemCode>7290100922613</ItemCode><ItemType>1</ItemType><ItemName>מרכך הוואי 7 שמני פר</ItemName><ManufacturerName>הוואי</ManufacturerName><ManufactureCountry>ישראל</ManufactureCountry><ManufacturerItemDescription>הוואי שמפו למניעת קשקשים7</ManufacturerItemDescription><SoldByWeight/><Quantity>700.00</Quantity><UnitOfMeasure>מ"ל</UnitOfMeasure><QtyInPackage>לא ידוע</QtyInPackage><UnitOfMeasurePrice>0.0141</UnitOfMeasurePrice><AllowDiscount>0</AllowDiscount><ItemStatus>1</ItemStatus><ItemPrice>9.90</ItemPrice></item><item><PriceUpdateDate>2016-06-28 09:31:33</PriceUpdateDate><ItemCode>7290100923108</ItemCode><ItemType>1</ItemType><ItemName>מב תחליב רחצה הוואי</ItemName><ManufacturerName>הוואי</ManufacturerName><ManufactureCountry>ישראל</ManufactureCountry><ManufacturerItemDescription>מב תחליב רחצה הוואי</ManufacturerItemDescription><SoldByWeight/><Quantity>750.00</Quantity><UnitOfMeasure>מ"ל</UnitOfMeasure><QtyInPackage>לא ידוע</QtyInPackage><UnitOfMeasurePrice>0.0132</UnitOfMeasurePrice><AllowDiscount>0</AllowDiscount><ItemStatus>1</ItemStatus><ItemPrice>9.90</ItemPrice></item><item><PriceUpdateDate>2016-06-28 09:31:34</PriceUpdateDate><ItemCode>7290100924594</ItemCode><ItemType>1</ItemType><ItemName>מרכך כביסה סוד מרוכז</ItemName><ManufacturerName>סוד</ManufacturerName><ManufactureCountry>ישראל</ManufactureCountry><ManufacturerItemDescription>מרכך כביסה סוד מרוכז</ManufacturerItemDescription><SoldByWeight/><Quantity>900.00</Quantity><UnitOfMeasure>מ"ל</UnitOfMeasure><QtyInPackage>לא ידוע</QtyInPackage><UnitOfMeasurePrice>0.0154</UnitOfMeasurePrice><AllowDiscount>1</AllowDiscount><ItemStatus>1</ItemStatus><ItemPrice>13.90</ItemPrice></item><item><PriceUpdateDate>2016-06-28 09:31:34</PriceUpdateDate><ItemCode>7290100924600</ItemCode><ItemType>1</ItemType><ItemName>מרכך כביסה סוד מרוכז</ItemName><ManufacturerName>סוד</ManufacturerName><ManufactureCountry>ישראל</ManufactureCountry><ManufacturerItemDescription>מרכך כביסה סוד מרוכז</ManufacturerItemDescription><SoldByWeight/><Quantity>900.00</Quantity><UnitOfMeasure>מ"ל</UnitOfMeasure><QtyInPackage>לא ידוע</QtyInPackage><UnitOfMeasurePrice>0.0154</UnitOfMeasurePrice><AllowDiscount>1</AllowDiscount><ItemStatus>1</ItemStatus><ItemPrice>13.90</ItemPrice></item><item><PriceUpdateDate>2016-06-28 09:31:34</PriceUpdateDate><ItemCode>7290100925102</ItemCode><ItemType>1</ItemType><ItemName>מרכך כביסה סוד 750 מ</ItemName><ManufacturerName>סוד</ManufacturerName><ManufactureCountry>ישראל</ManufactureCountry><ManufacturerItemDescription>מרכך כביסה סוד 750 מ</ManufacturerItemDescription><SoldByWeight/><Quantity>750.00</Quantity><UnitOfMeasure>מ"ל</UnitOfMeasure><QtyInPackage>לא ידוע</QtyInPackage><UnitOfMeasurePrice>0.0185</UnitOfMeasurePrice><AllowDiscount>1</AllowDiscount><ItemStatus>1</ItemStatus><ItemPrice>13.90</ItemPrice></item><item><PriceUpdateDate>2016-08-02 07:35:53</PriceUpdateDate><ItemCode>7290100928523</ItemCode><ItemType>1</ItemType><ItemName>ג'ל כביסה סוד לוונדר</ItemName><ManufacturerName>סוד</ManufacturerName><ManufactureCountry>ישראל</ManufactureCountry><ManufacturerItemDescription>ג'ל כביסה סוד לוונדר</ManufacturerItemDescription><SoldByWeight/><Quantity>3000.00</Quantity><UnitOfMeasure>מ"ל</UnitOfMeasure><QtyInPackage>לא ידוע</QtyInPackage><UnitOfMeasurePrice>0.0096</UnitOfMeasurePrice><AllowDiscount>1</AllowDiscount><ItemStatus>1</ItemStatus><ItemPrice>28.90</ItemPrice></item><item><PriceUpdateDate>2016-03-16 18:09:00</PriceUpdateDate><ItemCode>7290100928820</ItemCode><ItemType>1</ItemType><ItemName>שמפו הוואי לברק קורן</ItemName><ManufacturerName>הוואי</ManufacturerName><ManufactureCountry>ישראל</ManufactureCountry><ManufacturerItemDescription>שמפו הוואי לברק קורן</ManufacturerItemDescription><SoldByWeight/><Quantity>700.00</Quantity><UnitOfMeasure>מ"ל</UnitOfMeasure><QtyInPackage>לא ידוע</QtyInPackage><UnitOfMeasurePrice>0.0141</UnitOfMeasurePrice><AllowDiscount>0</AllowDiscount><ItemStatus>1</ItemStatus><ItemPrice>9.90</ItemPrice></item><item><PriceUpdateDate>2014-11-10 06:30:12</PriceUpdateDate><ItemCode>7290100929698</ItemCode><ItemType>1</ItemType><ItemName>ג'ל רחצה הוואי לגבר</ItemName><ManufacturerName>הוואי</ManufacturerName><ManufactureCountry>ישראל</ManufactureCountry><ManufacturerItemDescription>ג'ל רחצה הוואי לגבר</ManufacturerItemDescription><SoldByWeight/><Quantity>750.00</Quantity><UnitOfMeasure>מ"ל</UnitOfMeasure><QtyInPackage>לא ידוע</QtyInPackage><UnitOfMeasurePrice>0.0228</UnitOfMeasurePrice><AllowDiscount>1</AllowDiscount><ItemStatus>1</ItemStatus><ItemPrice>17.10</ItemPrice></item><item><PriceUpdateDate>2016-08-10 08:23:49</PriceUpdateDate><ItemCode>7290101110149</ItemCode><ItemType>1</ItemType><ItemName>גלידה וניל עם נטיפי</ItemName><ManufacturerName>פלדמן</ManufacturerName><ManufactureCountry>ישראל</ManufactureCountry><ManufacturerItemDescription>גלידה וניל עם נטיפי</ManufacturerItemDescription><SoldByWeight/><Quantity>650.00</Quantity><UnitOfMeasure>גרם     </UnitOfMeasure><QtyInPackage>לא ידוע</QtyInPackage><UnitOfMeasurePrice>0.0383</UnitOfMeasurePrice><AllowDiscount>1</AllowDiscount><ItemStatus>1</ItemStatus><ItemPrice>24.90</ItemPrice></item><item><PriceUpdateDate>2016-08-10 08:23:49</PriceUpdateDate><ItemCode>7290101110460</ItemCode><ItemType>1</ItemType><ItemName>גלידה וניל בטעם של פ</ItemName><ManufacturerName>פלדמן</ManufacturerName><ManufactureCountry>ישראל</ManufactureCountry><ManufacturerItemDescription>גלידה וניל בטעם של פ</ManufacturerItemDescription><SoldByWeight/><Quantity>650.00</Quantity><UnitOfMeasure>גרם     </UnitOfMeasure><QtyInPackage>לא ידוע</QtyInPackage><UnitOfMeasurePrice>0.0383</UnitOfMeasurePrice><AllowDiscount>1</AllowDiscount><ItemStatus>1</ItemStatus><ItemPrice>24.90</ItemPrice></item><item><PriceUpdateDate>2016-08-10 08:23:49</PriceUpdateDate><ItemCode>7290101111429</ItemCode><ItemType>1</ItemType><ItemName>גלידה שוקולד וניל דו</ItemName><ManufacturerName>פלדמן</ManufacturerName><ManufactureCountry>ישראל</ManufactureCountry><ManufacturerItemDescription>גלידה שוקולד וניל דו</ManufacturerItemDescription><SoldByWeight/><Quantity>650.00</Quantity><UnitOfMeasure>גרם     </UnitOfMeasure><QtyInPackage>לא ידוע</QtyInPackage><UnitOfMeasurePrice>0.0383</UnitOfMeasurePrice><AllowDiscount>1</AllowDiscount><ItemStatus>1</ItemStatus><ItemPrice>24.90</ItemPrice></item><item><PriceUpdateDate>2016-08-10 08:23:49</PriceUpdateDate><ItemCode>7290101111832</ItemCode><ItemType>1</ItemType><ItemName>גלידת יוגורט בליסימו</ItemName><ManufacturerName>פלדמן</ManufacturerName><ManufactureCountry>ישראל</ManufactureCountry><ManufacturerItemDescription>גלידת יוגורט בליסימו</ManufacturerItemDescription><SoldByWeight/><Quantity>1300.00</Quantity><UnitOfMeasure>גרם     </UnitOfMeasure><QtyInPackage>לא ידוע</QtyInPackage><UnitOfMeasurePrice>0.0192</UnitOfMeasurePrice><AllowDiscount>1</AllowDiscount><ItemStatus>1</ItemStatus><ItemPrice>24.90</ItemPrice></item><item><PriceUpdateDate>2016-08-10 08:23:49</PriceUpdateDate><ItemCode>7290101112594</ItemCode><ItemType>1</ItemType><ItemName>גלידת בליסימו מילקשי</ItemName><ManufacturerName>פלדמן</ManufacturerName><ManufactureCountry>לא ידוע</ManufactureCountry><ManufacturerItemDescription>גלידת בליסימו מילקשי</ManufacturerItemDescription><SoldByWeight/><Quantity>1300.00</Quantity><UnitOfMeasure>גרם     </UnitOfMeasure><QtyInPackage>לא ידוע</QtyInPackage><UnitOfMeasurePrice>0.0192</UnitOfMeasurePrice><AllowDiscount>1</AllowDiscount><ItemStatus>1</ItemStatus><ItemPrice>24.90</ItemPrice></item><item><PriceUpdateDate>2016-08-10 08:23:49</PriceUpdateDate><ItemCode>7290101112617</ItemCode><ItemType>1</ItemType><ItemName>גלידת בליסימו תות לי</ItemName><ManufacturerName>פלדמן</ManufacturerName><ManufactureCountry>לא ידוע</ManufactureCountry><ManufacturerItemDescription>גלידת בליסימו תות לי</ManufacturerItemDescription><SoldByWeight/><Quantity>1300.00</Quantity><UnitOfMeasure>גרם     </UnitOfMeasure><QtyInPackage>לא ידוע</QtyInPackage><UnitOfMeasurePrice>0.0192</UnitOfMeasurePrice><AllowDiscount>1</AllowDiscount><ItemStatus>1</ItemStatus><ItemPrice>24.90</ItemPrice></item><item><PriceUpdateDate>2016-05-31 06:57:06</PriceUpdateDate><ItemCode>7290101864127</ItemCode><ItemType>1</ItemType><ItemName>קליה אוקסי ספריי 750</ItemName><ManufacturerName>קליה</ManufacturerName><ManufactureCountry>פולין</ManufactureCountry><ManufacturerItemDescription>קליה אוקסי ספריי 750</ManufacturerItemDescription><SoldByWeight/><Quantity>750.00</Quantity><UnitOfMeasure>מ"ל</UnitOfMeasure><QtyInPackage>לא ידוע</QtyInPackage><UnitOfMeasurePrice>0.0265</UnitOfMeasurePrice><AllowDiscount>1</AllowDiscount><ItemStatus>1</ItemStatus><ItemPrice>19.90</ItemPrice></item><item><PriceUpdateDate>2016-05-01 08:13:56</PriceUpdateDate><ItemCode>7290101866787</ItemCode><ItemType>1</ItemType><ItemName>מסיר כתמים קליה ג'ל</ItemName><ManufacturerName>קליה</ManufacturerName><ManufactureCountry>ישראל</ManufactureCountry><ManufacturerItemDescription>מסיר כתמים קליה ג'ל</ManufacturerItemDescription><SoldByWeight/><Quantity>3000.00</Quantity><UnitOfMeasure>מ"ל</UnitOfMeasure><QtyInPackage>לא ידוע</QtyInPackage><UnitOfMeasurePrice>0.0100</UnitOfMeasurePrice><AllowDiscount>1</AllowDiscount><ItemStatus>1</ItemStatus><ItemPrice>29.90</ItemPrice></item><item><PriceUpdateDate>2016-06-30 06:41:13</PriceUpdateDate><ItemCode>7290101867708</ItemCode><ItemType>1</ItemType><ItemName>קולון ג'ל קפסולות כב</ItemName><ManufacturerName>קולון</ManufacturerName><ManufactureCountry>איטליה</ManufactureCountry><ManufacturerItemDescription>קולון ג'ל קפסולות כב</ManufacturerItemDescription><SoldByWeight/><Quantity>17.00</Quantity><UnitOfMeasure>בודד</UnitOfMeasure><QtyInPackage>לא ידוע</QtyInPackage><UnitOfMeasurePrice>1.2882</UnitOfMeasurePrice><AllowDiscount>1</AllowDiscount><ItemStatus>1</ItemStatus><ItemPrice>21.90</ItemPrice></item><item><PriceUpdateDate>2016-05-31 07:03:32</PriceUpdateDate><ItemCode>7290101868514</ItemCode><ItemType>1</ItemType><ItemName>אבקת כביסה קולון 101</ItemName><ManufacturerName>קולון</ManufacturerName><ManufactureCountry>ישראל</ManufactureCountry><ManufacturerItemDescription>אבקת כביסה קולון 101</ManufacturerItemDescription><SoldByWeight/><Quantity>3000.00</Quantity><UnitOfMeasure>גרם     </UnitOfMeasure><QtyInPackage>לא ידוע</QtyInPackage><UnitOfMeasurePrice>0.0090</UnitOfMeasurePrice><AllowDiscount>1</AllowDiscount><ItemStatus>1</ItemStatus><ItemPrice>26.90</ItemPrice></item><item><PriceUpdateDate>2016-05-31 07:03:32</PriceUpdateDate><ItemCode>7290101868804</ItemCode><ItemType>1</ItemType><ItemName>אבקת כביסה קולון 101</ItemName><ManufacturerName>קולון</ManufacturerName><ManufactureCountry>ישראל</ManufactureCountry><ManufacturerItemDescription>אבקת כביסה קולון 101</ManufacturerItemDescription><SoldByWeight/><Quantity>3000.00</Quantity><UnitOfMeasure>גרם     </UnitOfMeasure><QtyInPackage>לא ידוע</QtyInPackage><UnitOfMeasurePrice>0.0090</UnitOfMeasurePrice><AllowDiscount>1</AllowDiscount><ItemStatus>1</ItemStatus><ItemPrice>26.90</ItemPrice></item><item><PriceUpdateDate>2016-05-31 07:03:32</PriceUpdateDate><ItemCode>7290101869511</ItemCode><ItemType>1</ItemType><ItemName>ג'ל כביסה קולון 101</ItemName><ManufacturerName>קולון</ManufacturerName><ManufactureCountry>ישראל</ManufactureCountry><ManufacturerItemDescription>ג'ל כביסה קולון 101</ManufacturerItemDescription><SoldByWeight/><Quantity>3000.00</Quantity><UnitOfMeasure>גרם     </UnitOfMeasure><QtyInPackage>לא ידוע</QtyInPackage><UnitOfMeasurePrice>0.0086</UnitOfMeasurePrice><AllowDiscount>1</AllowDiscount><ItemStatus>1</ItemStatus><ItemPrice>25.90</ItemPrice></item><item><PriceUpdateDate>2016-05-31 07:03:32</PriceUpdateDate><ItemCode>7290101869528</ItemCode><ItemType>1</ItemType><ItemName>ג'ל כביסה קולון 101</ItemName><ManufacturerName>קולון</ManufacturerName><ManufactureCountry>ישראל</ManufactureCountry><ManufacturerItemDescription>ג'ל כביסה קולון 101</ManufacturerItemDescription><SoldByWeight/><Quantity>3000.00</Quantity><UnitOfMeasure>גרם     </UnitOfMeasure><QtyInPackage>לא ידוע</QtyInPackage><UnitOfMeasurePrice>0.0086</UnitOfMeasurePrice><AllowDiscount>1</AllowDiscount><ItemStatus>1</ItemStatus><ItemPrice>25.90</ItemPrice></item><item><PriceUpdateDate>2016-06-28 09:29:44</PriceUpdateDate><ItemCode>7290101869757</ItemCode><ItemType>1</ItemType><ItemName>מכשיר איירויק פרשמטי</ItemName><ManufacturerName>איירויק</ManufacturerName><ManufactureCountry>הונגריה</ManufactureCountry><ManufacturerItemDescription>מכשיר איירויק פרשמטי</ManufacturerItemDescription><SoldByWeight/><Quantity>1.00</Quantity><UnitOfMeasure>יח'</UnitOfMeasure><QtyInPackage>לא ידוע</QtyInPackage><UnitOfMeasurePrice>49.9000</UnitOfMeasurePrice><AllowDiscount>1</AllowDiscount><ItemStatus>1</ItemStatus><ItemPrice>49.90</ItemPrice></item><item><PriceUpdateDate>2016-08-02 07:35:55</PriceUpdateDate><ItemCode>7290101869788</ItemCode><ItemType>1</ItemType><ItemName>מילוי איירויק פרשמטי</ItemName><ManufacturerName>איירויק</ManufacturerName><ManufactureCountry>אנגליה</ManufactureCountry><ManufacturerItemDescription>מילוי איירויק פרשמטי</ManufacturerItemDescription><SoldByWeight/><Quantity>250.00</Quantity><UnitOfMeasure>מ"ל</UnitOfMeasure><QtyInPackage>לא ידוע</QtyInPackage><UnitOfMeasurePrice>0.1076</UnitOfMeasurePrice><AllowDiscount>1</AllowDiscount><ItemStatus>1</ItemStatus><ItemPrice>26.90</ItemPrice></item><item><PriceUpdateDate>2016-06-28 09:29:44</PriceUpdateDate><ItemCode>7290102030330</ItemCode><ItemType>1</ItemType><ItemName>תפוצ'יפס קראנצ' מקסי</ItemName><ManufacturerName>תפוצ'יפס</ManufacturerName><ManufactureCountry>ישראל</ManufactureCountry><ManufacturerItemDescription>תפוציפס קראנץ מקסיקני 200</ManufacturerItemDescription><SoldByWeight/><Quantity>200.00</Quantity><UnitOfMeasure>גרם     </UnitOfMeasure><QtyInPackage>לא ידוע</QtyInPackage><UnitOfMeasurePrice>0.0610</UnitOfMeasurePrice><AllowDiscount>1</AllowDiscount><ItemStatus>1</ItemStatus><ItemPrice>12.20</ItemPrice></item><item><PriceUpdateDate>2015-11-18 14:00:10</PriceUpdateDate><ItemCode>7290102032334</ItemCode><ItemType>1</ItemType><ItemName>קפה נמס וניל 200 גרם</ItemName><ManufacturerName>עלית נמס</ManufacturerName><ManufactureCountry>ישראל</ManufactureCountry><ManufacturerItemDescription>קפה נמס וניל 200 גרם</ManufacturerItemDescription><SoldByWeight/><Quantity>200.00</Quantity><UnitOfMeasure>גרם     </UnitOfMeasure><QtyInPackage>לא ידוע</QtyInPackage><UnitOfMeasurePrice>0.1525</UnitOfMeasurePrice><AllowDiscount>1</AllowDiscount><ItemStatus>1</ItemStatus><ItemPrice>30.50</ItemPrice></item><item><PriceUpdateDate>2015-10-22 10:37:47</PriceUpdateDate><ItemCode>7290102033553</ItemCode><ItemType>1</ItemType><ItemName>חטיף דוריטוס חמוץ חר</ItemName><ManufacturerName>דוריטוס</ManufacturerName><ManufactureCountry>ישראל</ManufactureCountry><ManufacturerItemDescription>דוריטוס חמוץ חריף 200 גרם</ManufacturerItemDescription><SoldByWeight/><Quantity>200.00</Quantity><UnitOfMeasure>גרם     </UnitOfMeasure><QtyInPackage>לא ידוע</QtyInPackage><UnitOfMeasurePrice>0.0505</UnitOfMeasurePrice><AllowDiscount>1</AllowDiscount><ItemStatus>1</ItemStatus><ItemPrice>10.10</ItemPrice></item><item><PriceUpdateDate>2016-01-14 10:29:51</PriceUpdateDate><ItemCode>7290102035007</ItemCode><ItemType>1</ItemType><ItemName>מסטיק מאסט בזוקה 28</ItemName><ManufacturerName>מאסט</ManufacturerName><ManufactureCountry>ישראל</ManufactureCountry><ManufacturerItemDescription>מסטיק מאסט בטעם בזוקה</ManufacturerItemDescription><SoldByWeight/><Quantity>28.00</Quantity><UnitOfMeasure>גרם     </UnitOfMeasure><QtyInPackage>לא ידוע</QtyInPackage><UnitOfMeasurePrice>0.1607</UnitOfMeasurePrice><AllowDiscount>1</AllowDiscount><ItemStatus>1</ItemStatus><ItemPrice>4.50</ItemPrice></item><item><PriceUpdateDate>2016-08-10 08:23:23</PriceUpdateDate><ItemCode>7290102037551</ItemCode><ItemType>1</ItemType><ItemName>מארז חטיף צ'יטוס דול</ItemName><ManufacturerName>צ'יטוס</ManufacturerName><ManufactureCountry>ישראל</ManufactureCountry><ManufacturerItemDescription>מארז חטיף צ'יטוס דול</ManufacturerItemDescription><SoldByWeight/><Quantity>150.00</Quantity><UnitOfMeasure>גרם     </UnitOfMeasure><QtyInPackage>לא ידוע</QtyInPackage><UnitOfMeasurePrice>0.0867</UnitOfMeasurePrice><AllowDiscount>1</AllowDiscount><ItemStatus>1</ItemStatus><ItemPrice>13.00</ItemPrice></item><item><PriceUpdateDate>2016-08-03 11:58:14</PriceUpdateDate><ItemCode>7290102060955</ItemCode><ItemType>1</ItemType><ItemName>משחת שיניים מרידול 1</ItemName><ManufacturerName>מרידול</ManufacturerName><ManufactureCountry>פולין</ManufactureCountry><ManufacturerItemDescription>דוגלי גזע קטן   ק"ג</ManufacturerItemDescription><SoldByWeight/><Quantity>100.00</Quantity><UnitOfMeasure>מ"ל</UnitOfMeasure><QtyInPackage>לא ידוע</QtyInPackage><UnitOfMeasurePrice>0.2390</UnitOfMeasurePrice><AllowDiscount>1</AllowDiscount><ItemStatus>1</ItemStatus><ItemPrice>23.90</ItemPrice></item><item><PriceUpdateDate>2016-05-01 08:13:57</PriceUpdateDate><ItemCode>7290102300822</ItemCode><ItemType>1</ItemType><ItemName>צ'דר אנגלי כתום 200</ItemName><ManufacturerName>פיירי</ManufacturerName><ManufactureCountry>לא ידוע</ManufactureCountry><ManufacturerItemDescription>צ'דר אנגלי כתום 200</ManufacturerItemDescription><SoldByWeight/><Quantity>200.00</Quantity><UnitOfMeasure>גרם     </UnitOfMeasure><QtyInPackage>לא ידוע</QtyInPackage><UnitOfMeasurePrice>0.1170</UnitOfMeasurePrice><AllowDiscount>1</AllowDiscount><ItemStatus>1</ItemStatus><ItemPrice>23.40</ItemPrice></item><item><PriceUpdateDate>2016-05-01 08:13:57</PriceUpdateDate><ItemCode>7290102300884</ItemCode><ItemType>3</ItemType><ItemName>גבינה צ'דר אנגלי כתו</ItemName><ManufacturerName>נטו סחר</ManufacturerName><ManufactureCountry>לא ידוע</ManufactureCountry><ManufacturerItemDescription>גבינה צ'דר אנגלי כתו</ManufacturerItemDescription><SoldByWeight/><Quantity>1.00</Quantity><UnitOfMeasure>ק"ג</UnitOfMeasure><QtyInPackage>לא ידוע</QtyInPackage><UnitOfMeasurePrice>110.0000</UnitOfMeasurePrice><AllowDiscount>1</AllowDiscount><ItemStatus>1</ItemStatus><ItemPrice>110.00</ItemPrice></item><item><PriceUpdateDate>2016-08-10 08:23:23</PriceUpdateDate><ItemCode>7290102390427</ItemCode><ItemType>1</ItemType><ItemName>יוגורט פרופתות מולר</ItemName><ManufacturerName>מולר</ManufacturerName><ManufactureCountry>ישראל</ManufactureCountry><ManufacturerItemDescription>פרופ תות מולר 150 מל</ManufacturerItemDescription><SoldByWeight/><Quantity>150.00</Quantity><UnitOfMeasure>מ"ל</UnitOfMeasure><QtyInPackage>לא ידוע</QtyInPackage><UnitOfMeasurePrice>0.0367</UnitOfMeasurePrice><AllowDiscount>1</AllowDiscount><ItemStatus>1</ItemStatus><ItemPrice>5.50</ItemPrice></item><item><PriceUpdateDate>2016-08-10 08:23:23</PriceUpdateDate><ItemCode>7290102390465</ItemCode><ItemType>1</ItemType><ItemName>יוגורט פרופאפרסק ופס</ItemName><ManufacturerName>מולר</ManufacturerName><ManufactureCountry>ישראל</ManufactureCountry><ManufacturerItemDescription>פרופ אפרסק פסיפלורה מולר</ManufacturerItemDescription><SoldByWeight/><Quantity>150.00</Quantity><UnitOfMeasure>מ"ל</UnitOfMeasure><QtyInPackage>לא ידוע</QtyInPackage><UnitOfMeasurePrice>0.0367</UnitOfMeasurePrice><AllowDiscount>1</AllowDiscount><ItemStatus>1</ItemStatus><ItemPrice>5.50</ItemPrice></item><item><PriceUpdateDate>2016-08-10 08:23:23</PriceUpdateDate><ItemCode>7290102390489</ItemCode><ItemType>1</ItemType><ItemName>יוגורט פרופלימון מול</ItemName><ManufacturerName>מולר</ManufacturerName><ManufactureCountry>ישראל</ManufactureCountry><ManufacturerItemDescription>פרופ לימון מולר 150 מל</ManufacturerItemDescription><SoldByWeight/><Quantity>150.00</Quantity><UnitOfMeasure>מ"ל</UnitOfMeasure><QtyInPackage>לא ידוע</QtyInPackage><UnitOfMeasurePrice>0.0367</UnitOfMeasurePrice><AllowDiscount>1</AllowDiscount><ItemStatus>1</ItemStatus><ItemPrice>5.50</ItemPrice></item><item><PriceUpdateDate>2016-08-10 08:23:23</PriceUpdateDate><ItemCode>7290102391844</ItemCode><ItemType>1</ItemType><ItemName>יוגורט פרופ פירות יע</ItemName><ManufacturerName>מולר</ManufacturerName><ManufactureCountry>ישראל</ManufactureCountry><ManufacturerItemDescription>פרופ פירות יער מולר 150</ManufacturerItemDescription><SoldByWeight/><Quantity>150.00</Quantity><UnitOfMeasure>מ"ל</UnitOfMeasure><QtyInPackage>לא ידוע</QtyInPackage><UnitOfMeasurePrice>0.0367</UnitOfMeasurePrice><AllowDiscount>1</AllowDiscount><ItemStatus>1</ItemStatus><ItemPrice>5.50</ItemPrice></item><item><PriceUpdateDate>2016-08-10 08:23:24</PriceUpdateDate><ItemCode>7290102392049</ItemCode><ItemType>1</ItemType><ItemName>תבור גבינה לאפיה 5%</ItemName><ManufacturerName>משק צוריאל</ManufacturerName><ManufactureCountry>ישראל</ManufactureCountry><ManufacturerItemDescription>תבור גבינה לאפיה 5%</ManufacturerItemDescription><SoldByWeight/><Quantity>500.00</Quantity><UnitOfMeasure>גרם     </UnitOfMeasure><QtyInPackage>לא ידוע</QtyInPackage><UnitOfMeasurePrice>0.0518</UnitOfMeasurePrice><AllowDiscount>1</AllowDiscount><ItemStatus>1</ItemStatus><ItemPrice>25.90</ItemPrice></item><item><PriceUpdateDate>2016-05-01 08:13:57</PriceUpdateDate><ItemCode>7290102392094</ItemCode><ItemType>1</ItemType><ItemName>חלב עיזים צוריאל 1 ל</ItemName><ManufacturerName>משק צוריאל</ManufacturerName><ManufactureCountry>ישראל</ManufactureCountry><ManufacturerItemDescription>חלב עיזים 1 ליטר קרטון</ManufacturerItemDescription><SoldByWeight/><Quantity>1000.00</Quantity><UnitOfMeasure>מ"ל</UnitOfMeasure><QtyInPackage>לא ידוע</QtyInPackage><UnitOfMeasurePrice>0.0175</UnitOfMeasurePrice><AllowDiscount>0</AllowDiscount><ItemStatus>1</ItemStatus><ItemPrice>17.50</ItemPrice></item><item><PriceUpdateDate>2016-02-11 08:21:18</PriceUpdateDate><ItemCode>7290102392636</ItemCode><ItemType>1</ItemType><ItemName>שמנת מתוקה לקצפת 38%</ItemName><ManufacturerName>טרה</ManufacturerName><ManufactureCountry>ישראל</ManufactureCountry><ManufacturerItemDescription>שמנת מתוקה עמידה 250 38%</ManufacturerItemDescription><SoldByWeight/><Quantity>250.00</Quantity><UnitOfMeasure>מ"ל</UnitOfMeasure><QtyInPackage>לא ידוע</QtyInPackage><UnitOfMeasurePrice>0.0238</UnitOfMeasurePrice><AllowDiscount>1</AllowDiscount><ItemStatus>1</ItemStatus><ItemPrice>5.95</ItemPrice></item><item><PriceUpdateDate>2015-10-11 20:35:08</PriceUpdateDate><ItemCode>7290102392711</ItemCode><ItemType>1</ItemType><ItemName>יוגורט מולר ביאנקו ל</ItemName><ManufacturerName>מולר</ManufacturerName><ManufactureCountry>ישראל</ManufactureCountry><ManufacturerItemDescription>מולר ביאנקו 200 1.7%  גרם</ManufacturerItemDescription><SoldByWeight/><Quantity>200.00</Quantity><UnitOfMeasure>גרם     </UnitOfMeasure><QtyInPackage>לא ידוע</QtyInPackage><UnitOfMeasurePrice>0.0205</UnitOfMeasurePrice><AllowDiscount>0</AllowDiscount><ItemStatus>1</ItemStatus><ItemPrice>4.10</ItemPrice></item><item><PriceUpdateDate>2016-08-10 08:23:24</PriceUpdateDate><ItemCode>7290102393039</ItemCode><ItemType>1</ItemType><ItemName>מולר מיקס פצפוצי שוק</ItemName><ManufacturerName>מולר</ManufacturerName><ManufactureCountry>ישראל</ManufactureCountry><ManufacturerItemDescription>יוגורט מולר מיקס פצפוצי ש</ManufacturerItemDescription><SoldByWeight/><Quantity>150.00</Quantity><UnitOfMeasure>גרם     </UnitOfMeasure><QtyInPackage>לא ידוע</QtyInPackage><UnitOfMeasurePrice>0.0420</UnitOfMeasurePrice><AllowDiscount>0</AllowDiscount><ItemStatus>1</ItemStatus><ItemPrice>6.30</ItemPrice></item><item><PriceUpdateDate>2016-08-10 08:23:24</PriceUpdateDate><ItemCode>7290102393060</ItemCode><ItemType>1</ItemType><ItemName>מולר מיקס גליליות קר</ItemName><ManufacturerName>מולר</ManufacturerName><ManufactureCountry>ישראל</ManufactureCountry><ManufacturerItemDescription>יוגורט קרם אגוזים מולר מי</ManufacturerItemDescription><SoldByWeight/><Quantity>150.00</Quantity><UnitOfMeasure>גרם     </UnitOfMeasure><QtyInPackage>לא ידוע</QtyInPackage><UnitOfMeasurePrice>0.0420</UnitOfMeasurePrice><AllowDiscount>0</AllowDiscount><ItemStatus>1</ItemStatus><ItemPrice>6.30</ItemPrice></item><item><PriceUpdateDate>2015-10-11 20:35:08</PriceUpdateDate><ItemCode>7290102393169</ItemCode><ItemType>1</ItemType><ItemName>מולר תות 3% 150 גרם</ItemName><ManufacturerName>מולר</ManufacturerName><ManufactureCountry>ישראל</ManufactureCountry><ManufacturerItemDescription>יוגורט סימפלי תות 150 3%</ManufacturerItemDescription><SoldByWeight/><Quantity>150.00</Quantity><UnitOfMeasure>גרם     </UnitOfMeasure><QtyInPackage>לא ידוע</QtyInPackage><UnitOfMeasurePrice>0.0360</UnitOfMeasurePrice><AllowDiscount>1</AllowDiscount><ItemStatus>1</ItemStatus><ItemPrice>5.40</ItemPrice></item><item><PriceUpdateDate>2015-10-11 20:35:08</PriceUpdateDate><ItemCode>7290102393176</ItemCode><ItemType>1</ItemType><ItemName>מולר אפרסק 3% 150 גר</ItemName><ManufacturerName>מולר</ManufacturerName><ManufactureCountry>ישראל</ManufactureCountry><ManufacturerItemDescription>מולר אפרסק 3% 150 גר</ManufacturerItemDescription><SoldByWeight/><Quantity>150.00</Quantity><UnitOfMeasure>גרם     </UnitOfMeasure><QtyInPackage>לא ידוע</QtyInPackage><UnitOfMeasurePrice>0.0360</UnitOfMeasurePrice><AllowDiscount>1</AllowDiscount><ItemStatus>1</ItemStatus><ItemPrice>5.40</ItemPrice></item><item><PriceUpdateDate>2015-10-11 20:35:09</PriceUpdateDate><ItemCode>7290102393190</ItemCode><ItemType>1</ItemType><ItemName>מולר פירות יער 3% 15</ItemName><ManufacturerName>מולר</ManufacturerName><ManufactureCountry>ישראל</ManufactureCountry><ManufacturerItemDescription>יוגורט סימפלי פירות יער</ManufacturerItemDescription><SoldByWeight/><Quantity>150.00</Quantity><UnitOfMeasure>גרם     </UnitOfMeasure><QtyInPackage>לא ידוע</QtyInPackage><UnitOfMeasurePrice>0.0360</UnitOfMeasurePrice><AllowDiscount>1</AllowDiscount><ItemStatus>1</ItemStatus><ItemPrice>5.40</ItemPrice></item><item><PriceUpdateDate>2016-08-02 07:51:13</PriceUpdateDate><ItemCode>7290102393268</ItemCode><ItemType>1</ItemType><ItemName>מב גבינה לבנה 5% 750</ItemName><ManufacturerName>טרה</ManufacturerName><ManufactureCountry>ישראל</ManufactureCountry><ManufacturerItemDescription>מב גבינה לבנה 5% 750</ManufacturerItemDescription><SoldByWeight/><Quantity>750.00</Quantity><UnitOfMeasure>גרם     </UnitOfMeasure><QtyInPackage>לא ידוע</QtyInPackage><UnitOfMeasurePrice>0.0153</UnitOfMeasurePrice><AllowDiscount>1</AllowDiscount><ItemStatus>1</ItemStatus><ItemPrice>11.50</ItemPrice></item><item><PriceUpdateDate>2016-03-29 07:06:17</PriceUpdateDate><ItemCode>7290102393299</ItemCode><ItemType>1</ItemType><ItemName>יוגורט עיזים לשתיה 5</ItemName><ManufacturerName>משק צוריאל</ManufacturerName><ManufactureCountry>ישראל</ManufactureCountry><ManufacturerItemDescription>יוגורט עיזים לשתיה 500 מל</ManufacturerItemDescription><SoldByWeight/><Quantity>500.00</Quantity><UnitOfMeasure>גרם     </UnitOfMeasure><QtyInPackage>לא ידוע</QtyInPackage><UnitOfMeasurePrice>0.0278</UnitOfMeasurePrice><AllowDiscount>1</AllowDiscount><ItemStatus>1</ItemStatus><ItemPrice>13.90</ItemPrice></item><item><PriceUpdateDate>2016-08-10 08:23:24</PriceUpdateDate><ItemCode>7290102394081</ItemCode><ItemType>1</ItemType><ItemName>מולר מיקס קורנפלקס מ</ItemName><ManufacturerName>מולר</ManufacturerName><ManufactureCountry>ישראל</ManufactureCountry><ManufacturerItemDescription>יוגורט קורנפלקס מולר מיקס</ManufacturerItemDescription><SoldByWeight/><Quantity>180.00</Quantity><UnitOfMeasure>גרם     </UnitOfMeasure><QtyInPackage>לא ידוע</QtyInPackage><UnitOfMeasurePrice>0.0350</UnitOfMeasurePrice><AllowDiscount>0</AllowDiscount><ItemStatus>1</ItemStatus><ItemPrice>6.30</ItemPrice></item><item><PriceUpdateDate>2016-02-11 08:21:18</PriceUpdateDate><ItemCode>7290102394814</ItemCode><ItemType>1</ItemType><ItemName>חמאה 200 גרם טרה</ItemName><ManufacturerName>טרה</ManufacturerName><ManufactureCountry>ישראל</ManufactureCountry><ManufacturerItemDescription>חמאה 200 גרם טרה</ManufacturerItemDescription><SoldByWeight/><Quantity>200.00</Quantity><UnitOfMeasure>גרם     </UnitOfMeasure><QtyInPackage>לא ידוע</QtyInPackage><UnitOfMeasurePrice>0.0380</UnitOfMeasurePrice><AllowDiscount>1</AllowDiscount><ItemStatus>1</ItemStatus><ItemPrice>7.60</ItemPrice></item><item><PriceUpdateDate>2015-11-18 14:00:11</PriceUpdateDate><ItemCode>7290102395101</ItemCode><ItemType>1</ItemType><ItemName>ממרח גבינה שוקולד (ש</ItemName><ManufacturerName>טרה</ManufacturerName><ManufactureCountry>ישראל</ManufactureCountry><ManufacturerItemDescription>ממרח גבינה שוקולד 200 גר</ManufacturerItemDescription><SoldByWeight/><Quantity>200.00</Quantity><UnitOfMeasure>גרם     </UnitOfMeasure><QtyInPackage>לא ידוע</QtyInPackage><UnitOfMeasurePrice>0.0610</UnitOfMeasurePrice><AllowDiscount>1</AllowDiscount><ItemStatus>1</ItemStatus><ItemPrice>12.20</ItemPrice></item><item><PriceUpdateDate>2015-10-11 20:35:09</PriceUpdateDate><ItemCode>7290102395224</ItemCode><ItemType>1</ItemType><ItemName>מאגדת מולר ביאנקו נט</ItemName><ManufacturerName>מולר</ManufacturerName><ManufactureCountry>ישראל</ManufactureCountry><ManufacturerItemDescription>מאגדת מולר ביאנקו נט</ManufacturerItemDescription><SoldByWeight/><Quantity>1200.00</Quantity><UnitOfMeasure>גרם     </UnitOfMeasure><QtyInPackage>לא ידוע</QtyInPackage><UnitOfMeasurePrice>0.0154</UnitOfMeasurePrice><AllowDiscount>1</AllowDiscount><ItemStatus>1</ItemStatus><ItemPrice>18.50</ItemPrice></item><item><PriceUpdateDate>2015-10-22 10:37:48</PriceUpdateDate><ItemCode>7290102395378</ItemCode><ItemType>1</ItemType><ItemName>גבינה צהובה וואקום 2</ItemName><ManufacturerName>ג.נ'עם</ManufacturerName><ManufactureCountry>ישראל</ManufactureCountry><ManufacturerItemDescription>גבינה צהובה 360 28% גרם</ManufacturerItemDescription><SoldByWeight/><Quantity>360.00</Quantity><UnitOfMeasure>גרם     </UnitOfMeasure><QtyInPackage>לא ידוע</QtyInPackage><UnitOfMeasurePrice>0.0592</UnitOfMeasurePrice><AllowDiscount>1</AllowDiscount><ItemStatus>1</ItemStatus><ItemPrice>21.30</ItemPrice></item><item><PriceUpdateDate>2016-03-29 07:06:17</PriceUpdateDate><ItemCode>7290102395408</ItemCode><ItemType>3</ItemType><ItemName>נעם גבינה צהובה 28%</ItemName><ManufacturerName>ג.נ'עם</ManufacturerName><ManufactureCountry>ישראל</ManufactureCountry><ManufacturerItemDescription>נעם גבינה צהובה 28%</ManufacturerItemDescription><SoldByWeight/><Quantity>1.00</Quantity><UnitOfMeasure>ק"ג</UnitOfMeasure><QtyInPackage>לא ידוע</QtyInPackage><UnitOfMeasurePrice>41.3000</UnitOfMeasurePrice><AllowDiscount>1</AllowDiscount><ItemStatus>1</ItemStatus><ItemPrice>41.30</ItemPrice></item><item><PriceUpdateDate>2015-11-18 14:00:11</PriceUpdateDate><ItemCode>7290102395415</ItemCode><ItemType>3</ItemType><ItemName>חריץ גבינה צהובה 9%</ItemName><ManufacturerName>ג.נ'עם</ManufacturerName><ManufactureCountry>ישראל</ManufactureCountry><ManufacturerItemDescription>חריץ גבינה צהובה 9%</ManufacturerItemDescription><SoldByWeight/><Quantity>1.00</Quantity><UnitOfMeasure>ק"ג</UnitOfMeasure><QtyInPackage>לא ידוע</QtyInPackage><UnitOfMeasurePrice>71.3000</UnitOfMeasurePrice><AllowDiscount>1</AllowDiscount><ItemStatus>1</ItemStatus><ItemPrice>71.30</ItemPrice></item><item><PriceUpdateDate>2015-10-11 20:35:09</PriceUpdateDate><ItemCode>7290102395446</ItemCode><ItemType>1</ItemType><ItemName>מעדן מוו וניל וקצפת</ItemName><ManufacturerName>מוו</ManufacturerName><ManufactureCountry>ישראל</ManufactureCountry><ManufacturerItemDescription>מעדן מוו וניל וקצפת</ManufacturerItemDescription><SoldByWeight/><Quantity>123.00</Quantity><UnitOfMeasure>גרם     </UnitOfMeasure><QtyInPackage>לא ידוע</QtyInPackage><UnitOfMeasurePrice>0.0252</UnitOfMeasurePrice><AllowDiscount>1</AllowDiscount><ItemStatus>1</ItemStatus><ItemPrice>3.10</ItemPrice></item><item><PriceUpdateDate>2015-10-11 20:35:10</PriceUpdateDate><ItemCode>7290102395460</ItemCode><ItemType>1</ItemType><ItemName>מעדן מוו שוקולד אגוז</ItemName><ManufacturerName>מוו</ManufacturerName><ManufactureCountry>ישראל</ManufactureCountry><ManufacturerItemDescription>מעדן מוו שוקולד אגוז</ManufacturerItemDescription><SoldByWeight/><Quantity>123.00</Quantity><UnitOfMeasure>גרם     </UnitOfMeasure><QtyInPackage>לא ידוע</QtyInPackage><UnitOfMeasurePrice>0.0252</UnitOfMeasurePrice><AllowDiscount>1</AllowDiscount><ItemStatus>1</ItemStatus><ItemPrice>3.10</ItemPrice></item><item><PriceUpdateDate>2015-10-11 20:35:10</PriceUpdateDate><ItemCode>7290102395477</ItemCode><ItemType>1</ItemType><ItemName>מעדן מוו שוקולד וקצפ</ItemName><ManufacturerName>מוו</ManufacturerName><ManufactureCountry>ישראל</ManufactureCountry><ManufacturerItemDescription>מעדן מוו שוקולד וקצפ</ManufacturerItemDescription><SoldByWeight/><Quantity>123.00</Quantity><UnitOfMeasure>גרם     </UnitOfMeasure><QtyInPackage>לא ידוע</QtyInPackage><UnitOfMeasurePrice>0.0252</UnitOfMeasurePrice><AllowDiscount>1</AllowDiscount><ItemStatus>1</ItemStatus><ItemPrice>3.10</ItemPrice></item><item><PriceUpdateDate>2016-08-02 07:51:13</PriceUpdateDate><ItemCode>7290102395774</ItemCode><ItemType>1</ItemType><ItemName>מב צפתית מעודנת 5% -</ItemName><ManufacturerName>משק צוריאל</ManufacturerName><ManufactureCountry>ישראל</ManufactureCountry><ManufacturerItemDescription>מב צפתית מעודנת 5% -</ManufacturerItemDescription><SoldByWeight/><Quantity>200.00</Quantity><UnitOfMeasure>גרם     </UnitOfMeasure><QtyInPackage>לא ידוע</QtyInPackage><UnitOfMeasurePrice>0.0500</UnitOfMeasurePrice><AllowDiscount>1</AllowDiscount><ItemStatus>1</ItemStatus><ItemPrice>10.00</ItemPrice></item><item><PriceUpdateDate>2015-10-11 20:35:10</PriceUpdateDate><ItemCode>7290102396047</ItemCode><ItemType>1</ItemType><ItemName>מולר אננס  1.5% 150</ItemName><ManufacturerName>מולר</ManufacturerName><ManufactureCountry>ישראל</ManufactureCountry><ManufacturerItemDescription>יוגורט סימפלי אננס 150 1.</ManufacturerItemDescription><SoldByWeight/><Quantity>150.00</Quantity><UnitOfMeasure>גרם     </UnitOfMeasure><QtyInPackage>לא ידוע</QtyInPackage><UnitOfMeasurePrice>0.0360</UnitOfMeasurePrice><AllowDiscount>1</AllowDiscount><ItemStatus>1</ItemStatus><ItemPrice>5.40</ItemPrice></item><item><PriceUpdateDate>2015-10-11 20:35:10</PriceUpdateDate><ItemCode>7290102396436</ItemCode><ItemType>1</ItemType><ItemName>מעדן מוו שוקולד 1.5%</ItemName><ManufacturerName>טרה</ManufacturerName><ManufactureCountry>ישראל</ManufactureCountry><ManufacturerItemDescription>מעדן מוו שוקולד 1.5%</ManufacturerItemDescription><SoldByWeight/><Quantity>125.00</Quantity><UnitOfMeasure>גרם     </UnitOfMeasure><QtyInPackage>לא ידוע</QtyInPackage><UnitOfMeasurePrice>0.0240</UnitOfMeasurePrice><AllowDiscount>1</AllowDiscount><ItemStatus>1</ItemStatus><ItemPrice>3.00</ItemPrice></item><item><PriceUpdateDate>2016-08-10 08:23:24</PriceUpdateDate><ItemCode>7290102396474</ItemCode><ItemType>1</ItemType><ItemName>יוגורט פרופ מלון בננ</ItemName><ManufacturerName>מולר</ManufacturerName><ManufactureCountry>ישראל</ManufactureCountry><ManufacturerItemDescription>יוגורט פרופ מלון בננ</ManufacturerItemDescription><SoldByWeight/><Quantity>150.00</Quantity><UnitOfMeasure>מ"ל</UnitOfMeasure><QtyInPackage>לא ידוע</QtyInPackage><UnitOfMeasurePrice>0.0367</UnitOfMeasurePrice><AllowDiscount>1</AllowDiscount><ItemStatus>1</ItemStatus><ItemPrice>5.50</ItemPrice></item><item><PriceUpdateDate>2015-10-11 20:35:11</PriceUpdateDate><ItemCode>7290102396498</ItemCode><ItemType>1</ItemType><ItemName>מעדן מוו תות  1.5% 1</ItemName><ManufacturerName>טרה</ManufacturerName><ManufactureCountry>ישראל</ManufactureCountry><ManufacturerItemDescription>מעדן מוו תות  1.5% 1</ManufacturerItemDescription><SoldByWeight/><Quantity>125.00</Quantity><UnitOfMeasure>גרם     </UnitOfMeasure><QtyInPackage>לא ידוע</QtyInPackage><UnitOfMeasurePrice>0.0240</UnitOfMeasurePrice><AllowDiscount>1</AllowDiscount><ItemStatus>1</ItemStatus><ItemPrice>3.00</ItemPrice></item><item><PriceUpdateDate>2015-10-11 20:35:11</PriceUpdateDate><ItemCode>7290102396580</ItemCode><ItemType>1</ItemType><ItemName>מעדן מוו שוקולד ומוס</ItemName><ManufacturerName>מוו</ManufacturerName><ManufactureCountry>ישראל</ManufactureCountry><ManufacturerItemDescription>מעדן מוס שוקולד 123 גר</ManufacturerItemDescription><SoldByWeight/><Quantity>118.00</Quantity><UnitOfMeasure>גרם     </UnitOfMeasure><QtyInPackage>לא ידוע</QtyInPackage><UnitOfMeasurePrice>0.0263</UnitOfMeasurePrice><AllowDiscount>1</AllowDiscount><ItemStatus>1</ItemStatus><ItemPrice>3.10</ItemPrice></item><item><PriceUpdateDate>2015-10-11 20:35:11</PriceUpdateDate><ItemCode>7290102396597</ItemCode><ItemType>1</ItemType><ItemName>מעדן מוו וניל ומוס ש</ItemName><ManufacturerName>מוו</ManufacturerName><ManufactureCountry>ישראל</ManufactureCountry><ManufacturerItemDescription>מעדן וניל מוס שוקולד 123</ManufacturerItemDescription><SoldByWeight/><Quantity>118.00</Quantity><UnitOfMeasure>גרם     </UnitOfMeasure><QtyInPackage>לא ידוע</QtyInPackage><UnitOfMeasurePrice>0.0263</UnitOfMeasurePrice><AllowDiscount>1</AllowDiscount><ItemStatus>1</ItemStatus><ItemPrice>3.10</ItemPrice></item><item><PriceUpdateDate>2015-10-29 09:21:57</PriceUpdateDate><ItemCode>7290102396665</ItemCode><ItemType>1</ItemType><ItemName>גבינה צהובה נעם דקדק</ItemName><ManufacturerName>ג.נ'עם</ManufacturerName><ManufactureCountry>ישראל</ManufactureCountry><ManufacturerItemDescription>גבינה צהובה דקדק 200 28%</ManufacturerItemDescription><SoldByWeight/><Quantity>200.00</Quantity><UnitOfMeasure>גרם     </UnitOfMeasure><QtyInPackage>לא ידוע</QtyInPackage><UnitOfMeasurePrice>0.0800</UnitOfMeasurePrice><AllowDiscount>1</AllowDiscount><ItemStatus>1</ItemStatus><ItemPrice>16.00</ItemPrice></item><item><PriceUpdateDate>2015-10-29 09:21:57</PriceUpdateDate><ItemCode>7290102396672</ItemCode><ItemType>1</ItemType><ItemName>גבינה צהובה דקדק 9%</ItemName><ManufacturerName>ג.נ'עם</ManufacturerName><ManufactureCountry>ישראל</ManufactureCountry><ManufacturerItemDescription>גבינה צהובה200 9% גרם דק</ManufacturerItemDescription><SoldByWeight/><Quantity>200.00</Quantity><UnitOfMeasure>גרם     </UnitOfMeasure><QtyInPackage>לא ידוע</QtyInPackage><UnitOfMeasurePrice>0.1395</UnitOfMeasurePrice><AllowDiscount>1</AllowDiscount><ItemStatus>1</ItemStatus><ItemPrice>27.90</ItemPrice></item><item><PriceUpdateDate>2016-08-10 08:23:24</PriceUpdateDate><ItemCode>7290102396696</ItemCode><ItemType>1</ItemType><ItemName>מולר מיקס עוגיות 150</ItemName><ManufacturerName>מולר</ManufacturerName><ManufactureCountry>ישראל</ManufactureCountry><ManufacturerItemDescription>יוגורט מולר מיקס פצפוצי ש</ManufacturerItemDescription><SoldByWeight/><Quantity>150.00</Quantity><UnitOfMeasure>גרם     </UnitOfMeasure><QtyInPackage>לא ידוע</QtyInPackage><UnitOfMeasurePrice>0.0420</UnitOfMeasurePrice><AllowDiscount>0</AllowDiscount><ItemStatus>1</ItemStatus><ItemPrice>6.30</ItemPrice></item><item><PriceUpdateDate>2015-10-11 20:35:11</PriceUpdateDate><ItemCode>7290102396719</ItemCode><ItemType>1</ItemType><ItemName>מולר תות 0% 150 גרם</ItemName><ManufacturerName>מולר</ManufacturerName><ManufactureCountry>ישראל</ManufactureCountry><ManufacturerItemDescription>מולר סימפלי פרוט תות</ManufacturerItemDescription><SoldByWeight/><Quantity>150.00</Quantity><UnitOfMeasure>גרם     </UnitOfMeasure><QtyInPackage>לא ידוע</QtyInPackage><UnitOfMeasurePrice>0.0360</UnitOfMeasurePrice><AllowDiscount>1</AllowDiscount><ItemStatus>1</ItemStatus><ItemPrice>5.40</ItemPrice></item><item><PriceUpdateDate>2015-10-11 20:35:11</PriceUpdateDate><ItemCode>7290102396726</ItemCode><ItemType>1</ItemType><ItemName>מולר אפרסק 0% 150 גר</ItemName><ManufacturerName>מולר</ManufacturerName><ManufactureCountry>ישראל</ManufactureCountry><ManufacturerItemDescription>מולר סימפלי פרוט אפרסק</ManufacturerItemDescription><SoldByWeight/><Quantity>150.00</Quantity><UnitOfMeasure>גרם     </UnitOfMeasure><QtyInPackage>לא ידוע</QtyInPackage><UnitOfMeasurePrice>0.0360</UnitOfMeasurePrice><AllowDiscount>1</AllowDiscount><ItemStatus>1</ItemStatus><ItemPrice>5.40</ItemPrice></item><item><PriceUpdateDate>2015-10-11 20:35:12</PriceUpdateDate><ItemCode>7290102396733</ItemCode><ItemType>1</ItemType><ItemName>מולר פירות יער 0% 15</ItemName><ManufacturerName>מולר</ManufacturerName><ManufactureCountry>ישראל</ManufactureCountry><ManufacturerItemDescription>מולר סימפלי פרוט פירות יע</ManufacturerItemDescription><SoldByWeight/><Quantity>150.00</Quantity><UnitOfMeasure>גרם     </UnitOfMeasure><QtyInPackage>לא ידוע</QtyInPackage><UnitOfMeasurePrice>0.0360</UnitOfMeasurePrice><AllowDiscount>1</AllowDiscount><ItemStatus>1</ItemStatus><ItemPrice>5.40</ItemPrice></item><item><PriceUpdateDate>2015-10-22 10:37:48</PriceUpdateDate><ItemCode>7290102396740</ItemCode><ItemType>1</ItemType><ItemName>מאגדת שמיניה מולר סי</ItemName><ManufacturerName>מולר</ManufacturerName><ManufactureCountry>ישראל</ManufactureCountry><ManufacturerItemDescription>מאגדת שמיניה מולר סי</ManufacturerItemDescription><SoldByWeight/><Quantity>1200.00</Quantity><UnitOfMeasure>גרם     </UnitOfMeasure><QtyInPackage>לא ידוע</QtyInPackage><UnitOfMeasurePrice>0.0268</UnitOfMeasurePrice><AllowDiscount>1</AllowDiscount><ItemStatus>1</ItemStatus><ItemPrice>32.10</ItemPrice></item><item><PriceUpdateDate>2016-08-02 07:51:13</PriceUpdateDate><ItemCode>7290102396757</ItemCode><ItemType>1</ItemType><ItemName>מב שוקו 1 ליטר קרטון</ItemName><ManufacturerName>טרה</ManufacturerName><ManufactureCountry>ישראל</ManufactureCountry><ManufacturerItemDescription>שוקו 1 ליטר קרטון</ManufacturerItemDescription><SoldByWeight/><Quantity>1000.00</Quantity><UnitOfMeasure>ליטר    </UnitOfMeasure><QtyInPackage>לא ידוע</QtyInPackage><UnitOfMeasurePrice>0.0099</UnitOfMeasurePrice><AllowDiscount>1</AllowDiscount><ItemStatus>1</ItemStatus><ItemPrice>9.90</ItemPrice></item><item><PriceUpdateDate>2016-08-10 08:23:24</PriceUpdateDate><ItemCode>7290102396764</ItemCode><ItemType>1</ItemType><ItemName>שוקו 2 ליטר קרטון</ItemName><ManufacturerName>טרה</ManufacturerName><ManufactureCountry>ישראל</ManufactureCountry><ManufacturerItemDescription>שוקו 2 ליטר קרטון</ManufacturerItemDescription><SoldByWeight/><Quantity>2.00</Quantity><UnitOfMeasure>ליטר    </UnitOfMeasure><QtyInPackage>לא ידוע</QtyInPackage><UnitOfMeasurePrice>10.6500</UnitOfMeasurePrice><AllowDiscount>1</AllowDiscount><ItemStatus>1</ItemStatus><ItemPrice>21.30</ItemPrice></item><item><PriceUpdateDate>2016-08-10 08:23:24</PriceUpdateDate><ItemCode>7290102396771</ItemCode><ItemType>1</ItemType><ItemName>שוקו חצי ליטר קרטון</ItemName><ManufacturerName>טרה</ManufacturerName><ManufactureCountry>ישראל</ManufactureCountry><ManufacturerItemDescription>שוקו חצי ליטר קרטון</ManufacturerItemDescription><SoldByWeight/><Quantity>1.00</Quantity><UnitOfMeasure>מ"ל</UnitOfMeasure><QtyInPackage>לא ידוע</QtyInPackage><UnitOfMeasurePrice>7.1000</UnitOfMeasurePrice><AllowDiscount>1</AllowDiscount><ItemStatus>1</ItemStatus><ItemPrice>7.10</ItemPrice></item><item><PriceUpdateDate>2015-11-18 14:00:11</PriceUpdateDate><ItemCode>7290102396788</ItemCode><ItemType>1</ItemType><ItemName>שוקו 200 מ"ל שקית</ItemName><ManufacturerName>טרה</ManufacturerName><ManufactureCountry>ישראל</ManufactureCountry><ManufacturerItemDescription>שוקו בשקית 200 מל</ManufacturerItemDescription><SoldByWeight/><Quantity>200.00</Quantity><UnitOfMeasure>מ"ל</UnitOfMeasure><QtyInPackage>לא ידוע</QtyInPackage><UnitOfMeasurePrice>0.0130</UnitOfMeasurePrice><AllowDiscount>1</AllowDiscount><ItemStatus>1</ItemStatus><ItemPrice>2.60</ItemPrice></item><item><PriceUpdateDate>2016-02-11 08:21:18</PriceUpdateDate><ItemCode>7290102396948</ItemCode><ItemType>1</ItemType><ItemName>חלב טרה 3% בקרטון 1</ItemName><ManufacturerName>טרה</ManufacturerName><ManufactureCountry>ישראל</ManufactureCountry><ManufacturerItemDescription>חלב1 3% ל.קרטון מהדרין פי</ManufacturerItemDescription><SoldByWeight/><Quantity>1.00</Quantity><UnitOfMeasure>יח'</UnitOfMeasure><QtyInPackage>לא ידוע</QtyInPackage><UnitOfMeasurePrice>5.7500</UnitOfMeasurePrice><AllowDiscount>1</AllowDiscount><ItemStatus>1</ItemStatus><ItemPrice>5.75</ItemPrice></item><item><PriceUpdateDate>2016-01-12 10:02:04</PriceUpdateDate><ItemCode>7290102396979</ItemCode><ItemType>1</ItemType><ItemName>מולר אננס 0% 150 גרם</ItemName><ManufacturerName>מולר</ManufacturerName><ManufactureCountry>ישראל</ManufactureCountry><ManufacturerItemDescription>מולר סימפלי פרוט תות</ManufacturerItemDescription><SoldByWeight/><Quantity>150.00</Quantity><UnitOfMeasure>גרם     </UnitOfMeasure><QtyInPackage>לא ידוע</QtyInPackage><UnitOfMeasurePrice>0.0360</UnitOfMeasurePrice><AllowDiscount>1</AllowDiscount><ItemStatus>1</ItemStatus><ItemPrice>5.40</ItemPrice></item><item><PriceUpdateDate>2016-01-12 10:02:05</PriceUpdateDate><ItemCode>7290102397280</ItemCode><ItemType>1</ItemType><ItemName>מאגדת שמינייה NATURA</ItemName><ManufacturerName>מולר</ManufacturerName><ManufactureCountry>לא ידוע</ManufactureCountry><ManufacturerItemDescription>מאגדת שמינייה NATURA</ManufacturerItemDescription><SoldByWeight/><Quantity>1200.00</Quantity><UnitOfMeasure>גרם     </UnitOfMeasure><QtyInPackage>לא ידוע</QtyInPackage><UnitOfMeasurePrice>0.0241</UnitOfMeasurePrice><AllowDiscount>1</AllowDiscount><ItemStatus>1</ItemStatus><ItemPrice>28.90</ItemPrice></item><item><PriceUpdateDate>2016-04-20 13:05:50</PriceUpdateDate><ItemCode>7290102397365</ItemCode><ItemType>1</ItemType><ItemName>מאגדת שמיניה מולר סי</ItemName><ManufacturerName>מולר</ManufacturerName><ManufactureCountry>ישראל</ManufactureCountry><ManufacturerItemDescription>מאגדת שמיניה מולר סי</ManufacturerItemDescription><SoldByWeight/><Quantity>1200.00</Quantity><UnitOfMeasure>גרם     </UnitOfMeasure><QtyInPackage>לא ידוע</QtyInPackage><UnitOfMeasurePrice>0.0268</UnitOfMeasurePrice><AllowDiscount>1</AllowDiscount><ItemStatus>1</ItemStatus><ItemPrice>32.10</ItemPrice></item><item><PriceUpdateDate>2016-08-10 08:23:24</PriceUpdateDate><ItemCode>7290102397600</ItemCode><ItemType>1</ItemType><ItemName>מולר מיקס שקדים ובוט</ItemName><ManufacturerName>מולר</ManufacturerName><ManufactureCountry>ישראל</ManufactureCountry><ManufacturerItemDescription>יוגורט מולר מיקס פצפוצי ש</ManufacturerItemDescription><SoldByWeight/><Quantity>150.00</Quantity><UnitOfMeasure>גרם     </UnitOfMeasure><QtyInPackage>לא ידוע</QtyInPackage><UnitOfMeasurePrice>0.0420</UnitOfMeasurePrice><AllowDiscount>0</AllowDiscount><ItemStatus>1</ItemStatus><ItemPrice>6.30</ItemPrice></item><item><PriceUpdateDate>2016-08-10 08:23:24</PriceUpdateDate><ItemCode>7290102397617</ItemCode><ItemType>1</ItemType><ItemName>מולר מיקס קליק 150 ג</ItemName><ManufacturerName>מולר</ManufacturerName><ManufactureCountry>ישראל</ManufactureCountry><ManufacturerItemDescription>יוגורט מולר מיקס פצפוצי ש</ManufacturerItemDescription><SoldByWeight/><Quantity>150.00</Quantity><UnitOfMeasure>גרם     </UnitOfMeasure><QtyInPackage>לא ידוע</QtyInPackage><UnitOfMeasurePrice>0.0420</UnitOfMeasurePrice><AllowDiscount>0</AllowDiscount><ItemStatus>1</ItemStatus><ItemPrice>6.30</ItemPrice></item><item><PriceUpdateDate>2014-12-30 12:07:50</PriceUpdateDate><ItemCode>7290102840175</ItemCode><ItemType>1</ItemType><ItemName>פודינג וניל 85 גרם</ItemName><ManufacturerName>מיה</ManufacturerName><ManufactureCountry>ישראל</ManufactureCountry><ManufacturerItemDescription>פודינג וניל 85 גרם</ManufacturerItemDescription><SoldByWeight/><Quantity>85.00</Quantity><UnitOfMeasure>גרם     </UnitOfMeasure><QtyInPackage>לא ידוע</QtyInPackage><UnitOfMeasurePrice>0.0765</UnitOfMeasurePrice><AllowDiscount>1</AllowDiscount><ItemStatus>1</ItemStatus><ItemPrice>6.50</ItemPrice></item><item><PriceUpdateDate>2016-05-31 06:57:08</PriceUpdateDate><ItemCode>7290103126797</ItemCode><ItemType>1</ItemType><ItemName>משחת שיניים קולגייט</ItemName><ManufacturerName>קולגייט</ManufacturerName><ManufactureCountry>ישראל</ManufactureCountry><ManufacturerItemDescription>משחת קולגייט    ף 75 מ"ל</ManufacturerItemDescription><SoldByWeight/><Quantity>75.00</Quantity><UnitOfMeasure>מ"ל</UnitOfMeasure><QtyInPackage>לא ידוע</QtyInPackage><UnitOfMeasurePrice>0.3653</UnitOfMeasurePrice><AllowDiscount>1</AllowDiscount><ItemStatus>1</ItemStatus><ItemPrice>27.40</ItemPrice></item><item><PriceUpdateDate>2016-08-02 07:51:14</PriceUpdateDate><ItemCode>7290103401429</ItemCode><ItemType>1</ItemType><ItemName>מב קפה נמס 200 ג' קצ</ItemName><ManufacturerName>דרום אמריקה</ManufacturerName><ManufactureCountry>ישראל</ManufactureCountry><ManufacturerItemDescription>קפה קצב ברזילאי 200 גר</ManufacturerItemDescription><SoldByWeight/><Quantity>200.00</Quantity><UnitOfMeasure>גרם     </UnitOfMeasure><QtyInPackage>לא ידוע</QtyInPackage><UnitOfMeasurePrice>0.1145</UnitOfMeasurePrice><AllowDiscount>1</AllowDiscount><ItemStatus>1</ItemStatus><ItemPrice>22.90</ItemPrice></item><item><PriceUpdateDate>2016-05-23 14:02:42</PriceUpdateDate><ItemCode>7290103401627</ItemCode><ItemType>1</ItemType><ItemName>דנונה אננס 3% 150 גר</ItemName><ManufacturerName>דנונה</ManufacturerName><ManufactureCountry>ישראל</ManufactureCountry><ManufacturerItemDescription>דנונה אננס 3% 150 גר</ManufacturerItemDescription><SoldByWeight/><Quantity>150.00</Quantity><UnitOfMeasure>גרם     </UnitOfMeasure><QtyInPackage>לא ידוע</QtyInPackage><UnitOfMeasurePrice>0.0260</UnitOfMeasurePrice><AllowDiscount>1</AllowDiscount><ItemStatus>1</ItemStatus><ItemPrice>3.90</ItemPrice></item><item><PriceUpdateDate>2016-02-22 09:17:29</PriceUpdateDate><ItemCode>7290103402815</ItemCode><ItemType>1</ItemType><ItemName>אצבעות שוקולד שמיניו</ItemName><ManufacturerName>לא ידוע</ManufacturerName><ManufactureCountry>ישראל</ManufactureCountry><ManufacturerItemDescription>אצבעות שוקולד 1/8 קרם חלב</ManufacturerItemDescription><SoldByWeight/><Quantity>96.00</Quantity><UnitOfMeasure>גרם     </UnitOfMeasure><QtyInPackage>לא ידוע</QtyInPackage><UnitOfMeasurePrice>0.0885</UnitOfMeasurePrice><AllowDiscount>0</AllowDiscount><ItemStatus>1</ItemStatus><ItemPrice>8.50</ItemPrice></item><item><PriceUpdateDate>2016-07-04 12:08:22</PriceUpdateDate><ItemCode>7290103403997</ItemCode><ItemType>1</ItemType><ItemName>מאגדת חטיפי אנרג'י מ</ItemName><ManufacturerName>אנרג'י</ManufacturerName><ManufactureCountry>ישראל</ManufactureCountry><ManufacturerItemDescription>חטיף דגנים אגוזים ושוקולד</ManufacturerItemDescription><SoldByWeight/><Quantity>156.00</Quantity><UnitOfMeasure>גרם     </UnitOfMeasure><QtyInPackage>לא ידוע</QtyInPackage><UnitOfMeasurePrice>0.1147</UnitOfMeasurePrice><AllowDiscount>1</AllowDiscount><ItemStatus>1</ItemStatus><ItemPrice>17.90</ItemPrice></item><item><PriceUpdateDate>2015-10-22 10:37:49</PriceUpdateDate><ItemCode>7290103404758</ItemCode><ItemType>1</ItemType><ItemName>סלט כרוב אדום יום יו</ItemName><ManufacturerName>אחלה</ManufacturerName><ManufactureCountry>ישראל</ManufactureCountry><ManufacturerItemDescription>סלט כרוב 120 גרם</ManufacturerItemDescription><SoldByWeight/><Quantity>120.00</Quantity><UnitOfMeasure>גרם     </UnitOfMeasure><QtyInPackage>לא ידוע</QtyInPackage><UnitOfMeasurePrice>0.0508</UnitOfMeasurePrice><AllowDiscount>1</AllowDiscount><ItemStatus>1</ItemStatus><ItemPrice>6.10</ItemPrice></item><item><PriceUpdateDate>2016-02-01 20:45:23</PriceUpdateDate><ItemCode>7290103406806</ItemCode><ItemType>1</ItemType><ItemName>עוגה בחושה בטעם שוקו</ItemName><ManufacturerName>עלית</ManufacturerName><ManufactureCountry>ישראל</ManufactureCountry><ManufacturerItemDescription>עוגת שוקולד 330 גרם</ManufacturerItemDescription><SoldByWeight/><Quantity>330.00</Quantity><UnitOfMeasure>גרם     </UnitOfMeasure><QtyInPackage>לא ידוע</QtyInPackage><UnitOfMeasurePrice>0.0361</UnitOfMeasurePrice><AllowDiscount>1</AllowDiscount><ItemStatus>1</ItemStatus><ItemPrice>11.90</ItemPrice></item><item><PriceUpdateDate>2016-05-23 14:02:25</PriceUpdateDate><ItemCode>7290103407209</ItemCode><ItemType>1</ItemType><ItemName>מארז תפוצ'יפס קידס 6</ItemName><ManufacturerName>תפוצ'יפס</ManufacturerName><ManufactureCountry>ישראל</ManufactureCountry><ManufacturerItemDescription>מארז תפוצ'יפס קידס 6</ManufacturerItemDescription><SoldByWeight/><Quantity>180.00</Quantity><UnitOfMeasure>גרם     </UnitOfMeasure><QtyInPackage>לא ידוע</QtyInPackage><UnitOfMeasurePrice>0.0717</UnitOfMeasurePrice><AllowDiscount>1</AllowDiscount><ItemStatus>1</ItemStatus><ItemPrice>12.90</ItemPrice></item><item><PriceUpdateDate>2015-10-26 08:57:45</PriceUpdateDate><ItemCode>7290103407506</ItemCode><ItemType>1</ItemType><ItemName>מקופלת XL חלב 33 גרם</ItemName><ManufacturerName>מקופלת</ManufacturerName><ManufactureCountry>ישראל</ManufactureCountry><ManufacturerItemDescription>חטיף מקופלת XL חלב 33 גרם</ManufacturerItemDescription><SoldByWeight/><Quantity>33.00</Quantity><UnitOfMeasure>גרם     </UnitOfMeasure><QtyInPackage>לא ידוע</QtyInPackage><UnitOfMeasurePrice>0.1515</UnitOfMeasurePrice><AllowDiscount>1</AllowDiscount><ItemStatus>1</ItemStatus><ItemPrice>5.00</ItemPrice></item><item><PriceUpdateDate>2016-04-03 12:01:41</PriceUpdateDate><ItemCode>7290103408206</ItemCode><ItemType>1</ItemType><ItemName>עלי חסה בקופסא ירקות</ItemName><ManufacturerName>שטראוס</ManufacturerName><ManufactureCountry>ישראל</ManufactureCountry><ManufacturerItemDescription>עלי חסה שטופים בקופסא250</ManufacturerItemDescription><SoldByWeight/><Quantity>250.00</Quantity><UnitOfMeasure>גרם     </UnitOfMeasure><QtyInPackage>לא ידוע</QtyInPackage><UnitOfMeasurePrice>0.0476</UnitOfMeasurePrice><AllowDiscount>1</AllowDiscount><ItemStatus>1</ItemStatus><ItemPrice>11.90</ItemPrice></item><item><PriceUpdateDate>2016-06-19 11:30:13</PriceUpdateDate><ItemCode>7290103590307</ItemCode><ItemType>1</ItemType><ItemName>טונה בשמן סויה כוכב</ItemName><ManufacturerName>כוכב הבית</ManufacturerName><ManufactureCountry>ישראל</ManufactureCountry><ManufacturerItemDescription>טונה בשמן סויה כוכב</ManufacturerItemDescription><SoldByWeight/><Quantity>160.00</Quantity><UnitOfMeasure>גרם     </UnitOfMeasure><QtyInPackage>לא ידוע</QtyInPackage><UnitOfMeasurePrice>0.0369</UnitOfMeasurePrice><AllowDiscount>1</AllowDiscount><ItemStatus>1</ItemStatus><ItemPrice>5.90</ItemPrice></item><item><PriceUpdateDate>2016-06-19 11:30:13</PriceUpdateDate><ItemCode>7290103590321</ItemCode><ItemType>1</ItemType><ItemName>טונה בשמן קנולה כוכב</ItemName><ManufacturerName>כוכב הבית</ManufacturerName><ManufactureCountry>ישראל</ManufactureCountry><ManufacturerItemDescription>טונה בשמן קנולה כוכב</ManufacturerItemDescription><SoldByWeight/><Quantity>160.00</Quantity><UnitOfMeasure>גרם     </UnitOfMeasure><QtyInPackage>לא ידוע</QtyInPackage><UnitOfMeasurePrice>0.0369</UnitOfMeasurePrice><AllowDiscount>1</AllowDiscount><ItemStatus>1</ItemStatus><ItemPrice>5.90</ItemPrice></item><item><PriceUpdateDate>2016-06-06 12:23:26</PriceUpdateDate><ItemCode>7290103680299</ItemCode><ItemType>1</ItemType><ItemName>יין שמיים מרלו 750 מ</ItemName><ManufacturerName>"המותג"</ManufacturerName><ManufactureCountry>ישראל</ManufactureCountry><ManufacturerItemDescription>יין שמיים מרלו 750 מ</ManufacturerItemDescription><SoldByWeight/><Quantity>750.00</Quantity><UnitOfMeasure>מ"ל</UnitOfMeasure><QtyInPackage>לא ידוע</QtyInPackage><UnitOfMeasurePrice>0.0265</UnitOfMeasurePrice><AllowDiscount>1</AllowDiscount><ItemStatus>1</ItemStatus><ItemPrice>19.90</ItemPrice></item><item><PriceUpdateDate>2016-06-06 12:23:26</PriceUpdateDate><ItemCode>7290103680756</ItemCode><ItemType>1</ItemType><ItemName>יין שמיים מרלו קברנה</ItemName><ManufacturerName>"המותג"</ManufacturerName><ManufactureCountry>ישראל</ManufactureCountry><ManufacturerItemDescription>יין שמיים מרלו קברנה</ManufacturerItemDescription><SoldByWeight/><Quantity>750.00</Quantity><UnitOfMeasure>מ"ל</UnitOfMeasure><QtyInPackage>לא ידוע</QtyInPackage><UnitOfMeasurePrice>0.0265</UnitOfMeasurePrice><AllowDiscount>1</AllowDiscount><ItemStatus>1</ItemStatus><ItemPrice>19.90</ItemPrice></item><item><PriceUpdateDate>2016-01-14 10:29:51</PriceUpdateDate><ItemCode>7290104060403</ItemCode><ItemType>1</ItemType><ItemName>מסטיק מאסט בזוקה ענב</ItemName><ManufacturerName>בזוקה</ManufacturerName><ManufactureCountry>ישראל</ManufactureCountry><ManufacturerItemDescription>מסטיק מאסט בזוקה ענבים לל</ManufacturerItemDescription><SoldByWeight/><Quantity>28.00</Quantity><UnitOfMeasure>גרם     </UnitOfMeasure><QtyInPackage>לא ידוע</QtyInPackage><UnitOfMeasurePrice>0.1607</UnitOfMeasurePrice><AllowDiscount>1</AllowDiscount><ItemStatus>1</ItemStatus><ItemPrice>4.50</ItemPrice></item><item><PriceUpdateDate>2016-01-15 10:07:40</PriceUpdateDate><ItemCode>7290104061127</ItemCode><ItemType>1</ItemType><ItemName>עוגת שוקוצ'יפס 330 ג</ItemName><ManufacturerName>עלית</ManufacturerName><ManufactureCountry>ישראל</ManufactureCountry><ManufacturerItemDescription>עוגת שוקוצ'יפס 330 ג</ManufacturerItemDescription><SoldByWeight/><Quantity>330.00</Quantity><UnitOfMeasure>גרם     </UnitOfMeasure><QtyInPackage>לא ידוע</QtyInPackage><UnitOfMeasurePrice>0.0361</UnitOfMeasurePrice><AllowDiscount>1</AllowDiscount><ItemStatus>1</ItemStatus><ItemPrice>11.90</ItemPrice></item><item><PriceUpdateDate>2015-12-27 08:48:42</PriceUpdateDate><ItemCode>7290104061219</ItemCode><ItemType>1</ItemType><ItemName>רבע לשבע חלב קרם נוג</ItemName><ManufacturerName>עלית</ManufacturerName><ManufactureCountry>ישראל</ManufactureCountry><ManufacturerItemDescription>רבע לשבע אגוזים 120 גרם</ManufacturerItemDescription><SoldByWeight/><Quantity>120.00</Quantity><UnitOfMeasure>גרם     </UnitOfMeasure><QtyInPackage>לא ידוע</QtyInPackage><UnitOfMeasurePrice>0.1158</UnitOfMeasurePrice><AllowDiscount>1</AllowDiscount><ItemStatus>1</ItemStatus><ItemPrice>13.90</ItemPrice></item><item><PriceUpdateDate>2016-08-02 07:35:56</PriceUpdateDate><ItemCode>7290104061424</ItemCode><ItemType>1</ItemType><ItemName>סלט חומוס אחלה עם זע</ItemName><ManufacturerName>אחלה</ManufacturerName><ManufactureCountry>ישראל</ManufactureCountry><ManufacturerItemDescription>סלט חומוס אחלה עם זע</ManufacturerItemDescription><SoldByWeight/><Quantity>400.00</Quantity><UnitOfMeasure>גרם     </UnitOfMeasure><QtyInPackage>לא ידוע</QtyInPackage><UnitOfMeasurePrice>0.0298</UnitOfMeasurePrice><AllowDiscount>0</AllowDiscount><ItemStatus>1</ItemStatus><ItemPrice>11.90</ItemPrice></item><item><PriceUpdateDate>2016-08-02 07:35:56</PriceUpdateDate><ItemCode>7290104061431</ItemCode><ItemType>1</ItemType><ItemName>סלט חומוס אחלה עם צנ</ItemName><ManufacturerName>אחלה</ManufacturerName><ManufactureCountry>ישראל</ManufactureCountry><ManufacturerItemDescription>סלט חומוס וצנובר 400 גרם</ManufacturerItemDescription><SoldByWeight/><Quantity>400.00</Quantity><UnitOfMeasure>גרם     </UnitOfMeasure><QtyInPackage>לא ידוע</QtyInPackage><UnitOfMeasurePrice>0.0298</UnitOfMeasurePrice><AllowDiscount>0</AllowDiscount><ItemStatus>1</ItemStatus><ItemPrice>11.90</ItemPrice></item><item><PriceUpdateDate>2016-08-02 07:35:56</PriceUpdateDate><ItemCode>7290104061448</ItemCode><ItemType>1</ItemType><ItemName>סלט חומוס אחלה עם חר</ItemName><ManufacturerName>אחלה</ManufacturerName><ManufactureCountry>ישראל</ManufactureCountry><ManufacturerItemDescription>סלט חומוס וחריף 400 גרם</ManufacturerItemDescription><SoldByWeight/><Quantity>400.00</Quantity><UnitOfMeasure>גרם     </UnitOfMeasure><QtyInPackage>לא ידוע</QtyInPackage><UnitOfMeasurePrice>0.0298</UnitOfMeasurePrice><AllowDiscount>0</AllowDiscount><ItemStatus>1</ItemStatus><ItemPrice>11.90</ItemPrice></item><item><PriceUpdateDate>2016-05-23 14:02:42</PriceUpdateDate><ItemCode>7290104062599</ItemCode><ItemType>1</ItemType><ItemName>מארז שמינייה גמדים ת</ItemName><ManufacturerName>גמדים</ManufacturerName><ManufactureCountry>ישראל</ManufactureCountry><ManufacturerItemDescription>מארז שמינייה גמדים ת</ManufacturerItemDescription><SoldByWeight/><Quantity>800.00</Quantity><UnitOfMeasure>גרם     </UnitOfMeasure><QtyInPackage>לא ידוע</QtyInPackage><UnitOfMeasurePrice>0.0236</UnitOfMeasurePrice><AllowDiscount>1</AllowDiscount><ItemStatus>1</ItemStatus><ItemPrice>18.90</ItemPrice></item><item><PriceUpdateDate>2015-11-18 14:00:14</PriceUpdateDate><ItemCode>7290104065187</ItemCode><ItemType>1</ItemType><ItemName>קפה נמס מוקה 200 גרם</ItemName><ManufacturerName>עלית נמס</ManufacturerName><ManufactureCountry>ישראל</ManufactureCountry><ManufacturerItemDescription>קפה נמס מוקה 200 גרם</ManufacturerItemDescription><SoldByWeight/><Quantity>200.00</Quantity><UnitOfMeasure>גרם     </UnitOfMeasure><QtyInPackage>לא ידוע</QtyInPackage><UnitOfMeasurePrice>0.1525</UnitOfMeasurePrice><AllowDiscount>1</AllowDiscount><ItemStatus>1</ItemStatus><ItemPrice>30.50</ItemPrice></item><item><PriceUpdateDate>2015-10-11 20:35:15</PriceUpdateDate><ItemCode>7290104066016</ItemCode><ItemType>1</ItemType><ItemName>מילקי טופ עדשים 134</ItemName><ManufacturerName>מילקי</ManufacturerName><ManufactureCountry>ישראל</ManufactureCountry><ManufacturerItemDescription>מילקי טופ עדשים 170 מל</ManufacturerItemDescription><SoldByWeight/><Quantity>134.00</Quantity><UnitOfMeasure>גרם     </UnitOfMeasure><QtyInPackage>לא ידוע</QtyInPackage><UnitOfMeasurePrice>0.0351</UnitOfMeasurePrice><AllowDiscount>1</AllowDiscount><ItemStatus>1</ItemStatus><ItemPrice>4.70</ItemPrice></item><item><PriceUpdateDate>2016-08-10 08:23:24</PriceUpdateDate><ItemCode>7290104066566</ItemCode><ItemType>1</ItemType><ItemName>טחינה אחלה 500 גרם</ItemName><ManufacturerName>אחלה</ManufacturerName><ManufactureCountry>ישראל</ManufactureCountry><ManufacturerItemDescription>טחינה משומשום מלא 500 גרם</ManufacturerItemDescription><SoldByWeight/><Quantity>500.00</Quantity><UnitOfMeasure>גרם     </UnitOfMeasure><QtyInPackage>לא ידוע</QtyInPackage><UnitOfMeasurePrice>0.0344</UnitOfMeasurePrice><AllowDiscount>1</AllowDiscount><ItemStatus>1</ItemStatus><ItemPrice>17.20</ItemPrice></item><item><PriceUpdateDate>2016-08-10 08:23:24</PriceUpdateDate><ItemCode>7290104067198</ItemCode><ItemType>1</ItemType><ItemName>שוקולד ספלנדיד מריר</ItemName><ManufacturerName>לא ידוע</ManufacturerName><ManufactureCountry>ישראל</ManufactureCountry><ManufacturerItemDescription>שוקולד ספלנדיד מריר</ManufacturerItemDescription><SoldByWeight/><Quantity>100.00</Quantity><UnitOfMeasure>גרם     </UnitOfMeasure><QtyInPackage>לא ידוע</QtyInPackage><UnitOfMeasurePrice>0.1190</UnitOfMeasurePrice><AllowDiscount>1</AllowDiscount><ItemStatus>1</ItemStatus><ItemPrice>11.90</ItemPrice></item><item><PriceUpdateDate>2016-01-14 10:29:52</PriceUpdateDate><ItemCode>7290104068539</ItemCode><ItemType>1</ItemType><ItemName>מסטיק מאסט מלון ואבט</ItemName><ManufacturerName>מאסט</ManufacturerName><ManufactureCountry>ישראל</ManufactureCountry><ManufacturerItemDescription>מסטיק מאסט מלון ואבטיח</ManufacturerItemDescription><SoldByWeight/><Quantity>28.00</Quantity><UnitOfMeasure>גרם     </UnitOfMeasure><QtyInPackage>לא ידוע</QtyInPackage><UnitOfMeasurePrice>0.1607</UnitOfMeasurePrice><AllowDiscount>1</AllowDiscount><ItemStatus>1</ItemStatus><ItemPrice>4.50</ItemPrice></item><item><PriceUpdateDate>2016-08-10 08:23:24</PriceUpdateDate><ItemCode>7290104068676</ItemCode><ItemType>1</ItemType><ItemName>חטיף תפוציפס קידס 45</ItemName><ManufacturerName>תפוצ'יפס</ManufacturerName><ManufactureCountry>ישראל</ManufactureCountry><ManufacturerItemDescription>חטיף תפוציפס קידס 45</ManufacturerItemDescription><SoldByWeight/><Quantity>45.00</Quantity><UnitOfMeasure>גרם     </UnitOfMeasure><QtyInPackage>לא ידוע</QtyInPackage><UnitOfMeasurePrice>0.0756</UnitOfMeasurePrice><AllowDiscount>1</AllowDiscount><ItemStatus>1</ItemStatus><ItemPrice>3.40</ItemPrice></item><item><PriceUpdateDate>2016-05-31 07:03:34</PriceUpdateDate><ItemCode>7290104500572</ItemCode><ItemType>1</ItemType><ItemName>חטיף אפרופו איטליאנו</ItemName><ManufacturerName>אפרופו</ManufacturerName><ManufactureCountry>ישראל</ManufactureCountry><ManufacturerItemDescription>אפרופו איטליאנו 50 גרם</ManufacturerItemDescription><SoldByWeight/><Quantity>50.00</Quantity><UnitOfMeasure>גרם     </UnitOfMeasure><QtyInPackage>לא ידוע</QtyInPackage><UnitOfMeasurePrice>0.0860</UnitOfMeasurePrice><AllowDiscount>1</AllowDiscount><ItemStatus>1</ItemStatus><ItemPrice>4.30</ItemPrice></item><item><PriceUpdateDate>2016-03-16 18:09:01</PriceUpdateDate><ItemCode>7290104501661</ItemCode><ItemType>1</ItemType><ItemName>פודינג בטעם וניל צרפ</ItemName><ManufacturerName>אסם</ManufacturerName><ManufactureCountry>ישראל</ManufactureCountry><ManufacturerItemDescription>פודינג וניל צרפתי 80 גר</ManufacturerItemDescription><SoldByWeight/><Quantity>80.00</Quantity><UnitOfMeasure>גרם     </UnitOfMeasure><QtyInPackage>לא ידוע</QtyInPackage><UnitOfMeasurePrice>0.0688</UnitOfMeasurePrice><AllowDiscount>1</AllowDiscount><ItemStatus>1</ItemStatus><ItemPrice>5.50</ItemPrice></item><item><PriceUpdateDate>2016-03-01 06:14:39</PriceUpdateDate><ItemCode>7290104503160</ItemCode><ItemType>1</ItemType><ItemName>עוגת הבית בראוניס שו</ItemName><ManufacturerName>עוגות הבית</ManufacturerName><ManufactureCountry>ישראל</ManufactureCountry><ManufacturerItemDescription>עוגת שבת בראוניס שוקולד ק</ManufacturerItemDescription><SoldByWeight/><Quantity>380.00</Quantity><UnitOfMeasure>גרם     </UnitOfMeasure><QtyInPackage>לא ידוע</QtyInPackage><UnitOfMeasurePrice>0.0497</UnitOfMeasurePrice><AllowDiscount>1</AllowDiscount><ItemStatus>1</ItemStatus><ItemPrice>18.90</ItemPrice></item><item><PriceUpdateDate>2016-08-02 07:35:57</PriceUpdateDate><ItemCode>7290104504228</ItemCode><ItemType>1</ItemType><ItemName>מב מארז חטיף דובונים</ItemName><ManufacturerName>אסם</ManufacturerName><ManufactureCountry>ישראל</ManufactureCountry><ManufacturerItemDescription>מב מארז חטיף דובונים</ManufacturerItemDescription><SoldByWeight/><Quantity>100.00</Quantity><UnitOfMeasure>גרם     </UnitOfMeasure><QtyInPackage>לא ידוע</QtyInPackage><UnitOfMeasurePrice>0.1190</UnitOfMeasurePrice><AllowDiscount>1</AllowDiscount><ItemStatus>1</ItemStatus><ItemPrice>11.90</ItemPrice></item><item><PriceUpdateDate>2016-05-31 07:03:34</PriceUpdateDate><ItemCode>7290104508394</ItemCode><ItemType>1</ItemType><ItemName>עוגת הבית שיש אגוזים</ItemName><ManufacturerName>עוגות הבית</ManufacturerName><ManufactureCountry>ישראל</ManufactureCountry><ManufacturerItemDescription>עוגת הבית שיש אגוזים</ManufacturerItemDescription><SoldByWeight/><Quantity>380.00</Quantity><UnitOfMeasure>גרם     </UnitOfMeasure><QtyInPackage>לא ידוע</QtyInPackage><UnitOfMeasurePrice>0.0287</UnitOfMeasurePrice><AllowDiscount>0</AllowDiscount><ItemStatus>1</ItemStatus><ItemPrice>10.90</ItemPrice></item><item><PriceUpdateDate>2016-08-02 07:35:57</PriceUpdateDate><ItemCode>7290104508882</ItemCode><ItemType>1</ItemType><ItemName>סלט חציל בלאדי במיונ</ItemName><ManufacturerName>צבר</ManufacturerName><ManufactureCountry>ישראל</ManufactureCountry><ManufacturerItemDescription>סלט חצילים בלאדי במיונז 4</ManufacturerItemDescription><SoldByWeight/><Quantity>400.00</Quantity><UnitOfMeasure>גרם     </UnitOfMeasure><QtyInPackage>לא ידוע</QtyInPackage><UnitOfMeasurePrice>0.0413</UnitOfMeasurePrice><AllowDiscount>1</AllowDiscount><ItemStatus>1</ItemStatus><ItemPrice>16.50</ItemPrice></item><item><PriceUpdateDate>2015-11-18 14:00:14</PriceUpdateDate><ItemCode>7290104508943</ItemCode><ItemType>1</ItemType><ItemName>במבה קלאסי 200 גרם</ItemName><ManufacturerName>במבה</ManufacturerName><ManufactureCountry>ישראל</ManufactureCountry><ManufacturerItemDescription>במבה קלאסי 200 גרם</ManufacturerItemDescription><SoldByWeight/><Quantity>200.00</Quantity><UnitOfMeasure>גרם     </UnitOfMeasure><QtyInPackage>לא ידוע</QtyInPackage><UnitOfMeasurePrice>0.0560</UnitOfMeasurePrice><AllowDiscount>1</AllowDiscount><ItemStatus>1</ItemStatus><ItemPrice>11.20</ItemPrice></item><item><PriceUpdateDate>2016-05-31 07:03:35</PriceUpdateDate><ItemCode>7290104509568</ItemCode><ItemType>1</ItemType><ItemName>במבה ללא גלוטן 80 גר</ItemName><ManufacturerName>במבה</ManufacturerName><ManufactureCountry>ישראל</ManufactureCountry><ManufacturerItemDescription>במבה קלאסי ללא גלוטן 80 ג</ManufacturerItemDescription><SoldByWeight/><Quantity>80.00</Quantity><UnitOfMeasure>גרם     </UnitOfMeasure><QtyInPackage>לא ידוע</QtyInPackage><UnitOfMeasurePrice>0.0563</UnitOfMeasurePrice><AllowDiscount>1</AllowDiscount><ItemStatus>1</ItemStatus><ItemPrice>4.50</ItemPrice></item><item><PriceUpdateDate>2016-02-18 11:10:35</PriceUpdateDate><ItemCode>7290104720499</ItemCode><ItemType>1</ItemType><ItemName>מארז שמינייה דני וני</ItemName><ManufacturerName>דני</ManufacturerName><ManufactureCountry>ישראל</ManufactureCountry><ManufacturerItemDescription>מארז שמינייה דני וני</ManufacturerItemDescription><SoldByWeight/><Quantity>1000.00</Quantity><UnitOfMeasure>גרם     </UnitOfMeasure><QtyInPackage>לא ידוע</QtyInPackage><UnitOfMeasurePrice>0.0169</UnitOfMeasurePrice><AllowDiscount>1</AllowDiscount><ItemStatus>1</ItemStatus><ItemPrice>16.90</ItemPrice></item><item><PriceUpdateDate>2016-05-31 06:57:10</PriceUpdateDate><ItemCode>7290104721762</ItemCode><ItemType>1</ItemType><ItemName>מארז קפה טורקי עלית</ItemName><ManufacturerName>טורקי עלית</ManufacturerName><ManufactureCountry>ישראל</ManufactureCountry><ManufacturerItemDescription>מארז קפה טורקי עלית</ManufacturerItemDescription><SoldByWeight/><Quantity>255.00</Quantity><UnitOfMeasure>גרם     </UnitOfMeasure><QtyInPackage>לא ידוע</QtyInPackage><UnitOfMeasurePrice>0.0820</UnitOfMeasurePrice><AllowDiscount>1</AllowDiscount><ItemStatus>1</ItemStatus><ItemPrice>20.90</ItemPrice></item><item><PriceUpdateDate>2015-11-18 14:00:15</PriceUpdateDate><ItemCode>7290104722219</ItemCode><ItemType>1</ItemType><ItemName>עוגת שוקולד עם קרם</ItemName><ManufacturerName>עלית</ManufacturerName><ManufactureCountry>ישראל</ManufactureCountry><ManufacturerItemDescription>עוגת שוקולד בצק סוכר</ManufacturerItemDescription><SoldByWeight/><Quantity>330.00</Quantity><UnitOfMeasure>גרם     </UnitOfMeasure><QtyInPackage>לא ידוע</QtyInPackage><UnitOfMeasurePrice>0.0555</UnitOfMeasurePrice><AllowDiscount>1</AllowDiscount><ItemStatus>1</ItemStatus><ItemPrice>18.30</ItemPrice></item><item><PriceUpdateDate>2015-12-27 08:48:42</PriceUpdateDate><ItemCode>7290104722509</ItemCode><ItemType>1</ItemType><ItemName>רבע לשבע מריר קרם טר</ItemName><ManufacturerName>עלית</ManufacturerName><ManufactureCountry>ישראל</ManufactureCountry><ManufacturerItemDescription>רבע לשבע מריר קרם טר</ManufacturerItemDescription><SoldByWeight/><Quantity>120.00</Quantity><UnitOfMeasure>גרם     </UnitOfMeasure><QtyInPackage>לא ידוע</QtyInPackage><UnitOfMeasurePrice>0.1158</UnitOfMeasurePrice><AllowDiscount>1</AllowDiscount><ItemStatus>1</ItemStatus><ItemPrice>13.90</ItemPrice></item><item><PriceUpdateDate>2016-06-28 09:29:45</PriceUpdateDate><ItemCode>7290104722530</ItemCode><ItemType>1</ItemType><ItemName>תפוצ'יפס שמנת בצל 20</ItemName><ManufacturerName>תפוצ'יפס</ManufacturerName><ManufactureCountry>ישראל</ManufactureCountry><ManufacturerItemDescription>תפוציפס שמנת בצל 200 גרם</ManufacturerItemDescription><SoldByWeight/><Quantity>200.00</Quantity><UnitOfMeasure>גרם     </UnitOfMeasure><QtyInPackage>לא ידוע</QtyInPackage><UnitOfMeasurePrice>0.0610</UnitOfMeasurePrice><AllowDiscount>1</AllowDiscount><ItemStatus>1</ItemStatus><ItemPrice>12.20</ItemPrice></item><item><PriceUpdateDate>2016-02-16 20:38:23</PriceUpdateDate><ItemCode>7290104724718</ItemCode><ItemType>1</ItemType><ItemName>שוקולד פרה 100 גרם ב</ItemName><ManufacturerName>לא ממותג</ManufacturerName><ManufactureCountry>ישראל</ManufactureCountry><ManufacturerItemDescription>שוקולד פרה 100 גרם ב</ManufacturerItemDescription><SoldByWeight/><Quantity>100.00</Quantity><UnitOfMeasure>גרם     </UnitOfMeasure><QtyInPackage>לא ידוע</QtyInPackage><UnitOfMeasurePrice>0.0690</UnitOfMeasurePrice><AllowDiscount>1</AllowDiscount><ItemStatus>1</ItemStatus><ItemPrice>6.90</ItemPrice></item><item><PriceUpdateDate>2015-10-22 10:37:50</PriceUpdateDate><ItemCode>7290104725845</ItemCode><ItemType>1</ItemType><ItemName>מארז 6 דנכול בטעם מע</ItemName><ManufacturerName>דנונה</ManufacturerName><ManufactureCountry>ישראל</ManufactureCountry><ManufacturerItemDescription>מארז דנכול בטעם מעודן 6 י</ManufacturerItemDescription><SoldByWeight/><Quantity>1.00</Quantity><UnitOfMeasure>יח'</UnitOfMeasure><QtyInPackage>לא ידוע</QtyInPackage><UnitOfMeasurePrice>24.6000</UnitOfMeasurePrice><AllowDiscount>1</AllowDiscount><ItemStatus>1</ItemStatus><ItemPrice>24.60</ItemPrice></item><item><PriceUpdateDate>2016-05-01 08:13:58</PriceUpdateDate><ItemCode>7290104726262</ItemCode><ItemType>1</ItemType><ItemName>מארז דני שוקולד לשתי</ItemName><ManufacturerName>דני</ManufacturerName><ManufactureCountry>ישראל</ManufactureCountry><ManufacturerItemDescription>מארז דני לשתייה 500 1/4 ג</ManufacturerItemDescription><SoldByWeight/><Quantity>500.00</Quantity><UnitOfMeasure>מ"ל</UnitOfMeasure><QtyInPackage>לא ידוע</QtyInPackage><UnitOfMeasurePrice>0.0230</UnitOfMeasurePrice><AllowDiscount>1</AllowDiscount><ItemStatus>1</ItemStatus><ItemPrice>11.50</ItemPrice></item><item><PriceUpdateDate>2016-03-16 18:09:01</PriceUpdateDate><ItemCode>7290104726712</ItemCode><ItemType>1</ItemType><ItemName>מארז מילקי שמינייה</ItemName><ManufacturerName>מילקי</ManufacturerName><ManufactureCountry>ישראל</ManufactureCountry><ManufacturerItemDescription>מארז מילקי שמינייה</ManufacturerItemDescription><SoldByWeight/><Quantity>1064.00</Quantity><UnitOfMeasure>גרם     </UnitOfMeasure><QtyInPackage>לא ידוע</QtyInPackage><UnitOfMeasurePrice>0.0196</UnitOfMeasurePrice><AllowDiscount>1</AllowDiscount><ItemStatus>1</ItemStatus><ItemPrice>20.90</ItemPrice></item><item><PriceUpdateDate>2015-11-18 14:00:15</PriceUpdateDate><ItemCode>7290104728242</ItemCode><ItemType>1</ItemType><ItemName>קפה נמס  צ'יקו 130 ג</ItemName><ManufacturerName>ציקו</ManufacturerName><ManufactureCountry>ישראל</ManufactureCountry><ManufacturerItemDescription>קפה נמס  צ'יקו 130 ג</ManufacturerItemDescription><SoldByWeight/><Quantity>130.00</Quantity><UnitOfMeasure>גרם     </UnitOfMeasure><QtyInPackage>לא ידוע</QtyInPackage><UnitOfMeasurePrice>0.1977</UnitOfMeasurePrice><AllowDiscount>1</AllowDiscount><ItemStatus>1</ItemStatus><ItemPrice>25.70</ItemPrice></item><item><PriceUpdateDate>2016-02-11 08:21:18</PriceUpdateDate><ItemCode>7290104728310</ItemCode><ItemType>1</ItemType><ItemName>שמנת להקצפה 38% 250</ItemName><ManufacturerName>יטבתה</ManufacturerName><ManufactureCountry>ישראל</ManufactureCountry><ManufacturerItemDescription>שמנת עמידה לקצפת 250 38%</ManufacturerItemDescription><SoldByWeight/><Quantity>250.00</Quantity><UnitOfMeasure>מ"ל</UnitOfMeasure><QtyInPackage>לא ידוע</QtyInPackage><UnitOfMeasurePrice>0.0238</UnitOfMeasurePrice><AllowDiscount>1</AllowDiscount><ItemStatus>1</ItemStatus><ItemPrice>5.95</ItemPrice></item><item><PriceUpdateDate>2015-11-18 14:00:15</PriceUpdateDate><ItemCode>7290104729010</ItemCode><ItemType>1</ItemType><ItemName>לבן בטעם תות 100 גרם</ItemName><ManufacturerName>יטבתה</ManufacturerName><ManufactureCountry>ישראל</ManufactureCountry><ManufacturerItemDescription>לבן בטעם תות 100 גרם</ManufacturerItemDescription><SoldByWeight/><Quantity>100.00</Quantity><UnitOfMeasure>גרם     </UnitOfMeasure><QtyInPackage>לא ידוע</QtyInPackage><UnitOfMeasurePrice>0.0150</UnitOfMeasurePrice><AllowDiscount>1</AllowDiscount><ItemStatus>1</ItemStatus><ItemPrice>1.50</ItemPrice></item><item><PriceUpdateDate>2016-07-04 12:08:22</PriceUpdateDate><ItemCode>7290104729539</ItemCode><ItemType>1</ItemType><ItemName>מאגדת אנרג'י מיקס אג</ItemName><ManufacturerName>אנרג'י</ManufacturerName><ManufactureCountry>ישראל</ManufactureCountry><ManufacturerItemDescription>חטיף דגנים שוקולד חלב ומי</ManufacturerItemDescription><SoldByWeight/><Quantity>180.00</Quantity><UnitOfMeasure>גרם     </UnitOfMeasure><QtyInPackage>לא ידוע</QtyInPackage><UnitOfMeasurePrice>0.0994</UnitOfMeasurePrice><AllowDiscount>1</AllowDiscount><ItemStatus>1</ItemStatus><ItemPrice>17.90</ItemPrice></item><item><PriceUpdateDate>2015-11-18 14:00:16</PriceUpdateDate><ItemCode>7290104961878</ItemCode><ItemType>1</ItemType><ItemName>שמפו נטורל פורמולה ק</ItemName><ManufacturerName>נטורל פורמולה</ManufacturerName><ManufactureCountry>ישראל</ManufactureCountry><ManufacturerItemDescription>שמפו נטורל פורמולה ק</ManufacturerItemDescription><SoldByWeight/><Quantity>400.00</Quantity><UnitOfMeasure>מ"ל</UnitOfMeasure><QtyInPackage>לא ידוע</QtyInPackage><UnitOfMeasurePrice>0.0830</UnitOfMeasurePrice><AllowDiscount>1</AllowDiscount><ItemStatus>1</ItemStatus><ItemPrice>33.20</ItemPrice></item><item><PriceUpdateDate>2016-08-02 07:35:57</PriceUpdateDate><ItemCode>7290104963223</ItemCode><ItemType>1</ItemType><ItemName>סופטקר-אלסבון קלאסי</ItemName><ManufacturerName>סנו סופט</ManufacturerName><ManufactureCountry>לא ידוע</ManufactureCountry><ManufacturerItemDescription>סופטקר-אלסבון קלאסי</ManufacturerItemDescription><SoldByWeight/><Quantity>1000.00</Quantity><UnitOfMeasure>ליטר    </UnitOfMeasure><QtyInPackage>לא ידוע</QtyInPackage><UnitOfMeasurePrice>0.0219</UnitOfMeasurePrice><AllowDiscount>1</AllowDiscount><ItemStatus>1</ItemStatus><ItemPrice>21.90</ItemPrice></item><item><PriceUpdateDate>2016-08-02 07:35:58</PriceUpdateDate><ItemCode>7290104963650</ItemCode><ItemType>1</ItemType><ItemName>סופטקר-שמפו אלדמע 1</ItemName><ManufacturerName>סנו סופט</ManufacturerName><ManufactureCountry>לא ידוע</ManufactureCountry><ManufacturerItemDescription>סופטקר-שמפו אלדמע 1</ManufacturerItemDescription><SoldByWeight/><Quantity>1000.00</Quantity><UnitOfMeasure>ליטר    </UnitOfMeasure><QtyInPackage>לא ידוע</QtyInPackage><UnitOfMeasurePrice>0.0219</UnitOfMeasurePrice><AllowDiscount>1</AllowDiscount><ItemStatus>1</ItemStatus><ItemPrice>21.90</ItemPrice></item><item><PriceUpdateDate>2016-08-02 07:35:58</PriceUpdateDate><ItemCode>7290104963667</ItemCode><ItemType>1</ItemType><ItemName>סופטקר-2 ב 1 אלסבון</ItemName><ManufacturerName>סנו סופט</ManufacturerName><ManufactureCountry>לא ידוע</ManufactureCountry><ManufacturerItemDescription>סופטקר-2 ב 1 אלסבון</ManufacturerItemDescription><SoldByWeight/><Quantity>1000.00</Quantity><UnitOfMeasure>ליטר    </UnitOfMeasure><QtyInPackage>לא ידוע</QtyInPackage><UnitOfMeasurePrice>0.0219</UnitOfMeasurePrice><AllowDiscount>1</AllowDiscount><ItemStatus>1</ItemStatus><ItemPrice>21.90</ItemPrice></item><item><PriceUpdateDate>2016-01-18 10:38:58</PriceUpdateDate><ItemCode>7290105360250</ItemCode><ItemType>1</ItemType><ItemName>קפסולות עלית 09 עשיר</ItemName><ManufacturerName>עלית</ManufacturerName><ManufactureCountry>ישראל</ManufactureCountry><ManufacturerItemDescription>קפסולות מקיאטו10 יח 5*גרם</ManufacturerItemDescription><SoldByWeight/><Quantity>50.00</Quantity><UnitOfMeasure>גרם     </UnitOfMeasure><QtyInPackage>לא ידוע</QtyInPackage><UnitOfMeasurePrice>0.3980</UnitOfMeasurePrice><AllowDiscount>1</AllowDiscount><ItemStatus>1</ItemStatus><ItemPrice>19.90</ItemPrice></item><item><PriceUpdateDate>2016-01-18 10:38:58</PriceUpdateDate><ItemCode>7290105360328</ItemCode><ItemType>1</ItemType><ItemName>קפסולות עלית 10 חזק</ItemName><ManufacturerName>עלית</ManufacturerName><ManufactureCountry>ישראל</ManufactureCountry><ManufacturerItemDescription>קפסולות אספרסו חזק10 יח 5</ManufacturerItemDescription><SoldByWeight/><Quantity>50.00</Quantity><UnitOfMeasure>גרם     </UnitOfMeasure><QtyInPackage>לא ידוע</QtyInPackage><UnitOfMeasurePrice>0.3980</UnitOfMeasurePrice><AllowDiscount>1</AllowDiscount><ItemStatus>1</ItemStatus><ItemPrice>19.90</ItemPrice></item><item><PriceUpdateDate>2016-05-31 07:03:36</PriceUpdateDate><ItemCode>7290105360755</ItemCode><ItemType>1</ItemType><ItemName>שמן זית יד מרדכי כתי</ItemName><ManufacturerName>יד מרדכי</ManufacturerName><ManufactureCountry>ישראל</ManufactureCountry><ManufacturerItemDescription>שמן זית 3 חזק 750 מל</ManufacturerItemDescription><SoldByWeight/><Quantity>750.00</Quantity><UnitOfMeasure>מ"ל</UnitOfMeasure><QtyInPackage>לא ידוע</QtyInPackage><UnitOfMeasurePrice>0.0465</UnitOfMeasurePrice><AllowDiscount>1</AllowDiscount><ItemStatus>1</ItemStatus><ItemPrice>34.90</ItemPrice></item><item><PriceUpdateDate>2016-03-17 09:37:07</PriceUpdateDate><ItemCode>7290105360878</ItemCode><ItemType>1</ItemType><ItemName>מארז תפוצ'יפס 4*50 ג</ItemName><ManufacturerName>תפוצ'יפס</ManufacturerName><ManufactureCountry>ישראל</ManufactureCountry><ManufacturerItemDescription>מארז תפוצ'יפס 4*50 ג</ManufacturerItemDescription><SoldByWeight/><Quantity>200.00</Quantity><UnitOfMeasure>גרם     </UnitOfMeasure><QtyInPackage>לא ידוע</QtyInPackage><UnitOfMeasurePrice>0.0545</UnitOfMeasurePrice><AllowDiscount>1</AllowDiscount><ItemStatus>1</ItemStatus><ItemPrice>10.90</ItemPrice></item><item><PriceUpdateDate>2015-10-11 20:35:19</PriceUpdateDate><ItemCode>7290105361707</ItemCode><ItemType>1</ItemType><ItemName>חטיף כיף כף לבן 45 ג</ItemName><ManufacturerName>לא ידוע</ManufacturerName><ManufactureCountry>ישראל</ManufactureCountry><ManufacturerItemDescription>כיף כף לבן 45 גרם</ManufacturerItemDescription><SoldByWeight/><Quantity>45.00</Quantity><UnitOfMeasure>גרם     </UnitOfMeasure><QtyInPackage>לא ידוע</QtyInPackage><UnitOfMeasurePrice>0.1111</UnitOfMeasurePrice><AllowDiscount>1</AllowDiscount><ItemStatus>1</ItemStatus><ItemPrice>5.00</ItemPrice></item><item><PriceUpdateDate>2016-02-16 20:38:23</PriceUpdateDate><ItemCode>7290105362193</ItemCode><ItemType>1</ItemType><ItemName>מארז עוגה אישית מגול</ItemName><ManufacturerName>עלית</ManufacturerName><ManufactureCountry>ישראל</ManufactureCountry><ManufacturerItemDescription>עוגה אישית סוכריות צבעוני</ManufacturerItemDescription><SoldByWeight/><Quantity>245.00</Quantity><UnitOfMeasure>גרם     </UnitOfMeasure><QtyInPackage>לא ידוע</QtyInPackage><UnitOfMeasurePrice>0.0690</UnitOfMeasurePrice><AllowDiscount>1</AllowDiscount><ItemStatus>1</ItemStatus><ItemPrice>16.90</ItemPrice></item><item><PriceUpdateDate>2016-03-14 09:48:47</PriceUpdateDate><ItemCode>7290105363602</ItemCode><ItemType>1</ItemType><ItemName>כיף כף מקלות קלאסי 4</ItemName><ManufacturerName>עלית</ManufacturerName><ManufactureCountry>ישראל</ManufactureCountry><ManufacturerItemDescription>מקלות כיף כף קלאסי 40 גרם</ManufacturerItemDescription><SoldByWeight/><Quantity>40.00</Quantity><UnitOfMeasure>גרם     </UnitOfMeasure><QtyInPackage>לא ידוע</QtyInPackage><UnitOfMeasurePrice>0.1375</UnitOfMeasurePrice><AllowDiscount>1</AllowDiscount><ItemStatus>1</ItemStatus><ItemPrice>5.50</ItemPrice></item><item><PriceUpdateDate>2016-08-10 08:23:25</PriceUpdateDate><ItemCode>7290105364678</ItemCode><ItemType>1</ItemType><ItemName>משקה אקטיביה אפרסק 2</ItemName><ManufacturerName>אקטיביה</ManufacturerName><ManufactureCountry>ישראל</ManufactureCountry><ManufacturerItemDescription>משקה אקטיביה אפרסק 250 מל</ManufacturerItemDescription><SoldByWeight/><Quantity>250.00</Quantity><UnitOfMeasure>מ"ל</UnitOfMeasure><QtyInPackage>לא ידוע</QtyInPackage><UnitOfMeasurePrice>0.0216</UnitOfMeasurePrice><AllowDiscount>1</AllowDiscount><ItemStatus>1</ItemStatus><ItemPrice>5.40</ItemPrice></item><item><PriceUpdateDate>2015-12-16 09:04:35</PriceUpdateDate><ItemCode>7290105364883</ItemCode><ItemType>1</ItemType><ItemName>ביסקוויט עד חצות לבן</ItemName><ManufacturerName>עלית</ManufacturerName><ManufactureCountry>ישראל</ManufactureCountry><ManufacturerItemDescription>מעדן ביסקויט שוקולד לבן</ManufacturerItemDescription><SoldByWeight/><Quantity>200.00</Quantity><UnitOfMeasure>גרם     </UnitOfMeasure><QtyInPackage>לא ידוע</QtyInPackage><UnitOfMeasurePrice>0.0745</UnitOfMeasurePrice><AllowDiscount>1</AllowDiscount><ItemStatus>1</ItemStatus><ItemPrice>14.90</ItemPrice></item><item><PriceUpdateDate>2016-03-17 09:37:07</PriceUpdateDate><ItemCode>7290105364890</ItemCode><ItemType>1</ItemType><ItemName>שוקולד פרה מריר 60%</ItemName><ManufacturerName>פרה</ManufacturerName><ManufactureCountry>ישראל</ManufactureCountry><ManufacturerItemDescription>שוקולד פרה מריר 60%</ManufacturerItemDescription><SoldByWeight/><Quantity>100.00</Quantity><UnitOfMeasure>גרם     </UnitOfMeasure><QtyInPackage>לא ידוע</QtyInPackage><UnitOfMeasurePrice>0.0950</UnitOfMeasurePrice><AllowDiscount>1</AllowDiscount><ItemStatus>1</ItemStatus><ItemPrice>9.50</ItemPrice></item><item><PriceUpdateDate>2016-08-02 07:35:58</PriceUpdateDate><ItemCode>7290105366054</ItemCode><ItemType>1</ItemType><ItemName>טחינה עם פטרוזיליה א</ItemName><ManufacturerName>אחלה</ManufacturerName><ManufactureCountry>ישראל</ManufactureCountry><ManufacturerItemDescription>טחינה עם פטרוזיליה א</ManufacturerItemDescription><SoldByWeight/><Quantity>400.00</Quantity><UnitOfMeasure>גרם     </UnitOfMeasure><QtyInPackage>לא ידוע</QtyInPackage><UnitOfMeasurePrice>0.0422</UnitOfMeasurePrice><AllowDiscount>1</AllowDiscount><ItemStatus>1</ItemStatus><ItemPrice>16.90</ItemPrice></item><item><PriceUpdateDate>2016-08-02 07:35:58</PriceUpdateDate><ItemCode>7290105366061</ItemCode><ItemType>1</ItemType><ItemName>חציל בלאדי עם טחינה</ItemName><ManufacturerName>אחלה</ManufacturerName><ManufactureCountry>ישראל</ManufactureCountry><ManufacturerItemDescription>חציל בלאדי עם טחינה</ManufacturerItemDescription><SoldByWeight/><Quantity>400.00</Quantity><UnitOfMeasure>גרם     </UnitOfMeasure><QtyInPackage>לא ידוע</QtyInPackage><UnitOfMeasurePrice>0.0422</UnitOfMeasurePrice><AllowDiscount>1</AllowDiscount><ItemStatus>1</ItemStatus><ItemPrice>16.90</ItemPrice></item><item><PriceUpdateDate>2016-06-28 09:29:46</PriceUpdateDate><ItemCode>7290105366993</ItemCode><ItemType>1</ItemType><ItemName>סימפוניה 5% פלפל שיפ</ItemName><ManufacturerName>סימפוניה שטראוס</ManufacturerName><ManufactureCountry>ישראל</ManufactureCountry><ManufacturerItemDescription>סימפוניה 5% פלפל שיפ</ManufacturerItemDescription><SoldByWeight/><Quantity>200.00</Quantity><UnitOfMeasure>גרם     </UnitOfMeasure><QtyInPackage>לא ידוע</QtyInPackage><UnitOfMeasurePrice>0.0595</UnitOfMeasurePrice><AllowDiscount>0</AllowDiscount><ItemStatus>1</ItemStatus><ItemPrice>11.90</ItemPrice></item><item><PriceUpdateDate>2016-06-28 09:29:46</PriceUpdateDate><ItemCode>7290105367020</ItemCode><ItemType>1</ItemType><ItemName>גבינת סימפוניה טבעי</ItemName><ManufacturerName>סימפוניה שטראוס</ManufacturerName><ManufactureCountry>ישראל</ManufactureCountry><ManufacturerItemDescription>גבינת שמנת טבעי</ManufacturerItemDescription><SoldByWeight/><Quantity>200.00</Quantity><UnitOfMeasure>גרם     </UnitOfMeasure><QtyInPackage>לא ידוע</QtyInPackage><UnitOfMeasurePrice>0.0695</UnitOfMeasurePrice><AllowDiscount>0</AllowDiscount><ItemStatus>1</ItemStatus><ItemPrice>13.90</ItemPrice></item><item><PriceUpdateDate>2016-08-10 08:23:25</PriceUpdateDate><ItemCode>7290105367211</ItemCode><ItemType>1</ItemType><ItemName>עוגת קרם וניל אגוזים</ItemName><ManufacturerName>עלית</ManufacturerName><ManufactureCountry>ישראל</ManufactureCountry><ManufacturerItemDescription>עוגת וניל קרם אגוזים 330</ManufacturerItemDescription><SoldByWeight/><Quantity>330.00</Quantity><UnitOfMeasure>גרם     </UnitOfMeasure><QtyInPackage>לא ידוע</QtyInPackage><UnitOfMeasurePrice>0.0539</UnitOfMeasurePrice><AllowDiscount>1</AllowDiscount><ItemStatus>1</ItemStatus><ItemPrice>17.80</ItemPrice></item><item><PriceUpdateDate>2015-10-22 10:37:51</PriceUpdateDate><ItemCode>7290105367297</ItemCode><ItemType>1</ItemType><ItemName>יוגורט דנונה במתיקות</ItemName><ManufacturerName>דנונה</ManufacturerName><ManufactureCountry>ישראל</ManufactureCountry><ManufacturerItemDescription>יוגורט 2% במתיקות מעודנת</ManufacturerItemDescription><SoldByWeight/><Quantity>150.00</Quantity><UnitOfMeasure>גרם     </UnitOfMeasure><QtyInPackage>לא ידוע</QtyInPackage><UnitOfMeasurePrice>0.0220</UnitOfMeasurePrice><AllowDiscount>1</AllowDiscount><ItemStatus>1</ItemStatus><ItemPrice>3.30</ItemPrice></item><item><PriceUpdateDate>2015-11-18 14:00:17</PriceUpdateDate><ItemCode>7290105368171</ItemCode><ItemType>1</ItemType><ItemName>מילקי שייק 143 גרם</ItemName><ManufacturerName>מילקי</ManufacturerName><ManufactureCountry>ישראל</ManufactureCountry><ManufacturerItemDescription>מילקי שייק 143 גרם</ManufacturerItemDescription><SoldByWeight/><Quantity>143.00</Quantity><UnitOfMeasure>גרם     </UnitOfMeasure><QtyInPackage>לא ידוע</QtyInPackage><UnitOfMeasurePrice>0.0336</UnitOfMeasurePrice><AllowDiscount>1</AllowDiscount><ItemStatus>1</ItemStatus><ItemPrice>4.80</ItemPrice></item><item><PriceUpdateDate>2016-08-02 07:35:58</PriceUpdateDate><ItemCode>7290105368225</ItemCode><ItemType>1</ItemType><ItemName>חומוס עם פלפל שיפקה</ItemName><ManufacturerName>אחלה</ManufacturerName><ManufactureCountry>ישראל</ManufactureCountry><ManufacturerItemDescription>חומוס עם פלפל שיפקה</ManufacturerItemDescription><SoldByWeight/><Quantity>400.00</Quantity><UnitOfMeasure>גרם     </UnitOfMeasure><QtyInPackage>לא ידוע</QtyInPackage><UnitOfMeasurePrice>0.0298</UnitOfMeasurePrice><AllowDiscount>1</AllowDiscount><ItemStatus>1</ItemStatus><ItemPrice>11.90</ItemPrice></item><item><PriceUpdateDate>2015-10-01 06:17:37</PriceUpdateDate><ItemCode>7290105368331</ItemCode><ItemType>1</ItemType><ItemName>מעדן מילקי תות 170 מ</ItemName><ManufacturerName>מילקי</ManufacturerName><ManufactureCountry>ישראל</ManufactureCountry><ManufacturerItemDescription>מילקי תות 133 גרם</ManufacturerItemDescription><SoldByWeight/><Quantity>170.00</Quantity><UnitOfMeasure>מ"ל</UnitOfMeasure><QtyInPackage>לא ידוע</QtyInPackage><UnitOfMeasurePrice>0.0165</UnitOfMeasurePrice><AllowDiscount>1</AllowDiscount><ItemStatus>1</ItemStatus><ItemPrice>2.80</ItemPrice></item><item><PriceUpdateDate>2016-08-10 08:23:25</PriceUpdateDate><ItemCode>7290105368355</ItemCode><ItemType>1</ItemType><ItemName>מילקי שוקולד עשיר 13</ItemName><ManufacturerName>מילקי</ManufacturerName><ManufactureCountry>ישראל</ManufactureCountry><ManufacturerItemDescription>מילקיקל שוקולד 170-3% מל</ManufacturerItemDescription><SoldByWeight/><Quantity>133.00</Quantity><UnitOfMeasure>גרם     </UnitOfMeasure><QtyInPackage>לא ידוע</QtyInPackage><UnitOfMeasurePrice>0.0316</UnitOfMeasurePrice><AllowDiscount>1</AllowDiscount><ItemStatus>1</ItemStatus><ItemPrice>4.20</ItemPrice></item><item><PriceUpdateDate>2016-05-16 10:08:43</PriceUpdateDate><ItemCode>7290105368904</ItemCode><ItemType>1</ItemType><ItemName>שמנת מתוקה 32% יטבתה</ItemName><ManufacturerName>יטבתה</ManufacturerName><ManufactureCountry>ישראל</ManufactureCountry><ManufacturerItemDescription>שמנת מתוקה 32% יטבתה</ManufacturerItemDescription><SoldByWeight/><Quantity>250.00</Quantity><UnitOfMeasure>מ"ל</UnitOfMeasure><QtyInPackage>לא ידוע</QtyInPackage><UnitOfMeasurePrice>0.0316</UnitOfMeasurePrice><AllowDiscount>1</AllowDiscount><ItemStatus>1</ItemStatus><ItemPrice>7.90</ItemPrice></item><item><PriceUpdateDate>2016-08-10 08:23:25</PriceUpdateDate><ItemCode>7290105368928</ItemCode><ItemType>1</ItemType><ItemName>שמנת 9% 200 גרם מהדר</ItemName><ManufacturerName>יטבתה</ManufacturerName><ManufactureCountry>ישראל</ManufactureCountry><ManufacturerItemDescription>שמנת 9% 200 גרם מהדר</ManufacturerItemDescription><SoldByWeight/><Quantity>200.00</Quantity><UnitOfMeasure>גרם     </UnitOfMeasure><QtyInPackage>לא ידוע</QtyInPackage><UnitOfMeasurePrice>0.0165</UnitOfMeasurePrice><AllowDiscount>1</AllowDiscount><ItemStatus>1</ItemStatus><ItemPrice>3.30</ItemPrice></item><item><PriceUpdateDate>2015-11-18 14:00:17</PriceUpdateDate><ItemCode>7290105368959</ItemCode><ItemType>1</ItemType><ItemName>משקה פונץ' בננה עם פ</ItemName><ManufacturerName>יטבתה</ManufacturerName><ManufactureCountry>ישראל</ManufactureCountry><ManufacturerItemDescription>משקה פונץ בננה פקק ספורטא</ManufacturerItemDescription><SoldByWeight/><Quantity>250.00</Quantity><UnitOfMeasure>מ"ל</UnitOfMeasure><QtyInPackage>לא ידוע</QtyInPackage><UnitOfMeasurePrice>0.0216</UnitOfMeasurePrice><AllowDiscount>1</AllowDiscount><ItemStatus>1</ItemStatus><ItemPrice>5.40</ItemPrice></item><item><PriceUpdateDate>2016-08-10 08:23:25</PriceUpdateDate><ItemCode>7290105369147</ItemCode><ItemType>1</ItemType><ItemName>שוקולד ספלנדיד פירות</ItemName><ManufacturerName>ספלנדיד</ManufacturerName><ManufactureCountry>ישראל</ManufactureCountry><ManufacturerItemDescription>שוקולד ספלנדיד פרות יער 1</ManufacturerItemDescription><SoldByWeight/><Quantity>100.00</Quantity><UnitOfMeasure>גרם     </UnitOfMeasure><QtyInPackage>לא ידוע</QtyInPackage><UnitOfMeasurePrice>0.1190</UnitOfMeasurePrice><AllowDiscount>1</AllowDiscount><ItemStatus>1</ItemStatus><ItemPrice>11.90</ItemPrice></item><item><PriceUpdateDate>2016-08-10 08:23:25</PriceUpdateDate><ItemCode>7290105369451</ItemCode><ItemType>1</ItemType><ItemName>צ'יטוס דולפינים גבינ</ItemName><ManufacturerName>עלית</ManufacturerName><ManufactureCountry>ישראל</ManufactureCountry><ManufacturerItemDescription>צ'יטוס דולפינים גבינ</ManufacturerItemDescription><SoldByWeight/><Quantity>55.00</Quantity><UnitOfMeasure>גרם     </UnitOfMeasure><QtyInPackage>לא ידוע</QtyInPackage><UnitOfMeasurePrice>0.0782</UnitOfMeasurePrice><AllowDiscount>1</AllowDiscount><ItemStatus>1</ItemStatus><ItemPrice>4.30</ItemPrice></item><item><PriceUpdateDate>2016-03-21 10:07:17</PriceUpdateDate><ItemCode>7290105369666</ItemCode><ItemType>1</ItemType><ItemName>בונבוניירת לב חלב קט</ItemName><ManufacturerName>לא ממותג</ManufacturerName><ManufactureCountry>ישראל</ManufactureCountry><ManufacturerItemDescription>בונבוניירת לב קטן 50 גרם</ManufacturerItemDescription><SoldByWeight/><Quantity>50.00</Quantity><UnitOfMeasure>גרם     </UnitOfMeasure><QtyInPackage>לא ידוע</QtyInPackage><UnitOfMeasurePrice>0.2180</UnitOfMeasurePrice><AllowDiscount>1</AllowDiscount><ItemStatus>1</ItemStatus><ItemPrice>10.90</ItemPrice></item><item><PriceUpdateDate>2015-10-22 10:37:51</PriceUpdateDate><ItemCode>7290105436382</ItemCode><ItemType>1</ItemType><ItemName>חטיף דגנים עם תמרים</ItemName><ManufacturerName>free</ManufacturerName><ManufactureCountry>ישראל</ManufactureCountry><ManufacturerItemDescription>חטיף דגנים עם תמרים</ManufacturerItemDescription><SoldByWeight/><Quantity>125.00</Quantity><UnitOfMeasure>גרם     </UnitOfMeasure><QtyInPackage>לא ידוע</QtyInPackage><UnitOfMeasurePrice>0.1544</UnitOfMeasurePrice><AllowDiscount>1</AllowDiscount><ItemStatus>1</ItemStatus><ItemPrice>19.30</ItemPrice></item><item><PriceUpdateDate>2016-08-02 07:51:16</PriceUpdateDate><ItemCode>7290105439499</ItemCode><ItemType>1</ItemType><ItemName>מב מאסטר שף מיונז 48</ItemName><ManufacturerName>מאסטר שף</ManufacturerName><ManufactureCountry>לא ידוע</ManufactureCountry><ManufacturerItemDescription>מב מאסטר שף מיונז 48</ManufacturerItemDescription><SoldByWeight/><Quantity>481.00</Quantity><UnitOfMeasure>גרם     </UnitOfMeasure><QtyInPackage>לא ידוע</QtyInPackage><UnitOfMeasurePrice>0.0208</UnitOfMeasurePrice><AllowDiscount>1</AllowDiscount><ItemStatus>1</ItemStatus><ItemPrice>10.00</ItemPrice></item><item><PriceUpdateDate>2016-03-01 06:14:42</PriceUpdateDate><ItemCode>7290105690715</ItemCode><ItemType>1</ItemType><ItemName>זוג מרק נמס סוף תירס</ItemName><ManufacturerName>אסם</ManufacturerName><ManufactureCountry>ישראל</ManufactureCountry><ManufacturerItemDescription>זוג מרק נמס סוף תירס</ManufacturerItemDescription><SoldByWeight/><Quantity>54.00</Quantity><UnitOfMeasure>גרם     </UnitOfMeasure><QtyInPackage>לא ידוע</QtyInPackage><UnitOfMeasurePrice>0.1426</UnitOfMeasurePrice><AllowDiscount>1</AllowDiscount><ItemStatus>1</ItemStatus><ItemPrice>7.70</ItemPrice></item><item><PriceUpdateDate>2016-03-01 06:14:42</PriceUpdateDate><ItemCode>7290105690753</ItemCode><ItemType>1</ItemType><ItemName>זוג מרק נמס סוף טעם</ItemName><ManufacturerName>אסם</ManufacturerName><ManufactureCountry>ישראל</ManufactureCountry><ManufacturerItemDescription>זוג מרק נמס טעם עוף  עם ש</ManufacturerItemDescription><SoldByWeight/><Quantity>52.00</Quantity><UnitOfMeasure>גרם     </UnitOfMeasure><QtyInPackage>לא ידוע</QtyInPackage><UnitOfMeasurePrice>0.1481</UnitOfMeasurePrice><AllowDiscount>1</AllowDiscount><ItemStatus>1</ItemStatus><ItemPrice>7.70</ItemPrice></item><item><PriceUpdateDate>2016-05-31 06:57:14</PriceUpdateDate><ItemCode>7290105691064</ItemCode><ItemType>1</ItemType><ItemName>שקדי מרק אסם מארז זו</ItemName><ManufacturerName>אסם</ManufacturerName><ManufactureCountry>לא ידוע</ManufactureCountry><ManufacturerItemDescription>שקדי מרק אסם מארז זו</ManufacturerItemDescription><SoldByWeight/><Quantity>800.00</Quantity><UnitOfMeasure>גרם     </UnitOfMeasure><QtyInPackage>לא ידוע</QtyInPackage><UnitOfMeasurePrice>0.0261</UnitOfMeasurePrice><AllowDiscount>1</AllowDiscount><ItemStatus>1</ItemStatus><ItemPrice>20.90</ItemPrice></item><item><PriceUpdateDate>2015-11-18 14:00:18</PriceUpdateDate><ItemCode>7290105691224</ItemCode><ItemType>1</ItemType><ItemName>חטיפי טורטיה שום ובצ</ItemName><ManufacturerName>אסם</ManufacturerName><ManufactureCountry>ישראל</ManufactureCountry><ManufacturerItemDescription>חטיפי טורטיה שום ובצ</ManufacturerItemDescription><SoldByWeight/><Quantity>60.00</Quantity><UnitOfMeasure>גרם     </UnitOfMeasure><QtyInPackage>לא ידוע</QtyInPackage><UnitOfMeasurePrice>0.1550</UnitOfMeasurePrice><AllowDiscount>1</AllowDiscount><ItemStatus>1</ItemStatus><ItemPrice>9.30</ItemPrice></item><item><PriceUpdateDate>2015-11-18 14:00:18</PriceUpdateDate><ItemCode>7290105691248</ItemCode><ItemType>1</ItemType><ItemName>חטיפי טורטיה תירס 60</ItemName><ManufacturerName>אסם</ManufacturerName><ManufactureCountry>ישראל</ManufactureCountry><ManufacturerItemDescription>חטיפי טורטיה תירס 60</ManufacturerItemDescription><SoldByWeight/><Quantity>60.00</Quantity><UnitOfMeasure>גרם     </UnitOfMeasure><QtyInPackage>לא ידוע</QtyInPackage><UnitOfMeasurePrice>0.1550</UnitOfMeasurePrice><AllowDiscount>1</AllowDiscount><ItemStatus>1</ItemStatus><ItemPrice>9.30</ItemPrice></item><item><PriceUpdateDate>2016-08-02 07:35:58</PriceUpdateDate><ItemCode>7290105693341</ItemCode><ItemType>1</ItemType><ItemName>מארז חטיף במבה 10*25</ItemName><ManufacturerName>במבה</ManufacturerName><ManufactureCountry>ישראל</ManufactureCountry><ManufacturerItemDescription>מארז חטיף במבה 10*25</ManufacturerItemDescription><SoldByWeight/><Quantity>250.00</Quantity><UnitOfMeasure>גרם     </UnitOfMeasure><QtyInPackage>לא ידוע</QtyInPackage><UnitOfMeasurePrice>0.0716</UnitOfMeasurePrice><AllowDiscount>1</AllowDiscount><ItemStatus>1</ItemStatus><ItemPrice>17.90</ItemPrice></item><item><PriceUpdateDate>2016-05-31 07:03:36</PriceUpdateDate><ItemCode>7290105693457</ItemCode><ItemType>1</ItemType><ItemName>עוגת הבית דמקה שוקו</ItemName><ManufacturerName>אסם</ManufacturerName><ManufactureCountry>ישראל</ManufactureCountry><ManufacturerItemDescription>עוגת הבית דמקה שוקו</ManufacturerItemDescription><SoldByWeight/><Quantity>320.00</Quantity><UnitOfMeasure>גרם     </UnitOfMeasure><QtyInPackage>לא ידוע</QtyInPackage><UnitOfMeasurePrice>0.0341</UnitOfMeasurePrice><AllowDiscount>1</AllowDiscount><ItemStatus>1</ItemStatus><ItemPrice>10.90</ItemPrice></item><item><PriceUpdateDate>2015-10-22 10:37:51</PriceUpdateDate><ItemCode>7290105693952</ItemCode><ItemType>1</ItemType><ItemName>פירורית זהב שומשום 2</ItemName><ManufacturerName>פירורית</ManufacturerName><ManufactureCountry>ישראל</ManufactureCountry><ManufacturerItemDescription>פירורית זהב שומשום 2</ManufacturerItemDescription><SoldByWeight/><Quantity>200.00</Quantity><UnitOfMeasure>גרם     </UnitOfMeasure><QtyInPackage>לא ידוע</QtyInPackage><UnitOfMeasurePrice>0.0390</UnitOfMeasurePrice><AllowDiscount>1</AllowDiscount><ItemStatus>1</ItemStatus><ItemPrice>7.80</ItemPrice></item><item><PriceUpdateDate>2015-10-22 10:37:51</PriceUpdateDate><ItemCode>7290105694317</ItemCode><ItemType>1</ItemType><ItemName>מלפפון בית השיטה במל</ItemName><ManufacturerName>בית השיטה</ManufacturerName><ManufactureCountry>ישראל</ManufactureCountry><ManufacturerItemDescription>מלפפון בית השיטה במל</ManufacturerItemDescription><SoldByWeight/><Quantity>675.00</Quantity><UnitOfMeasure>גרם     </UnitOfMeasure><QtyInPackage>לא ידוע</QtyInPackage><UnitOfMeasurePrice>0.0196</UnitOfMeasurePrice><AllowDiscount>1</AllowDiscount><ItemStatus>1</ItemStatus><ItemPrice>13.20</ItemPrice></item><item><PriceUpdateDate>2016-08-03 11:58:34</PriceUpdateDate><ItemCode>7290105694775</ItemCode><ItemType>1</ItemType><ItemName>מב דגני בוקר טריקס פ</ItemName><ManufacturerName>טריקס</ManufacturerName><ManufactureCountry>ארצות הברית</ManufactureCountry><ManufacturerItemDescription>חטיפי לואקר 4 יחגוז26X4ג</ManufacturerItemDescription><SoldByWeight/><Quantity>480.00</Quantity><UnitOfMeasure>גרם     </UnitOfMeasure><QtyInPackage>לא ידוע</QtyInPackage><UnitOfMeasurePrice>0.0373</UnitOfMeasurePrice><AllowDiscount>1</AllowDiscount><ItemStatus>1</ItemStatus><ItemPrice>17.90</ItemPrice></item><item><PriceUpdateDate>2016-08-10 08:23:26</PriceUpdateDate><ItemCode>7290105694881</ItemCode><ItemType>1</ItemType><ItemName>צבר סחוג ירוק רפי 15</ItemName><ManufacturerName>צבר</ManufacturerName><ManufactureCountry>ישראל</ManufactureCountry><ManufacturerItemDescription>צבר סחוג ירוק רפי 15</ManufacturerItemDescription><SoldByWeight/><Quantity>150.00</Quantity><UnitOfMeasure>גרם     </UnitOfMeasure><QtyInPackage>לא ידוע</QtyInPackage><UnitOfMeasurePrice>0.0793</UnitOfMeasurePrice><AllowDiscount>1</AllowDiscount><ItemStatus>1</ItemStatus><ItemPrice>11.90</ItemPrice></item><item><PriceUpdateDate>2016-05-31 07:03:37</PriceUpdateDate><ItemCode>7290105695024</ItemCode><ItemType>1</ItemType><ItemName>פתיתים אפויים אורז ע</ItemName><ManufacturerName>לא ממותג</ManufacturerName><ManufactureCountry>ישראל</ManufactureCountry><ManufacturerItemDescription>פתיתים אפויים אורז עם אטר</ManufacturerItemDescription><SoldByWeight/><Quantity>500.00</Quantity><UnitOfMeasure>גרם     </UnitOfMeasure><QtyInPackage>לא ידוע</QtyInPackage><UnitOfMeasurePrice>0.0118</UnitOfMeasurePrice><AllowDiscount>1</AllowDiscount><ItemStatus>1</ItemStatus><ItemPrice>5.90</ItemPrice></item><item><PriceUpdateDate>2016-08-10 08:23:26</PriceUpdateDate><ItemCode>7290105695215</ItemCode><ItemType>1</ItemType><ItemName>מרק נמס סוף XL ירק ו</ItemName><ManufacturerName>לא ממותג</ManufacturerName><ManufactureCountry>ישראל</ManufactureCountry><ManufacturerItemDescription>מרק נמס סוף XL ירק ו</ManufacturerItemDescription><SoldByWeight/><Quantity>28.00</Quantity><UnitOfMeasure>גרם     </UnitOfMeasure><QtyInPackage>לא ידוע</QtyInPackage><UnitOfMeasurePrice>0.1857</UnitOfMeasurePrice><AllowDiscount>1</AllowDiscount><ItemStatus>1</ItemStatus><ItemPrice>5.20</ItemPrice></item><item><PriceUpdateDate>2016-03-01 06:14:42</PriceUpdateDate><ItemCode>7290105695321</ItemCode><ItemType>1</ItemType><ItemName>עוגת הבית בראוניס פא</ItemName><ManufacturerName>עוגות הבית</ManufacturerName><ManufactureCountry>ישראל</ManufactureCountry><ManufacturerItemDescription>עוגת הבית בראוניס פא</ManufacturerItemDescription><SoldByWeight/><Quantity>380.00</Quantity><UnitOfMeasure>גרם     </UnitOfMeasure><QtyInPackage>לא ידוע</QtyInPackage><UnitOfMeasurePrice>0.0497</UnitOfMeasurePrice><AllowDiscount>1</AllowDiscount><ItemStatus>1</ItemStatus><ItemPrice>18.90</ItemPrice></item><item><PriceUpdateDate>2015-11-18 14:00:19</PriceUpdateDate><ItemCode>7290105695994</ItemCode><ItemType>1</ItemType><ItemName>רוטב סויה טבעי 290 מ</ItemName><ManufacturerName>לא ממותג</ManufacturerName><ManufactureCountry>ישראל</ManufactureCountry><ManufacturerItemDescription>רוטב סויה טבעי 290 מ</ManufacturerItemDescription><SoldByWeight/><Quantity>290.00</Quantity><UnitOfMeasure>מ"ל</UnitOfMeasure><QtyInPackage>לא ידוע</QtyInPackage><UnitOfMeasurePrice>0.0676</UnitOfMeasurePrice><AllowDiscount>1</AllowDiscount><ItemStatus>1</ItemStatus><ItemPrice>19.60</ItemPrice></item><item><PriceUpdateDate>2016-08-10 08:23:26</PriceUpdateDate><ItemCode>7290105961525</ItemCode><ItemType>1</ItemType><ItemName>שוקולד ספלנדיד מריר</ItemName><ManufacturerName>ספלנדיד</ManufacturerName><ManufactureCountry>ישראל</ManufactureCountry><ManufacturerItemDescription>שוקולד ספלנדיד מריר</ManufacturerItemDescription><SoldByWeight/><Quantity>100.00</Quantity><UnitOfMeasure>גרם     </UnitOfMeasure><QtyInPackage>לא ידוע</QtyInPackage><UnitOfMeasurePrice>0.1190</UnitOfMeasurePrice><AllowDiscount>1</AllowDiscount><ItemStatus>1</ItemStatus><ItemPrice>11.90</ItemPrice></item><item><PriceUpdateDate>2014-11-10 06:30:47</PriceUpdateDate><ItemCode>7290105962331</ItemCode><ItemType>1</ItemType><ItemName>סחוג חריף זהבי 220 ג</ItemName><ManufacturerName>זהבי הכרם</ManufacturerName><ManufactureCountry>ישראל</ManufactureCountry><ManufacturerItemDescription>סחוג חריף מאוד זהבי 220 ג</ManufacturerItemDescription><SoldByWeight/><Quantity>220.00</Quantity><UnitOfMeasure>גרם     </UnitOfMeasure><QtyInPackage>לא ידוע</QtyInPackage><UnitOfMeasurePrice>0.0600</UnitOfMeasurePrice><AllowDiscount>1</AllowDiscount><ItemStatus>1</ItemStatus><ItemPrice>13.20</ItemPrice></item><item><PriceUpdateDate>2015-12-15 12:37:02</PriceUpdateDate><ItemCode>7290105964755</ItemCode><ItemType>1</ItemType><ItemName>בונבוניירה ספלנדיד מ</ItemName><ManufacturerName>עלית</ManufacturerName><ManufactureCountry>ישראל</ManufactureCountry><ManufacturerItemDescription>בונ ספלנדיד מיקס משפחתי 2</ManufacturerItemDescription><SoldByWeight/><Quantity>216.00</Quantity><UnitOfMeasure>גרם     </UnitOfMeasure><QtyInPackage>לא ידוע</QtyInPackage><UnitOfMeasurePrice>0.1338</UnitOfMeasurePrice><AllowDiscount>1</AllowDiscount><ItemStatus>1</ItemStatus><ItemPrice>28.90</ItemPrice></item><item><PriceUpdateDate>2016-08-10 08:23:26</PriceUpdateDate><ItemCode>7290105965509</ItemCode><ItemType>1</ItemType><ItemName>שוקולד ספלנדיד מוס מ</ItemName><ManufacturerName>ספלנדיד</ManufacturerName><ManufactureCountry>ישראל</ManufactureCountry><ManufacturerItemDescription>שוקולד ספלנדיד מריר 100 ג</ManufacturerItemDescription><SoldByWeight/><Quantity>100.00</Quantity><UnitOfMeasure>גרם     </UnitOfMeasure><QtyInPackage>לא ידוע</QtyInPackage><UnitOfMeasurePrice>0.1190</UnitOfMeasurePrice><AllowDiscount>1</AllowDiscount><ItemStatus>1</ItemStatus><ItemPrice>11.90</ItemPrice></item><item><PriceUpdateDate>2016-05-09 10:58:55</PriceUpdateDate><ItemCode>7290105965738</ItemCode><ItemType>1</ItemType><ItemName>דנונה לשתיה תות בננה</ItemName><ManufacturerName>דנונה</ManufacturerName><ManufactureCountry>ישראל</ManufactureCountry><ManufacturerItemDescription>משקה יוגורט תות בננה 250</ManufacturerItemDescription><SoldByWeight/><Quantity>267.00</Quantity><UnitOfMeasure>גרם     </UnitOfMeasure><QtyInPackage>לא ידוע</QtyInPackage><UnitOfMeasurePrice>0.0206</UnitOfMeasurePrice><AllowDiscount>1</AllowDiscount><ItemStatus>1</ItemStatus><ItemPrice>5.50</ItemPrice></item><item><PriceUpdateDate>2016-08-02 07:51:16</PriceUpdateDate><ItemCode>7290105968654</ItemCode><ItemType>1</ItemType><ItemName>מב רביולי בטטה פרווה</ItemName><ManufacturerName>שטראוס</ManufacturerName><ManufactureCountry>ישראל</ManufactureCountry><ManufacturerItemDescription>פסטה רביולי בטטה 400 גרם</ManufacturerItemDescription><SoldByWeight/><Quantity>400.00</Quantity><UnitOfMeasure>גרם     </UnitOfMeasure><QtyInPackage>לא ידוע</QtyInPackage><UnitOfMeasurePrice>0.0422</UnitOfMeasurePrice><AllowDiscount>1</AllowDiscount><ItemStatus>1</ItemStatus><ItemPrice>16.90</ItemPrice></item><item><PriceUpdateDate>2016-06-28 09:29:47</PriceUpdateDate><ItemCode>7290106340244</ItemCode><ItemType>1</ItemType><ItemName>עוגיות מלוחות-מקלות</ItemName><ManufacturerName>קואופ שופ</ManufacturerName><ManufactureCountry>ישראל</ManufactureCountry><ManufacturerItemDescription>עוגיות מלוחות-מקלות</ManufacturerItemDescription><SoldByWeight/><Quantity>400.00</Quantity><UnitOfMeasure>גרם     </UnitOfMeasure><QtyInPackage>לא ידוע</QtyInPackage><UnitOfMeasurePrice>0.0273</UnitOfMeasurePrice><AllowDiscount>1</AllowDiscount><ItemStatus>1</ItemStatus><ItemPrice>10.90</ItemPrice></item><item><PriceUpdateDate>2016-04-06 10:37:20</PriceUpdateDate><ItemCode>7290106340251</ItemCode><ItemType>1</ItemType><ItemName>עוגיות רייף מרוקאיות</ItemName><ManufacturerName>קואופ שופ</ManufacturerName><ManufactureCountry>ישראל</ManufactureCountry><ManufacturerItemDescription>עוגיות רייף מרוקאיות</ManufacturerItemDescription><SoldByWeight/><Quantity>350.00</Quantity><UnitOfMeasure>גרם     </UnitOfMeasure><QtyInPackage>לא ידוע</QtyInPackage><UnitOfMeasurePrice>0.0397</UnitOfMeasurePrice><AllowDiscount>1</AllowDiscount><ItemStatus>1</ItemStatus><ItemPrice>13.90</ItemPrice></item><item><PriceUpdateDate>2016-06-28 09:29:47</PriceUpdateDate><ItemCode>7290106340268</ItemCode><ItemType>1</ItemType><ItemName>עוגיות מלוחות עגולות</ItemName><ManufacturerName>קואופ שופ</ManufacturerName><ManufactureCountry>ישראל</ManufactureCountry><ManufacturerItemDescription>עוגיות מלוחות עגולות</ManufacturerItemDescription><SoldByWeight/><Quantity>400.00</Quantity><UnitOfMeasure>גרם     </UnitOfMeasure><QtyInPackage>לא ידוע</QtyInPackage><UnitOfMeasurePrice>0.0273</UnitOfMeasurePrice><AllowDiscount>1</AllowDiscount><ItemStatus>1</ItemStatus><ItemPrice>10.90</ItemPrice></item><item><PriceUpdateDate>2016-08-02 14:06:07</PriceUpdateDate><ItemCode>7290106340282</ItemCode><ItemType>1</ItemType><ItemName>מב עוגת קראנץ שוקולד</ItemName><ManufacturerName>קואופ שופ</ManufacturerName><ManufactureCountry>ישראל</ManufactureCountry><ManufacturerItemDescription>מב עוגת קראנץ שוקולד</ManufacturerItemDescription><SoldByWeight/><Quantity>500.00</Quantity><UnitOfMeasure>גרם     </UnitOfMeasure><QtyInPackage>לא ידוע</QtyInPackage><UnitOfMeasurePrice>0.0258</UnitOfMeasurePrice><AllowDiscount>1</AllowDiscount><ItemStatus>1</ItemStatus><ItemPrice>12.90</ItemPrice></item><item><PriceUpdateDate>2016-08-02 14:06:07</PriceUpdateDate><ItemCode>7290106340381</ItemCode><ItemType>1</ItemType><ItemName>מב רוגלך שוקולד 500</ItemName><ManufacturerName>קואופ שופ</ManufacturerName><ManufactureCountry>ישראל</ManufactureCountry><ManufacturerItemDescription>מב רוגלך שוקולד 500</ManufacturerItemDescription><SoldByWeight/><Quantity>500.00</Quantity><UnitOfMeasure>גרם     </UnitOfMeasure><QtyInPackage>לא ידוע</QtyInPackage><UnitOfMeasurePrice>0.0238</UnitOfMeasurePrice><AllowDiscount>1</AllowDiscount><ItemStatus>1</ItemStatus><ItemPrice>11.90</ItemPrice></item><item><PriceUpdateDate>2016-08-02 14:06:07</PriceUpdateDate><ItemCode>7290106340442</ItemCode><ItemType>1</ItemType><ItemName>מב שנק קינמון 500 גר</ItemName><ManufacturerName>קואופ שופ</ManufacturerName><ManufactureCountry>ישראל</ManufactureCountry><ManufacturerItemDescription>מב שנק קינמון 500 גר</ManufacturerItemDescription><SoldByWeight/><Quantity>500.00</Quantity><UnitOfMeasure>גרם     </UnitOfMeasure><QtyInPackage>לא ידוע</QtyInPackage><UnitOfMeasurePrice>0.0238</UnitOfMeasurePrice><AllowDiscount>1</AllowDiscount><ItemStatus>1</ItemStatus><ItemPrice>11.90</ItemPrice></item><item><PriceUpdateDate>2015-10-22 10:37:51</PriceUpdateDate><ItemCode>7290106340480</ItemCode><ItemType>1</ItemType><ItemName>וופל מילוי ט.שוקולד</ItemName><ManufacturerName>קואופ שופ</ManufacturerName><ManufactureCountry>ישראל</ManufactureCountry><ManufacturerItemDescription>וופל מילוי ט.שוקולד</ManufacturerItemDescription><SoldByWeight/><Quantity>200.00</Quantity><UnitOfMeasure>גרם     </UnitOfMeasure><QtyInPackage>לא ידוע</QtyInPackage><UnitOfMeasurePrice>0.0200</UnitOfMeasurePrice><AllowDiscount>1</AllowDiscount><ItemStatus>1</ItemStatus><ItemPrice>4.00</ItemPrice></item><item><PriceUpdateDate>2015-11-20 08:31:28</PriceUpdateDate><ItemCode>7290106340497</ItemCode><ItemType>1</ItemType><ItemName>ופלים מצופים שוקולד</ItemName><ManufacturerName>קואופ שופ</ManufacturerName><ManufactureCountry>ישראל</ManufactureCountry><ManufacturerItemDescription>ופלים מצופים שוקולד</ManufacturerItemDescription><SoldByWeight/><Quantity>400.00</Quantity><UnitOfMeasure>גרם     </UnitOfMeasure><QtyInPackage>לא ידוע</QtyInPackage><UnitOfMeasurePrice>0.0223</UnitOfMeasurePrice><AllowDiscount>1</AllowDiscount><ItemStatus>1</ItemStatus><ItemPrice>8.90</ItemPrice></item><item><PriceUpdateDate>2015-10-11 20:35:24</PriceUpdateDate><ItemCode>7290106342668</ItemCode><ItemType>1</ItemType><ItemName>פריכיות אורז מלא קוא</ItemName><ManufacturerName>קואופ שופ</ManufacturerName><ManufactureCountry>ישראל</ManufactureCountry><ManufacturerItemDescription>פריכיות אורז מלא קוא</ManufacturerItemDescription><SoldByWeight/><Quantity>100.00</Quantity><UnitOfMeasure>גרם     </UnitOfMeasure><QtyInPackage>לא ידוע</QtyInPackage><UnitOfMeasurePrice>0.0690</UnitOfMeasurePrice><AllowDiscount>1</AllowDiscount><ItemStatus>1</ItemStatus><ItemPrice>6.90</ItemPrice></item><item><PriceUpdateDate>2016-03-16 18:09:02</PriceUpdateDate><ItemCode>7290106342798</ItemCode><ItemType>1</ItemType><ItemName>שמן קנולה מזוכך 1 לי</ItemName><ManufacturerName>קואופ שופ</ManufacturerName><ManufactureCountry>ישראל</ManufactureCountry><ManufacturerItemDescription>שמן קנולה מזוכך 1 לי</ManufacturerItemDescription><SoldByWeight/><Quantity>1000.00</Quantity><UnitOfMeasure>מ"ל</UnitOfMeasure><QtyInPackage>לא ידוע</QtyInPackage><UnitOfMeasurePrice>0.0069</UnitOfMeasurePrice><AllowDiscount>1</AllowDiscount><ItemStatus>1</ItemStatus><ItemPrice>6.90</ItemPrice></item><item><PriceUpdateDate>2016-05-31 07:03:37</PriceUpdateDate><ItemCode>7290106342804</ItemCode><ItemType>1</ItemType><ItemName>שמן זית כתית מעולה 7</ItemName><ManufacturerName>קואופ שופ</ManufacturerName><ManufactureCountry>ישראל</ManufactureCountry><ManufacturerItemDescription>שמן זית כתית מעולה 7</ManufacturerItemDescription><SoldByWeight/><Quantity>750.00</Quantity><UnitOfMeasure>מ"ל</UnitOfMeasure><QtyInPackage>לא ידוע</QtyInPackage><UnitOfMeasurePrice>0.0372</UnitOfMeasurePrice><AllowDiscount>1</AllowDiscount><ItemStatus>1</ItemStatus><ItemPrice>27.90</ItemPrice></item><item><PriceUpdateDate>2015-12-27 08:48:33</PriceUpdateDate><ItemCode>7290106520066</ItemCode><ItemType>1</ItemType><ItemName>רבע לשבע קרם אגוזים</ItemName><ManufacturerName>עלית</ManufacturerName><ManufactureCountry>ישראל</ManufactureCountry><ManufacturerItemDescription>רבע לשבע בדצ 160 גרם</ManufacturerItemDescription><SoldByWeight/><Quantity>160.00</Quantity><UnitOfMeasure>גרם     </UnitOfMeasure><QtyInPackage>לא ידוע</QtyInPackage><UnitOfMeasurePrice>0.0869</UnitOfMeasurePrice><AllowDiscount>1</AllowDiscount><ItemStatus>1</ItemStatus><ItemPrice>13.90</ItemPrice></item><item><PriceUpdateDate>2016-02-03 10:58:04</PriceUpdateDate><ItemCode>7290106520288</ItemCode><ItemType>1</ItemType><ItemName>דנונה פרו תות 2.4% 1</ItemName><ManufacturerName>דנונה</ManufacturerName><ManufactureCountry>ישראל</ManufactureCountry><ManufacturerItemDescription>דנונה פרי בתחתית תות 145</ManufacturerItemDescription><SoldByWeight/><Quantity>150.00</Quantity><UnitOfMeasure>גרם     </UnitOfMeasure><QtyInPackage>לא ידוע</QtyInPackage><UnitOfMeasurePrice>0.0333</UnitOfMeasurePrice><AllowDiscount>1</AllowDiscount><ItemStatus>1</ItemStatus><ItemPrice>5.00</ItemPrice></item><item><PriceUpdateDate>2015-12-28 08:53:45</PriceUpdateDate><ItemCode>7290106520417</ItemCode><ItemType>1</ItemType><ItemName>JOY בר חלב עם שברי ו</ItemName><ManufacturerName>דנונה</ManufacturerName><ManufactureCountry>ישראל</ManufactureCountry><ManufacturerItemDescription>דנונה+דגנים שוקולד200 1/2</ManufacturerItemDescription><SoldByWeight/><Quantity>140.00</Quantity><UnitOfMeasure>גרם     </UnitOfMeasure><QtyInPackage>לא ידוע</QtyInPackage><UnitOfMeasurePrice>0.0321</UnitOfMeasurePrice><AllowDiscount>1</AllowDiscount><ItemStatus>1</ItemStatus><ItemPrice>4.50</ItemPrice></item><item><PriceUpdateDate>2016-03-17 09:37:08</PriceUpdateDate><ItemCode>7290106520462</ItemCode><ItemType>1</ItemType><ItemName>מאגדת מילקי CAKE קיי</ItemName><ManufacturerName>מילקי</ManufacturerName><ManufactureCountry>ישראל</ManufactureCountry><ManufacturerItemDescription>מילקי וניל170 מל</ManufacturerItemDescription><SoldByWeight/><Quantity>136.00</Quantity><UnitOfMeasure>גרם     </UnitOfMeasure><QtyInPackage>לא ידוע</QtyInPackage><UnitOfMeasurePrice>0.0801</UnitOfMeasurePrice><AllowDiscount>1</AllowDiscount><ItemStatus>1</ItemStatus><ItemPrice>10.90</ItemPrice></item><item><PriceUpdateDate>2016-03-14 09:48:47</PriceUpdateDate><ItemCode>7290106524569</ItemCode><ItemType>1</ItemType><ItemName>כיף כף מקלות קרמל 39</ItemName><ManufacturerName>עלית</ManufacturerName><ManufactureCountry>ישראל</ManufactureCountry><ManufacturerItemDescription>כיף כף מקלות    וצים40גר</ManufacturerItemDescription><SoldByWeight/><Quantity>39.00</Quantity><UnitOfMeasure>גרם     </UnitOfMeasure><QtyInPackage>לא ידוע</QtyInPackage><UnitOfMeasurePrice>0.1410</UnitOfMeasurePrice><AllowDiscount>1</AllowDiscount><ItemStatus>1</ItemStatus><ItemPrice>5.50</ItemPrice></item><item><PriceUpdateDate>2016-05-01 08:13:59</PriceUpdateDate><ItemCode>7290106525689</ItemCode><ItemType>1</ItemType><ItemName>בונב' ספלנדיד TREATS</ItemName><ManufacturerName>עלית</ManufacturerName><ManufactureCountry>ישראל</ManufactureCountry><ManufacturerItemDescription>שוקולד ספלנדיד אגוזי לוז</ManufacturerItemDescription><SoldByWeight/><Quantity>110.00</Quantity><UnitOfMeasure>גרם     </UnitOfMeasure><QtyInPackage>לא ידוע</QtyInPackage><UnitOfMeasurePrice>0.1355</UnitOfMeasurePrice><AllowDiscount>1</AllowDiscount><ItemStatus>1</ItemStatus><ItemPrice>14.90</ItemPrice></item><item><PriceUpdateDate>2015-12-10 09:11:19</PriceUpdateDate><ItemCode>7290106526822</ItemCode><ItemType>1</ItemType><ItemName>פריכיות אנרג'י שוק.ח</ItemName><ManufacturerName>אנרג'י</ManufacturerName><ManufactureCountry>ישראל</ManufactureCountry><ManufacturerItemDescription>פריכיות עם תחתית שוקולד</ManufacturerItemDescription><SoldByWeight/><Quantity>80.00</Quantity><UnitOfMeasure>גרם     </UnitOfMeasure><QtyInPackage>לא ידוע</QtyInPackage><UnitOfMeasurePrice>0.1113</UnitOfMeasurePrice><AllowDiscount>1</AllowDiscount><ItemStatus>1</ItemStatus><ItemPrice>8.90</ItemPrice></item><item><PriceUpdateDate>2015-12-10 09:11:19</PriceUpdateDate><ItemCode>7290106527386</ItemCode><ItemType>1</ItemType><ItemName>פריכיות אנרג'י אורז</ItemName><ManufacturerName>אנרג'י</ManufacturerName><ManufactureCountry>ישראל</ManufactureCountry><ManufacturerItemDescription>פריכיות מצופות שוקולד חלב</ManufacturerItemDescription><SoldByWeight/><Quantity>70.00</Quantity><UnitOfMeasure>גרם     </UnitOfMeasure><QtyInPackage>לא ידוע</QtyInPackage><UnitOfMeasurePrice>0.1271</UnitOfMeasurePrice><AllowDiscount>1</AllowDiscount><ItemStatus>1</ItemStatus><ItemPrice>8.90</ItemPrice></item><item><PriceUpdateDate>2016-05-01 08:14:00</PriceUpdateDate><ItemCode>7290106570023</ItemCode><ItemType>1</ItemType><ItemName>בייגלה שטוחים שומשום</ItemName><ManufacturerName>אסם</ManufacturerName><ManufactureCountry>ישראל</ManufactureCountry><ManufacturerItemDescription>בייגלה שטוחים שומשום ללא</ManufacturerItemDescription><SoldByWeight/><Quantity>250.00</Quantity><UnitOfMeasure>גרם     </UnitOfMeasure><QtyInPackage>לא ידוע</QtyInPackage><UnitOfMeasurePrice>0.0596</UnitOfMeasurePrice><AllowDiscount>1</AllowDiscount><ItemStatus>1</ItemStatus><ItemPrice>14.90</ItemPrice></item><item><PriceUpdateDate>2016-05-01 08:14:00</PriceUpdateDate><ItemCode>7290106570177</ItemCode><ItemType>1</ItemType><ItemName>בייגלה שטוחים מלח כש</ItemName><ManufacturerName>אסם</ManufacturerName><ManufactureCountry>ישראל</ManufactureCountry><ManufacturerItemDescription>בייגלה שטוחים מלח ללא גלו</ManufacturerItemDescription><SoldByWeight/><Quantity>250.00</Quantity><UnitOfMeasure>גרם     </UnitOfMeasure><QtyInPackage>לא ידוע</QtyInPackage><UnitOfMeasurePrice>0.0596</UnitOfMeasurePrice><AllowDiscount>1</AllowDiscount><ItemStatus>1</ItemStatus><ItemPrice>14.90</ItemPrice></item><item><PriceUpdateDate>2016-08-02 07:36:00</PriceUpdateDate><ItemCode>7290106571037</ItemCode><ItemType>1</ItemType><ItemName>מאגדת גומיגם 450 גרם</ItemName><ManufacturerName>גלידות נסטלה</ManufacturerName><ManufactureCountry>ישראל</ManufactureCountry><ManufacturerItemDescription>מאגדת גומיגם 5 יח</ManufacturerItemDescription><SoldByWeight/><Quantity>450.00</Quantity><UnitOfMeasure>גרם     </UnitOfMeasure><QtyInPackage>לא ידוע</QtyInPackage><UnitOfMeasurePrice>0.0744</UnitOfMeasurePrice><AllowDiscount>1</AllowDiscount><ItemStatus>1</ItemStatus><ItemPrice>33.50</ItemPrice></item><item><PriceUpdateDate>2015-11-18 14:00:25</PriceUpdateDate><ItemCode>7290106571273</ItemCode><ItemType>1</ItemType><ItemName>מאגדת קראנץ רולס חום</ItemName><ManufacturerName>גלידות נסטלה</ManufacturerName><ManufactureCountry>ישראל</ManufactureCountry><ManufacturerItemDescription>מאגדת קראנץ רולס 5 יח</ManufacturerItemDescription><SoldByWeight/><Quantity>360.00</Quantity><UnitOfMeasure>גרם     </UnitOfMeasure><QtyInPackage>לא ידוע</QtyInPackage><UnitOfMeasurePrice>0.1078</UnitOfMeasurePrice><AllowDiscount>1</AllowDiscount><ItemStatus>1</ItemStatus><ItemPrice>38.80</ItemPrice></item><item><PriceUpdateDate>2015-11-18 14:00:25</PriceUpdateDate><ItemCode>7290106571662</ItemCode><ItemType>1</ItemType><ItemName>שקדי מרק טבעות כשל"פ</ItemName><ManufacturerName>לא ממותג</ManufacturerName><ManufactureCountry>ישראל</ManufactureCountry><ManufacturerItemDescription>שקדי מרק טבעות 100 גרם</ManufacturerItemDescription><SoldByWeight/><Quantity>100.00</Quantity><UnitOfMeasure>גרם     </UnitOfMeasure><QtyInPackage>לא ידוע</QtyInPackage><UnitOfMeasurePrice>0.0620</UnitOfMeasurePrice><AllowDiscount>1</AllowDiscount><ItemStatus>1</ItemStatus><ItemPrice>6.20</ItemPrice></item><item><PriceUpdateDate>2016-08-02 07:36:00</PriceUpdateDate><ItemCode>7290106572027</ItemCode><ItemType>1</ItemType><ItemName>לחמית חמישה דגנים 19</ItemName><ManufacturerName>לחמית</ManufacturerName><ManufactureCountry>ישראל</ManufactureCountry><ManufacturerItemDescription>לחמית חמישה דגנים 190 גרם</ManufacturerItemDescription><SoldByWeight/><Quantity>190.00</Quantity><UnitOfMeasure>גרם     </UnitOfMeasure><QtyInPackage>לא ידוע</QtyInPackage><UnitOfMeasurePrice>0.0521</UnitOfMeasurePrice><AllowDiscount>1</AllowDiscount><ItemStatus>1</ItemStatus><ItemPrice>9.90</ItemPrice></item><item><PriceUpdateDate>2014-11-10 06:29:36</PriceUpdateDate><ItemCode>7290106572126</ItemCode><ItemType>1</ItemType><ItemName>מיני פתי בר מצופה שו</ItemName><ManufacturerName>פתי בר אסם</ManufacturerName><ManufactureCountry>ישראל</ManufactureCountry><ManufacturerItemDescription>מיני פתי בר מצופה שו</ManufacturerItemDescription><SoldByWeight/><Quantity>70.00</Quantity><UnitOfMeasure>גרם     </UnitOfMeasure><QtyInPackage>לא ידוע</QtyInPackage><UnitOfMeasurePrice>0.0986</UnitOfMeasurePrice><AllowDiscount>1</AllowDiscount><ItemStatus>1</ItemStatus><ItemPrice>6.90</ItemPrice></item><item><PriceUpdateDate>2016-08-10 08:23:27</PriceUpdateDate><ItemCode>7290106572959</ItemCode><ItemType>1</ItemType><ItemName>מארז חטיף אפרופו קלא</ItemName><ManufacturerName>אפרופו</ManufacturerName><ManufactureCountry>ישראל</ManufactureCountry><ManufacturerItemDescription>מארז חטיף אפרופו קלא</ManufacturerItemDescription><SoldByWeight/><Quantity>25.00</Quantity><UnitOfMeasure>גרם     </UnitOfMeasure><QtyInPackage>לא ידוע</QtyInPackage><UnitOfMeasurePrice>0.6360</UnitOfMeasurePrice><AllowDiscount>1</AllowDiscount><ItemStatus>1</ItemStatus><ItemPrice>15.90</ItemPrice></item><item><PriceUpdateDate>2016-05-31 07:03:38</PriceUpdateDate><ItemCode>7290106572997</ItemCode><ItemType>1</ItemType><ItemName>קמח שמרים לפיצה 1 ק"</ItemName><ManufacturerName>אסם</ManufacturerName><ManufactureCountry>ישראל</ManufactureCountry><ManufacturerItemDescription>קמח שמרים לפיצה 1 ק"</ManufacturerItemDescription><SoldByWeight/><Quantity>1000.00</Quantity><UnitOfMeasure>גרם     </UnitOfMeasure><QtyInPackage>לא ידוע</QtyInPackage><UnitOfMeasurePrice>0.0098</UnitOfMeasurePrice><AllowDiscount>1</AllowDiscount><ItemStatus>1</ItemStatus><ItemPrice>9.80</ItemPrice></item><item><PriceUpdateDate>2016-06-28 09:29:47</PriceUpdateDate><ItemCode>7290106573086</ItemCode><ItemType>1</ItemType><ItemName>קוסקוס בינוני 350 גר</ItemName><ManufacturerName>לא ממותג</ManufacturerName><ManufactureCountry>לא ידוע</ManufactureCountry><ManufacturerItemDescription>קוסקוס בינוני 350 גר</ManufacturerItemDescription><SoldByWeight/><Quantity>700.00</Quantity><UnitOfMeasure>גרם     </UnitOfMeasure><QtyInPackage>לא ידוע</QtyInPackage><UnitOfMeasurePrice>0.0189</UnitOfMeasurePrice><AllowDiscount>1</AllowDiscount><ItemStatus>1</ItemStatus><ItemPrice>13.20</ItemPrice></item><item><PriceUpdateDate>2016-08-02 07:51:17</PriceUpdateDate><ItemCode>7290106573574</ItemCode><ItemType>1</ItemType><ItemName>מב סלט צבר חומוס ירו</ItemName><ManufacturerName>צבר</ManufacturerName><ManufactureCountry>ישראל</ManufactureCountry><ManufacturerItemDescription>סלט חומוס ירושלמי 400 גרם</ManufacturerItemDescription><SoldByWeight/><Quantity>400.00</Quantity><UnitOfMeasure>גרם     </UnitOfMeasure><QtyInPackage>לא ידוע</QtyInPackage><UnitOfMeasurePrice>0.0298</UnitOfMeasurePrice><AllowDiscount>1</AllowDiscount><ItemStatus>1</ItemStatus><ItemPrice>11.90</ItemPrice></item><item><PriceUpdateDate>2016-08-02 07:51:17</PriceUpdateDate><ItemCode>7290106573598</ItemCode><ItemType>1</ItemType><ItemName>מב סלט צבר חומוס לבנ</ItemName><ManufacturerName>צבר</ManufacturerName><ManufactureCountry>ישראל</ManufactureCountry><ManufacturerItemDescription>סלט חומוס לבנוני 400 גרם</ManufacturerItemDescription><SoldByWeight/><Quantity>400.00</Quantity><UnitOfMeasure>גרם     </UnitOfMeasure><QtyInPackage>לא ידוע</QtyInPackage><UnitOfMeasurePrice>0.0298</UnitOfMeasurePrice><AllowDiscount>1</AllowDiscount><ItemStatus>1</ItemStatus><ItemPrice>11.90</ItemPrice></item><item><PriceUpdateDate>2016-08-02 07:51:18</PriceUpdateDate><ItemCode>7290106573628</ItemCode><ItemType>1</ItemType><ItemName>מב סלט צבר חומוס עם</ItemName><ManufacturerName>צבר</ManufacturerName><ManufactureCountry>ישראל</ManufactureCountry><ManufacturerItemDescription>סלט חומוס טחינה 400 גרם</ManufacturerItemDescription><SoldByWeight/><Quantity>400.00</Quantity><UnitOfMeasure>גרם     </UnitOfMeasure><QtyInPackage>לא ידוע</QtyInPackage><UnitOfMeasurePrice>0.0298</UnitOfMeasurePrice><AllowDiscount>1</AllowDiscount><ItemStatus>1</ItemStatus><ItemPrice>11.90</ItemPrice></item><item><PriceUpdateDate>2016-08-02 07:51:18</PriceUpdateDate><ItemCode>7290106573642</ItemCode><ItemType>1</ItemType><ItemName>מב סלט צבר חומוס צנו</ItemName><ManufacturerName>צבר</ManufacturerName><ManufactureCountry>ישראל</ManufactureCountry><ManufacturerItemDescription>סלט חומוס צנובר 400 גרם</ManufacturerItemDescription><SoldByWeight/><Quantity>400.00</Quantity><UnitOfMeasure>גרם     </UnitOfMeasure><QtyInPackage>לא ידוע</QtyInPackage><UnitOfMeasurePrice>0.0298</UnitOfMeasurePrice><AllowDiscount>1</AllowDiscount><ItemStatus>1</ItemStatus><ItemPrice>11.90</ItemPrice></item><item><PriceUpdateDate>2016-08-02 07:36:00</PriceUpdateDate><ItemCode>7290106573703</ItemCode><ItemType>1</ItemType><ItemName>סלט חציל פיקנטי רפי</ItemName><ManufacturerName>צבר</ManufacturerName><ManufactureCountry>ישראל</ManufactureCountry><ManufacturerItemDescription>סלט חציל פיקנטי רפי</ManufacturerItemDescription><SoldByWeight/><Quantity>400.00</Quantity><UnitOfMeasure>גרם     </UnitOfMeasure><QtyInPackage>לא ידוע</QtyInPackage><UnitOfMeasurePrice>0.0413</UnitOfMeasurePrice><AllowDiscount>1</AllowDiscount><ItemStatus>1</ItemStatus><ItemPrice>16.50</ItemPrice></item><item><PriceUpdateDate>2016-08-02 07:51:18</PriceUpdateDate><ItemCode>7290106573796</ItemCode><ItemType>1</ItemType><ItemName>מב סלט צבר חומוס זעת</ItemName><ManufacturerName>צבר</ManufacturerName><ManufactureCountry>ישראל</ManufactureCountry><ManufacturerItemDescription>מב סלט צבר חומוס זעת</ManufacturerItemDescription><SoldByWeight/><Quantity>400.00</Quantity><UnitOfMeasure>גרם     </UnitOfMeasure><QtyInPackage>לא ידוע</QtyInPackage><UnitOfMeasurePrice>0.0298</UnitOfMeasurePrice><AllowDiscount>1</AllowDiscount><ItemStatus>1</ItemStatus><ItemPrice>11.90</ItemPrice></item><item><PriceUpdateDate>2016-08-02 07:51:18</PriceUpdateDate><ItemCode>7290106573819</ItemCode><ItemType>1</ItemType><ItemName>מב סלט צבר חומוס אבו</ItemName><ManufacturerName>צבר</ManufacturerName><ManufactureCountry>ישראל</ManufactureCountry><ManufacturerItemDescription>סלט חומוס אבו גוש 400 גרם</ManufacturerItemDescription><SoldByWeight/><Quantity>400.00</Quantity><UnitOfMeasure>גרם     </UnitOfMeasure><QtyInPackage>לא ידוע</QtyInPackage><UnitOfMeasurePrice>0.0298</UnitOfMeasurePrice><AllowDiscount>1</AllowDiscount><ItemStatus>1</ItemStatus><ItemPrice>11.90</ItemPrice></item><item><PriceUpdateDate>2016-08-10 08:23:27</PriceUpdateDate><ItemCode>7290106574588</ItemCode><ItemType>1</ItemType><ItemName>מרק נמס סוף XL עגבני</ItemName><ManufacturerName>לא ממותג</ManufacturerName><ManufactureCountry>ישראל</ManufactureCountry><ManufacturerItemDescription>מרק נמס סוף XL עגבני</ManufacturerItemDescription><SoldByWeight/><Quantity>34.00</Quantity><UnitOfMeasure>גרם     </UnitOfMeasure><QtyInPackage>לא ידוע</QtyInPackage><UnitOfMeasurePrice>0.1529</UnitOfMeasurePrice><AllowDiscount>1</AllowDiscount><ItemStatus>1</ItemStatus><ItemPrice>5.20</ItemPrice></item><item><PriceUpdateDate>2016-05-31 07:03:39</PriceUpdateDate><ItemCode>7290106574793</ItemCode><ItemType>1</ItemType><ItemName>עוגת הבית שוקו שוקוצ</ItemName><ManufacturerName>אסם</ManufacturerName><ManufactureCountry>ישראל</ManufactureCountry><ManufacturerItemDescription>עוגת הבית שוקוציפס 350 גר</ManufacturerItemDescription><SoldByWeight/><Quantity>350.00</Quantity><UnitOfMeasure>גרם     </UnitOfMeasure><QtyInPackage>לא ידוע</QtyInPackage><UnitOfMeasurePrice>0.0311</UnitOfMeasurePrice><AllowDiscount>1</AllowDiscount><ItemStatus>1</ItemStatus><ItemPrice>10.90</ItemPrice></item><item><PriceUpdateDate>2016-05-31 07:03:39</PriceUpdateDate><ItemCode>7290106575011</ItemCode><ItemType>1</ItemType><ItemName>פתיתים אפויים פלוס ח</ItemName><ManufacturerName>פסטה אסם</ManufacturerName><ManufactureCountry>ישראל</ManufactureCountry><ManufacturerItemDescription>פתיתים אפויים עם חיטה מלא</ManufacturerItemDescription><SoldByWeight/><Quantity>500.00</Quantity><UnitOfMeasure>גרם     </UnitOfMeasure><QtyInPackage>לא ידוע</QtyInPackage><UnitOfMeasurePrice>0.0118</UnitOfMeasurePrice><AllowDiscount>1</AllowDiscount><ItemStatus>1</ItemStatus><ItemPrice>5.90</ItemPrice></item><item><PriceUpdateDate>2016-05-31 07:03:39</PriceUpdateDate><ItemCode>7290106575257</ItemCode><ItemType>1</ItemType><ItemName>עוגת הבית סופלה בטעם</ItemName><ManufacturerName>עוגות הבית</ManufacturerName><ManufactureCountry>ישראל</ManufactureCountry><ManufacturerItemDescription>עוגת הבית סופלה בטעם שוקו</ManufacturerItemDescription><SoldByWeight/><Quantity>340.00</Quantity><UnitOfMeasure>גרם     </UnitOfMeasure><QtyInPackage>לא ידוע</QtyInPackage><UnitOfMeasurePrice>0.0321</UnitOfMeasurePrice><AllowDiscount>0</AllowDiscount><ItemStatus>1</ItemStatus><ItemPrice>10.90</ItemPrice></item><item><PriceUpdateDate>2016-05-31 07:03:39</PriceUpdateDate><ItemCode>7290106575431</ItemCode><ItemType>1</ItemType><ItemName>עוגת הבית סופלה בטעם</ItemName><ManufacturerName>עוגות הבית</ManufacturerName><ManufactureCountry>ישראל</ManufactureCountry><ManufacturerItemDescription>עוגת הבית סופלה בטעם</ManufacturerItemDescription><SoldByWeight/><Quantity>340.00</Quantity><UnitOfMeasure>גרם     </UnitOfMeasure><QtyInPackage>לא ידוע</QtyInPackage><UnitOfMeasurePrice>0.0321</UnitOfMeasurePrice><AllowDiscount>0</AllowDiscount><ItemStatus>1</ItemStatus><ItemPrice>10.90</ItemPrice></item><item><PriceUpdateDate>2014-11-10 06:29:37</PriceUpdateDate><ItemCode>7290106575479</ItemCode><ItemType>1</ItemType><ItemName>מיני פתי בר מצופה שו</ItemName><ManufacturerName>פתי בר אסם</ManufacturerName><ManufactureCountry>ישראל</ManufactureCountry><ManufacturerItemDescription>מיני פתי בר מצופה שו</ManufacturerItemDescription><SoldByWeight/><Quantity>70.00</Quantity><UnitOfMeasure>גרם     </UnitOfMeasure><QtyInPackage>לא ידוע</QtyInPackage><UnitOfMeasurePrice>0.0986</UnitOfMeasurePrice><AllowDiscount>1</AllowDiscount><ItemStatus>1</ItemStatus><ItemPrice>6.90</ItemPrice></item><item><PriceUpdateDate>2015-10-11 20:35:27</PriceUpdateDate><ItemCode>7290106576414</ItemCode><ItemType>1</ItemType><ItemName>חטיף צ'יפסי בטעם מקס</ItemName><ManufacturerName>ציפסי</ManufacturerName><ManufactureCountry>ישראל</ManufactureCountry><ManufacturerItemDescription>חטיף ציפסי בטעם מקסיקני 5</ManufacturerItemDescription><SoldByWeight/><Quantity>50.00</Quantity><UnitOfMeasure>גרם     </UnitOfMeasure><QtyInPackage>לא ידוע</QtyInPackage><UnitOfMeasurePrice>0.0760</UnitOfMeasurePrice><AllowDiscount>1</AllowDiscount><ItemStatus>1</ItemStatus><ItemPrice>3.80</ItemPrice></item><item><PriceUpdateDate>2015-10-22 10:37:53</PriceUpdateDate><ItemCode>7290106576513</ItemCode><ItemType>1</ItemType><ItemName>סלט חומוס צבר 400 גר</ItemName><ManufacturerName>צבר</ManufacturerName><ManufactureCountry>ישראל</ManufactureCountry><ManufacturerItemDescription>סלט חומוס 400 גר</ManufacturerItemDescription><SoldByWeight/><Quantity>400.00</Quantity><UnitOfMeasure>גרם     </UnitOfMeasure><QtyInPackage>לא ידוע</QtyInPackage><UnitOfMeasurePrice>0.0252</UnitOfMeasurePrice><AllowDiscount>1</AllowDiscount><ItemStatus>1</ItemStatus><ItemPrice>10.10</ItemPrice></item><item><PriceUpdateDate>2016-03-17 09:37:09</PriceUpdateDate><ItemCode>7290106576537</ItemCode><ItemType>1</ItemType><ItemName>חומוס צבר מסעדה 700</ItemName><ManufacturerName>צבר</ManufacturerName><ManufactureCountry>ישראל</ManufactureCountry><ManufacturerItemDescription>חומוס מסעדה 700 גר</ManufacturerItemDescription><SoldByWeight/><Quantity>700.00</Quantity><UnitOfMeasure>גרם     </UnitOfMeasure><QtyInPackage>לא ידוע</QtyInPackage><UnitOfMeasurePrice>0.0156</UnitOfMeasurePrice><AllowDiscount>1</AllowDiscount><ItemStatus>1</ItemStatus><ItemPrice>10.90</ItemPrice></item><item><PriceUpdateDate>2016-05-31 07:03:39</PriceUpdateDate><ItemCode>7290106576797</ItemCode><ItemType>1</ItemType><ItemName>גלידה קרמריה 1.4 ליט</ItemName><ManufacturerName>לה קרמריה</ManufacturerName><ManufactureCountry>ישראל</ManufactureCountry><ManufacturerItemDescription>גלידה לה קרמריה וניל איטל</ManufacturerItemDescription><SoldByWeight/><Quantity>1400.00</Quantity><UnitOfMeasure>מ"ל</UnitOfMeasure><QtyInPackage>לא ידוע</QtyInPackage><UnitOfMeasurePrice>0.0128</UnitOfMeasurePrice><AllowDiscount>1</AllowDiscount><ItemStatus>1</ItemStatus><ItemPrice>17.90</ItemPrice></item><item><PriceUpdateDate>2016-05-31 07:03:39</PriceUpdateDate><ItemCode>7290106576810</ItemCode><ItemType>1</ItemType><ItemName>גלידה קרמריה 1.4 ליט</ItemName><ManufacturerName>לה קרמריה</ManufacturerName><ManufactureCountry>ישראל</ManufactureCountry><ManufacturerItemDescription>לה קרמריה ריבת חלב</ManufacturerItemDescription><SoldByWeight/><Quantity>1400.00</Quantity><UnitOfMeasure>מ"ל</UnitOfMeasure><QtyInPackage>לא ידוע</QtyInPackage><UnitOfMeasurePrice>0.0128</UnitOfMeasurePrice><AllowDiscount>1</AllowDiscount><ItemStatus>1</ItemStatus><ItemPrice>17.90</ItemPrice></item><item><PriceUpdateDate>2016-05-31 07:03:39</PriceUpdateDate><ItemCode>7290106576834</ItemCode><ItemType>1</ItemType><ItemName>גלידה קרמריה 1.4 ליט</ItemName><ManufacturerName>לה קרמריה</ManufacturerName><ManufactureCountry>ישראל</ManufactureCountry><ManufacturerItemDescription>לה קרמריה פונטש בננה</ManufacturerItemDescription><SoldByWeight/><Quantity>1400.00</Quantity><UnitOfMeasure>מ"ל</UnitOfMeasure><QtyInPackage>לא ידוע</QtyInPackage><UnitOfMeasurePrice>0.0128</UnitOfMeasurePrice><AllowDiscount>1</AllowDiscount><ItemStatus>1</ItemStatus><ItemPrice>17.90</ItemPrice></item><item><PriceUpdateDate>2016-05-31 07:03:39</PriceUpdateDate><ItemCode>7290106576858</ItemCode><ItemType>1</ItemType><ItemName>גלידה קרמריה 1.4 ליט</ItemName><ManufacturerName>לה קרמריה</ManufacturerName><ManufactureCountry>ישראל</ManufactureCountry><ManufacturerItemDescription>גלידה לה קרמריה תותים</ManufacturerItemDescription><SoldByWeight/><Quantity>1400.00</Quantity><UnitOfMeasure>מ"ל</UnitOfMeasure><QtyInPackage>לא ידוע</QtyInPackage><UnitOfMeasurePrice>0.0128</UnitOfMeasurePrice><AllowDiscount>1</AllowDiscount><ItemStatus>1</ItemStatus><ItemPrice>17.90</ItemPrice></item><item><PriceUpdateDate>2016-05-31 07:03:39</PriceUpdateDate><ItemCode>7290106576896</ItemCode><ItemType>1</ItemType><ItemName>גלידה לה קרמריה וניל</ItemName><ManufacturerName>לה קרמריה</ManufacturerName><ManufactureCountry>ישראל</ManufactureCountry><ManufacturerItemDescription>גלידה וניל קוקולידה 1.4 ל</ManufacturerItemDescription><SoldByWeight/><Quantity>1400.00</Quantity><UnitOfMeasure>גרם     </UnitOfMeasure><QtyInPackage>לא ידוע</QtyInPackage><UnitOfMeasurePrice>0.0128</UnitOfMeasurePrice><AllowDiscount>1</AllowDiscount><ItemStatus>1</ItemStatus><ItemPrice>17.90</ItemPrice></item><item><PriceUpdateDate>2016-05-31 07:03:39</PriceUpdateDate><ItemCode>7290106576919</ItemCode><ItemType>1</ItemType><ItemName>גלידה קרמריה 1.4 ליט</ItemName><ManufacturerName>לה קרמריה</ManufacturerName><ManufactureCountry>ישראל</ManufactureCountry><ManufacturerItemDescription>גלידה לה קרמריה סורבה תות</ManufacturerItemDescription><SoldByWeight/><Quantity>1400.00</Quantity><UnitOfMeasure>מ"ל</UnitOfMeasure><QtyInPackage>לא ידוע</QtyInPackage><UnitOfMeasurePrice>0.0128</UnitOfMeasurePrice><AllowDiscount>1</AllowDiscount><ItemStatus>1</ItemStatus><ItemPrice>17.90</ItemPrice></item><item><PriceUpdateDate>2016-05-31 07:03:40</PriceUpdateDate><ItemCode>7290106576926</ItemCode><ItemType>1</ItemType><ItemName>גלידה לה קרמריה שוקו</ItemName><ManufacturerName>לה קרמריה</ManufacturerName><ManufactureCountry>ישראל</ManufactureCountry><ManufacturerItemDescription>גלידה שוקו וניל לייט 1.4</ManufacturerItemDescription><SoldByWeight/><Quantity>1400.00</Quantity><UnitOfMeasure>גרם     </UnitOfMeasure><QtyInPackage>לא ידוע</QtyInPackage><UnitOfMeasurePrice>0.0128</UnitOfMeasurePrice><AllowDiscount>1</AllowDiscount><ItemStatus>1</ItemStatus><ItemPrice>17.90</ItemPrice></item><item><PriceUpdateDate>2016-05-31 07:03:40</PriceUpdateDate><ItemCode>7290106576957</ItemCode><ItemType>1</ItemType><ItemName>גלידה קרמריה 1.4 ליט</ItemName><ManufacturerName>לה קרמריה</ManufacturerName><ManufactureCountry>ישראל</ManufactureCountry><ManufacturerItemDescription>לה קרמריה שוקו פליק</ManufacturerItemDescription><SoldByWeight/><Quantity>1400.00</Quantity><UnitOfMeasure>מ"ל</UnitOfMeasure><QtyInPackage>לא ידוע</QtyInPackage><UnitOfMeasurePrice>0.0128</UnitOfMeasurePrice><AllowDiscount>1</AllowDiscount><ItemStatus>1</ItemStatus><ItemPrice>17.90</ItemPrice></item><item><PriceUpdateDate>2016-05-31 07:03:40</PriceUpdateDate><ItemCode>7290106576971</ItemCode><ItemType>1</ItemType><ItemName>גלידה קרמריה 1.4 ליט</ItemName><ManufacturerName>לה קרמריה</ManufacturerName><ManufactureCountry>ישראל</ManufactureCountry><ManufacturerItemDescription>לה קרמריה ש.בלגי</ManufacturerItemDescription><SoldByWeight/><Quantity>1400.00</Quantity><UnitOfMeasure>מ"ל</UnitOfMeasure><QtyInPackage>לא ידוע</QtyInPackage><UnitOfMeasurePrice>0.0128</UnitOfMeasurePrice><AllowDiscount>1</AllowDiscount><ItemStatus>1</ItemStatus><ItemPrice>17.90</ItemPrice></item><item><PriceUpdateDate>2016-05-31 07:03:40</PriceUpdateDate><ItemCode>7290106576995</ItemCode><ItemType>1</ItemType><ItemName>גלידה לה קרמריה סורב</ItemName><ManufacturerName>לה קרמריה</ManufacturerName><ManufactureCountry>ישראל</ManufactureCountry><ManufacturerItemDescription>גלידה סורבה תות מנגו לייט</ManufacturerItemDescription><SoldByWeight/><Quantity>1400.00</Quantity><UnitOfMeasure>גרם     </UnitOfMeasure><QtyInPackage>לא ידוע</QtyInPackage><UnitOfMeasurePrice>0.0128</UnitOfMeasurePrice><AllowDiscount>1</AllowDiscount><ItemStatus>1</ItemStatus><ItemPrice>17.90</ItemPrice></item><item><PriceUpdateDate>2016-05-31 07:03:40</PriceUpdateDate><ItemCode>7290106577039</ItemCode><ItemType>1</ItemType><ItemName>גלידה קרמריה 1.4 ליט</ItemName><ManufacturerName>לה קרמריה</ManufacturerName><ManufactureCountry>ישראל</ManufactureCountry><ManufacturerItemDescription>לה קרמריה שוקו פליק</ManufacturerItemDescription><SoldByWeight/><Quantity>1400.00</Quantity><UnitOfMeasure>מ"ל</UnitOfMeasure><QtyInPackage>לא ידוע</QtyInPackage><UnitOfMeasurePrice>0.0128</UnitOfMeasurePrice><AllowDiscount>1</AllowDiscount><ItemStatus>1</ItemStatus><ItemPrice>17.90</ItemPrice></item><item><PriceUpdateDate>2016-08-02 07:51:18</PriceUpdateDate><ItemCode>7290106577282</ItemCode><ItemType>1</ItemType><ItemName>מב סלט טחינה צבר 400</ItemName><ManufacturerName>צבר</ManufacturerName><ManufactureCountry>ישראל</ManufactureCountry><ManufacturerItemDescription>טחינה 400 גר</ManufacturerItemDescription><SoldByWeight/><Quantity>400.00</Quantity><UnitOfMeasure>גרם     </UnitOfMeasure><QtyInPackage>לא ידוע</QtyInPackage><UnitOfMeasurePrice>0.0298</UnitOfMeasurePrice><AllowDiscount>1</AllowDiscount><ItemStatus>1</ItemStatus><ItemPrice>11.90</ItemPrice></item><item><PriceUpdateDate>2016-08-02 07:51:18</PriceUpdateDate><ItemCode>7290106577305</ItemCode><ItemType>1</ItemType><ItemName>מב צבר טחינה לבנונית</ItemName><ManufacturerName>צבר</ManufacturerName><ManufactureCountry>ישראל</ManufactureCountry><ManufacturerItemDescription>טחינה לבנונית ירוקה 400 ג</ManufacturerItemDescription><SoldByWeight/><Quantity>400.00</Quantity><UnitOfMeasure>גרם     </UnitOfMeasure><QtyInPackage>לא ידוע</QtyInPackage><UnitOfMeasurePrice>0.0298</UnitOfMeasurePrice><AllowDiscount>1</AllowDiscount><ItemStatus>1</ItemStatus><ItemPrice>11.90</ItemPrice></item><item><PriceUpdateDate>2016-08-02 07:51:18</PriceUpdateDate><ItemCode>7290106577480</ItemCode><ItemType>1</ItemType><ItemName>מב חציל על האש בטחינ</ItemName><ManufacturerName>צבר</ManufacturerName><ManufactureCountry>ישראל</ManufactureCountry><ManufacturerItemDescription>חציל על האש בטחינה 400 גר</ManufacturerItemDescription><SoldByWeight/><Quantity>400.00</Quantity><UnitOfMeasure>גרם     </UnitOfMeasure><QtyInPackage>לא ידוע</QtyInPackage><UnitOfMeasurePrice>0.0298</UnitOfMeasurePrice><AllowDiscount>1</AllowDiscount><ItemStatus>1</ItemStatus><ItemPrice>11.90</ItemPrice></item><item><PriceUpdateDate>2016-08-02 07:51:18</PriceUpdateDate><ItemCode>7290106577527</ItemCode><ItemType>1</ItemType><ItemName>מב סלט קולסלו 400 גר</ItemName><ManufacturerName>צבר</ManufacturerName><ManufactureCountry>ישראל</ManufactureCountry><ManufacturerItemDescription>מב סלט קולסלו 400 גר</ManufacturerItemDescription><SoldByWeight/><Quantity>400.00</Quantity><UnitOfMeasure>גרם     </UnitOfMeasure><QtyInPackage>לא ידוע</QtyInPackage><UnitOfMeasurePrice>0.0298</UnitOfMeasurePrice><AllowDiscount>1</AllowDiscount><ItemStatus>1</ItemStatus><ItemPrice>11.90</ItemPrice></item><item><PriceUpdateDate>2016-08-02 07:51:18</PriceUpdateDate><ItemCode>7290106577541</ItemCode><ItemType>1</ItemType><ItemName>מב סלט כרוב אדום צבר</ItemName><ManufacturerName>צבר</ManufacturerName><ManufactureCountry>ישראל</ManufactureCountry><ManufacturerItemDescription>כרוב אדום 400 גר</ManufacturerItemDescription><SoldByWeight/><Quantity>400.00</Quantity><UnitOfMeasure>גרם     </UnitOfMeasure><QtyInPackage>לא ידוע</QtyInPackage><UnitOfMeasurePrice>0.0298</UnitOfMeasurePrice><AllowDiscount>1</AllowDiscount><ItemStatus>1</ItemStatus><ItemPrice>11.90</ItemPrice></item><item><PriceUpdateDate>2016-08-02 07:51:18</PriceUpdateDate><ItemCode>7290106577572</ItemCode><ItemType>1</ItemType><ItemName>מב סלט מטבוחה  מרובע</ItemName><ManufacturerName>צבר</ManufacturerName><ManufactureCountry>ישראל</ManufactureCountry><ManufacturerItemDescription>מב סלט מטבוחה  מרובע</ManufacturerItemDescription><SoldByWeight/><Quantity>400.00</Quantity><UnitOfMeasure>גרם     </UnitOfMeasure><QtyInPackage>לא ידוע</QtyInPackage><UnitOfMeasurePrice>0.0298</UnitOfMeasurePrice><AllowDiscount>1</AllowDiscount><ItemStatus>1</ItemStatus><ItemPrice>11.90</ItemPrice></item><item><PriceUpdateDate>2016-08-02 07:51:18</PriceUpdateDate><ItemCode>7290106578333</ItemCode><ItemType>1</ItemType><ItemName>מב סלט חציל על האש 4</ItemName><ManufacturerName>צבר</ManufacturerName><ManufactureCountry>ישראל</ManufactureCountry><ManufacturerItemDescription>חציל על האש 400 גר</ManufacturerItemDescription><SoldByWeight/><Quantity>400.00</Quantity><UnitOfMeasure>גרם     </UnitOfMeasure><QtyInPackage>לא ידוע</QtyInPackage><UnitOfMeasurePrice>0.0298</UnitOfMeasurePrice><AllowDiscount>1</AllowDiscount><ItemStatus>1</ItemStatus><ItemPrice>11.90</ItemPrice></item><item><PriceUpdateDate>2016-03-01 06:14:44</PriceUpdateDate><ItemCode>7290106578821</ItemCode><ItemType>1</ItemType><ItemName>עוגת הבית שמרים שוקו</ItemName><ManufacturerName>עוגות הבית</ManufacturerName><ManufactureCountry>ישראל</ManufactureCountry><ManufacturerItemDescription>עוגת הבית שמרים שוקו</ManufacturerItemDescription><SoldByWeight/><Quantity>350.00</Quantity><UnitOfMeasure>גרם     </UnitOfMeasure><QtyInPackage>לא ידוע</QtyInPackage><UnitOfMeasurePrice>0.0551</UnitOfMeasurePrice><AllowDiscount>1</AllowDiscount><ItemStatus>1</ItemStatus><ItemPrice>19.30</ItemPrice></item><item><PriceUpdateDate>2015-11-18 14:00:26</PriceUpdateDate><ItemCode>7290106579132</ItemCode><ItemType>1</ItemType><ItemName>פסטה פרפקטו ספרילי ע</ItemName><ManufacturerName>פרפקטו</ManufacturerName><ManufactureCountry>איטליה</ManufactureCountry><ManufacturerItemDescription>רספברי ספרקלטיני 750 מ"ל</ManufacturerItemDescription><SoldByWeight/><Quantity>450.00</Quantity><UnitOfMeasure>גרם     </UnitOfMeasure><QtyInPackage>לא ידוע</QtyInPackage><UnitOfMeasurePrice>0.0224</UnitOfMeasurePrice><AllowDiscount>1</AllowDiscount><ItemStatus>1</ItemStatus><ItemPrice>10.10</ItemPrice></item><item><PriceUpdateDate>2015-11-18 14:00:26</PriceUpdateDate><ItemCode>7290106579156</ItemCode><ItemType>1</ItemType><ItemName>פסטה פרפקטו פארפאלה</ItemName><ManufacturerName>פרפקטו</ManufacturerName><ManufactureCountry>איטליה</ManufactureCountry><ManufacturerItemDescription>ורדי אפרסק      "ל</ManufacturerItemDescription><SoldByWeight/><Quantity>450.00</Quantity><UnitOfMeasure>גרם     </UnitOfMeasure><QtyInPackage>לא ידוע</QtyInPackage><UnitOfMeasurePrice>0.0213</UnitOfMeasurePrice><AllowDiscount>1</AllowDiscount><ItemStatus>1</ItemStatus><ItemPrice>9.60</ItemPrice></item><item><PriceUpdateDate>2015-11-18 14:00:26</PriceUpdateDate><ItemCode>7290106579170</ItemCode><ItemType>1</ItemType><ItemName>אטריות פרפקטו פפאילד</ItemName><ManufacturerName>פרפקטו</ManufacturerName><ManufactureCountry>איטליה</ManufactureCountry><ManufacturerItemDescription>ורדי גרין אפל   7 מ"ל</ManufacturerItemDescription><SoldByWeight/><Quantity>450.00</Quantity><UnitOfMeasure>גרם     </UnitOfMeasure><QtyInPackage>לא ידוע</QtyInPackage><UnitOfMeasurePrice>0.0213</UnitOfMeasurePrice><AllowDiscount>1</AllowDiscount><ItemStatus>1</ItemStatus><ItemPrice>9.60</ItemPrice></item><item><PriceUpdateDate>2016-08-02 07:36:01</PriceUpdateDate><ItemCode>7290106579293</ItemCode><ItemType>1</ItemType><ItemName>סלט סלק רפי כהן 400</ItemName><ManufacturerName>צבר</ManufacturerName><ManufactureCountry>ישראל</ManufactureCountry><ManufacturerItemDescription>סלט סלק רפי כהן 400</ManufacturerItemDescription><SoldByWeight/><Quantity>400.00</Quantity><UnitOfMeasure>גרם     </UnitOfMeasure><QtyInPackage>לא ידוע</QtyInPackage><UnitOfMeasurePrice>0.0413</UnitOfMeasurePrice><AllowDiscount>1</AllowDiscount><ItemStatus>1</ItemStatus><ItemPrice>16.50</ItemPrice></item><item><PriceUpdateDate>2016-06-28 09:29:48</PriceUpdateDate><ItemCode>7290106579316</ItemCode><ItemType>1</ItemType><ItemName>ג'ויה גלידת וניל עוג</ItemName><ManufacturerName>ג'ויה</ManufacturerName><ManufactureCountry>ישראל</ManufactureCountry><ManufacturerItemDescription>גלידה וניל עוגיות 500מל</ManufacturerItemDescription><SoldByWeight/><Quantity>500.00</Quantity><UnitOfMeasure>מ"ל</UnitOfMeasure><QtyInPackage>לא ידוע</QtyInPackage><UnitOfMeasurePrice>0.0478</UnitOfMeasurePrice><AllowDiscount>1</AllowDiscount><ItemStatus>1</ItemStatus><ItemPrice>23.90</ItemPrice></item><item><PriceUpdateDate>2016-06-28 09:29:48</PriceUpdateDate><ItemCode>7290106579330</ItemCode><ItemType>1</ItemType><ItemName>ג'ויה גלידת ריבת חלב</ItemName><ManufacturerName>ג'ויה</ManufacturerName><ManufactureCountry>ישראל</ManufactureCountry><ManufacturerItemDescription>גלידה ריבת חלב 500מל</ManufacturerItemDescription><SoldByWeight/><Quantity>500.00</Quantity><UnitOfMeasure>מ"ל</UnitOfMeasure><QtyInPackage>לא ידוע</QtyInPackage><UnitOfMeasurePrice>0.0478</UnitOfMeasurePrice><AllowDiscount>1</AllowDiscount><ItemStatus>1</ItemStatus><ItemPrice>23.90</ItemPrice></item><item><PriceUpdateDate>2016-05-31 07:03:40</PriceUpdateDate><ItemCode>7290106652484</ItemCode><ItemType>1</ItemType><ItemName>בפלות שוקולד בד"צ 30</ItemName><ManufacturerName>עלית</ManufacturerName><ManufactureCountry>ישראל</ManufactureCountry><ManufacturerItemDescription>בפלות שוקולד קראנץ 300 גר</ManufacturerItemDescription><SoldByWeight/><Quantity>300.00</Quantity><UnitOfMeasure>גרם     </UnitOfMeasure><QtyInPackage>לא ידוע</QtyInPackage><UnitOfMeasurePrice>0.0197</UnitOfMeasurePrice><AllowDiscount>1</AllowDiscount><ItemStatus>1</ItemStatus><ItemPrice>5.90</ItemPrice></item><item><PriceUpdateDate>2016-05-31 07:03:40</PriceUpdateDate><ItemCode>7290106652514</ItemCode><ItemType>1</ItemType><ItemName>בפלות וניל בד"צ 300</ItemName><ManufacturerName>עלית</ManufacturerName><ManufactureCountry>ישראל</ManufactureCountry><ManufacturerItemDescription>בפלות וניל קראנץ 300 גרם</ManufacturerItemDescription><SoldByWeight/><Quantity>300.00</Quantity><UnitOfMeasure>גרם     </UnitOfMeasure><QtyInPackage>לא ידוע</QtyInPackage><UnitOfMeasurePrice>0.0197</UnitOfMeasurePrice><AllowDiscount>1</AllowDiscount><ItemStatus>1</ItemStatus><ItemPrice>5.90</ItemPrice></item><item><PriceUpdateDate>2015-10-01 06:17:38</PriceUpdateDate><ItemCode>7290106654921</ItemCode><ItemType>1</ItemType><ItemName>חטיף תפוצי'פס אקסטרא</ItemName><ManufacturerName>תפוצ'יפס</ManufacturerName><ManufactureCountry>ישראל</ManufactureCountry><ManufacturerItemDescription>חטיף תפוצי'פס אקסטרא</ManufacturerItemDescription><SoldByWeight/><Quantity>50.00</Quantity><UnitOfMeasure>גרם     </UnitOfMeasure><QtyInPackage>לא ידוע</QtyInPackage><UnitOfMeasurePrice>0.0780</UnitOfMeasurePrice><AllowDiscount>1</AllowDiscount><ItemStatus>1</ItemStatus><ItemPrice>3.90</ItemPrice></item><item><PriceUpdateDate>2015-10-01 06:17:38</PriceUpdateDate><ItemCode>7290106654945</ItemCode><ItemType>1</ItemType><ItemName>חטיף תפוצי'פס אקסטרא</ItemName><ManufacturerName>תפוצ'יפס</ManufacturerName><ManufactureCountry>ישראל</ManufactureCountry><ManufacturerItemDescription>חטיף תפוצי'פס אקסטרא</ManufacturerItemDescription><SoldByWeight/><Quantity>50.00</Quantity><UnitOfMeasure>גרם     </UnitOfMeasure><QtyInPackage>לא ידוע</QtyInPackage><UnitOfMeasurePrice>0.0780</UnitOfMeasurePrice><AllowDiscount>1</AllowDiscount><ItemStatus>1</ItemStatus><ItemPrice>3.90</ItemPrice></item><item><PriceUpdateDate>2015-11-18 14:00:26</PriceUpdateDate><ItemCode>7290106655645</ItemCode><ItemType>1</ItemType><ItemName>מארז דנונה שמיניה 0%</ItemName><ManufacturerName>דנונה</ManufacturerName><ManufactureCountry>ישראל</ManufactureCountry><ManufacturerItemDescription>מארז דנונה שמיניה 0%</ManufacturerItemDescription><SoldByWeight/><Quantity>1200.00</Quantity><UnitOfMeasure>מ"ל</UnitOfMeasure><QtyInPackage>לא ידוע</QtyInPackage><UnitOfMeasurePrice>0.0246</UnitOfMeasurePrice><AllowDiscount>1</AllowDiscount><ItemStatus>1</ItemStatus><ItemPrice>29.50</ItemPrice></item><item><PriceUpdateDate>2016-06-28 09:29:49</PriceUpdateDate><ItemCode>7290106657137</ItemCode><ItemType>1</ItemType><ItemName>תפוצי'פס אקסטרא טבעי</ItemName><ManufacturerName>תפוצ'יפס</ManufacturerName><ManufactureCountry>ישראל</ManufactureCountry><ManufacturerItemDescription>תפוצי'פס אקסטרא טבעי</ManufacturerItemDescription><SoldByWeight/><Quantity>200.00</Quantity><UnitOfMeasure>גרם     </UnitOfMeasure><QtyInPackage>לא ידוע</QtyInPackage><UnitOfMeasurePrice>0.0610</UnitOfMeasurePrice><AllowDiscount>1</AllowDiscount><ItemStatus>1</ItemStatus><ItemPrice>12.20</ItemPrice></item><item><PriceUpdateDate>2015-10-26 08:57:46</PriceUpdateDate><ItemCode>7290106660908</ItemCode><ItemType>1</ItemType><ItemName>מקופלת XL לבן 33 גרם</ItemName><ManufacturerName>מקופלת</ManufacturerName><ManufactureCountry>ישראל</ManufactureCountry><ManufacturerItemDescription>חטיף מקופלת לבן XL כשלפ33</ManufacturerItemDescription><SoldByWeight/><Quantity>33.00</Quantity><UnitOfMeasure>גרם     </UnitOfMeasure><QtyInPackage>לא ידוע</QtyInPackage><UnitOfMeasurePrice>0.1515</UnitOfMeasurePrice><AllowDiscount>1</AllowDiscount><ItemStatus>1</ItemStatus><ItemPrice>5.00</ItemPrice></item><item><PriceUpdateDate>2015-10-26 08:57:46</PriceUpdateDate><ItemCode>7290106660915</ItemCode><ItemType>1</ItemType><ItemName>מקופלת XL מריר 33 גר</ItemName><ManufacturerName>מקופלת</ManufacturerName><ManufactureCountry>ישראל</ManufactureCountry><ManufacturerItemDescription>חטיף מקופלת מריר כשלפ 33</ManufacturerItemDescription><SoldByWeight/><Quantity>33.00</Quantity><UnitOfMeasure>גרם     </UnitOfMeasure><QtyInPackage>לא ידוע</QtyInPackage><UnitOfMeasurePrice>0.1515</UnitOfMeasurePrice><AllowDiscount>1</AllowDiscount><ItemStatus>1</ItemStatus><ItemPrice>5.00</ItemPrice></item><item><PriceUpdateDate>2015-10-26 08:57:46</PriceUpdateDate><ItemCode>7290106660960</ItemCode><ItemType>1</ItemType><ItemName>חטיף טעמי קרם עוגיות</ItemName><ManufacturerName>טעמי</ManufacturerName><ManufactureCountry>ישראל</ManufactureCountry><ManufacturerItemDescription>חטיף טעמי בייגלה 42 גרם</ManufacturerItemDescription><SoldByWeight/><Quantity>40.00</Quantity><UnitOfMeasure>גרם     </UnitOfMeasure><QtyInPackage>לא ידוע</QtyInPackage><UnitOfMeasurePrice>0.1250</UnitOfMeasurePrice><AllowDiscount>1</AllowDiscount><ItemStatus>1</ItemStatus><ItemPrice>5.00</ItemPrice></item><item><PriceUpdateDate>2015-12-28 08:53:46</PriceUpdateDate><ItemCode>7290106662605</ItemCode><ItemType>1</ItemType><ItemName>JOY מעדן שוקולד חלב</ItemName><ManufacturerName>מעדן שטראוס</ManufacturerName><ManufactureCountry>ישראל</ManufactureCountry><ManufacturerItemDescription>מעדן גוי דיאט בטעם שוקולד</ManufacturerItemDescription><SoldByWeight/><Quantity>130.00</Quantity><UnitOfMeasure>גרם     </UnitOfMeasure><QtyInPackage>לא ידוע</QtyInPackage><UnitOfMeasurePrice>0.0269</UnitOfMeasurePrice><AllowDiscount>1</AllowDiscount><ItemStatus>1</ItemStatus><ItemPrice>3.50</ItemPrice></item><item><PriceUpdateDate>2015-12-28 08:53:46</PriceUpdateDate><ItemCode>7290106662612</ItemCode><ItemType>1</ItemType><ItemName>JOY מעדן וניל 130 גר</ItemName><ManufacturerName>מעדן שטראוס</ManufacturerName><ManufactureCountry>ישראל</ManufactureCountry><ManufacturerItemDescription>מעדן גוי דיאט בטעם שוקולד</ManufacturerItemDescription><SoldByWeight/><Quantity>130.00</Quantity><UnitOfMeasure>גרם     </UnitOfMeasure><QtyInPackage>לא ידוע</QtyInPackage><UnitOfMeasurePrice>0.0269</UnitOfMeasurePrice><AllowDiscount>1</AllowDiscount><ItemStatus>1</ItemStatus><ItemPrice>3.50</ItemPrice></item><item><PriceUpdateDate>2016-01-14 10:29:53</PriceUpdateDate><ItemCode>7290106662865</ItemCode><ItemType>1</ItemType><ItemName>מסטיק מאסט מנגו חריף</ItemName><ManufacturerName>מאסט</ManufacturerName><ManufactureCountry>ישראל</ManufactureCountry><ManufacturerItemDescription>מסטיק מאסט מנגו חריף</ManufacturerItemDescription><SoldByWeight/><Quantity>28.00</Quantity><UnitOfMeasure>גרם     </UnitOfMeasure><QtyInPackage>לא ידוע</QtyInPackage><UnitOfMeasurePrice>0.1607</UnitOfMeasurePrice><AllowDiscount>1</AllowDiscount><ItemStatus>1</ItemStatus><ItemPrice>4.50</ItemPrice></item><item><PriceUpdateDate>2016-05-01 08:14:01</PriceUpdateDate><ItemCode>7290106663558</ItemCode><ItemType>1</ItemType><ItemName>רוטב טריאקי רימון 28</ItemName><ManufacturerName>יד מרדכי</ManufacturerName><ManufactureCountry>ישראל</ManufactureCountry><ManufacturerItemDescription>רוטב טריאקי רימון 28</ManufacturerItemDescription><SoldByWeight/><Quantity>280.00</Quantity><UnitOfMeasure>מ"ל</UnitOfMeasure><QtyInPackage>לא ידוע</QtyInPackage><UnitOfMeasurePrice>0.0604</UnitOfMeasurePrice><AllowDiscount>1</AllowDiscount><ItemStatus>1</ItemStatus><ItemPrice>16.90</ItemPrice></item><item><PriceUpdateDate>2016-08-10 08:23:27</PriceUpdateDate><ItemCode>7290106663732</ItemCode><ItemType>1</ItemType><ItemName>צ'יטוס טבעות בצל 65</ItemName><ManufacturerName>צ'יטוס</ManufacturerName><ManufactureCountry>ישראל</ManufactureCountry><ManufacturerItemDescription>צ'יטוס טבעות בצל 65</ManufacturerItemDescription><SoldByWeight/><Quantity>65.00</Quantity><UnitOfMeasure>גרם     </UnitOfMeasure><QtyInPackage>לא ידוע</QtyInPackage><UnitOfMeasurePrice>0.0662</UnitOfMeasurePrice><AllowDiscount>1</AllowDiscount><ItemStatus>1</ItemStatus><ItemPrice>4.30</ItemPrice></item><item><PriceUpdateDate>2016-01-12 10:02:05</PriceUpdateDate><ItemCode>7290106664012</ItemCode><ItemType>1</ItemType><ItemName>תפוצ'יפס אקסטרא טבעי</ItemName><ManufacturerName>תפוצ'יפס</ManufacturerName><ManufactureCountry>ישראל</ManufactureCountry><ManufacturerItemDescription>תפוציפס מלוח 50 גר</ManufacturerItemDescription><SoldByWeight/><Quantity>50.00</Quantity><UnitOfMeasure>גרם     </UnitOfMeasure><QtyInPackage>לא ידוע</QtyInPackage><UnitOfMeasurePrice>0.0780</UnitOfMeasurePrice><AllowDiscount>1</AllowDiscount><ItemStatus>1</ItemStatus><ItemPrice>3.90</ItemPrice></item><item><PriceUpdateDate>2016-03-24 12:43:09</PriceUpdateDate><ItemCode>7290106664548</ItemCode><ItemType>1</ItemType><ItemName>רוטב שמנת עם 4 גבינו</ItemName><ManufacturerName>יטבתה</ManufacturerName><ManufactureCountry>ישראל</ManufactureCountry><ManufacturerItemDescription>רוטב שמנת עם 4 גבינות</ManufacturerItemDescription><SoldByWeight/><Quantity>250.00</Quantity><UnitOfMeasure>מ"ל</UnitOfMeasure><QtyInPackage>לא ידוע</QtyInPackage><UnitOfMeasurePrice>0.0476</UnitOfMeasurePrice><AllowDiscount>1</AllowDiscount><ItemStatus>1</ItemStatus><ItemPrice>11.90</ItemPrice></item><item><PriceUpdateDate>2016-03-24 12:43:09</PriceUpdateDate><ItemCode>7290106664562</ItemCode><ItemType>1</ItemType><ItemName>רוטב שמנת עם פטריות</ItemName><ManufacturerName>יטבתה</ManufacturerName><ManufactureCountry>ישראל</ManufactureCountry><ManufacturerItemDescription>רוטב שמנת עם פטריות 250 9</ManufacturerItemDescription><SoldByWeight/><Quantity>250.00</Quantity><UnitOfMeasure>מ"ל</UnitOfMeasure><QtyInPackage>לא ידוע</QtyInPackage><UnitOfMeasurePrice>0.0476</UnitOfMeasurePrice><AllowDiscount>1</AllowDiscount><ItemStatus>1</ItemStatus><ItemPrice>11.90</ItemPrice></item><item><PriceUpdateDate>2015-03-06 08:15:24</PriceUpdateDate><ItemCode>7290106665491</ItemCode><ItemType>1</ItemType><ItemName>חטיף פסק זמן קלאסיק</ItemName><ManufacturerName>עלית</ManufacturerName><ManufactureCountry>ישראל</ManufactureCountry><ManufacturerItemDescription>חטיף פז קלאסיק כשלפ 43 גר</ManufacturerItemDescription><SoldByWeight/><Quantity>43.00</Quantity><UnitOfMeasure>גרם     </UnitOfMeasure><QtyInPackage>לא ידוע</QtyInPackage><UnitOfMeasurePrice>0.1279</UnitOfMeasurePrice><AllowDiscount>1</AllowDiscount><ItemStatus>1</ItemStatus><ItemPrice>5.50</ItemPrice></item><item><PriceUpdateDate>2016-05-23 14:02:42</PriceUpdateDate><ItemCode>7290106665507</ItemCode><ItemType>1</ItemType><ItemName>שקית מיקס מיני טעמי</ItemName><ManufacturerName>עלית</ManufacturerName><ManufactureCountry>ישראל</ManufactureCountry><ManufacturerItemDescription>מיקס טעמי מקופלת כשלפ 175</ManufacturerItemDescription><SoldByWeight/><Quantity>175.00</Quantity><UnitOfMeasure>גרם     </UnitOfMeasure><QtyInPackage>לא ידוע</QtyInPackage><UnitOfMeasurePrice>0.0680</UnitOfMeasurePrice><AllowDiscount>1</AllowDiscount><ItemStatus>1</ItemStatus><ItemPrice>11.90</ItemPrice></item><item><PriceUpdateDate>2016-06-28 09:29:49</PriceUpdateDate><ItemCode>7290106665606</ItemCode><ItemType>1</ItemType><ItemName>תפוצ'יפס אקסטרא שווא</ItemName><ManufacturerName>תפוצ'יפס</ManufacturerName><ManufactureCountry>ישראל</ManufactureCountry><ManufacturerItemDescription>תפוציפס קראנץ בטעם טבעי 2</ManufacturerItemDescription><SoldByWeight/><Quantity>200.00</Quantity><UnitOfMeasure>גרם     </UnitOfMeasure><QtyInPackage>לא ידוע</QtyInPackage><UnitOfMeasurePrice>0.0610</UnitOfMeasurePrice><AllowDiscount>1</AllowDiscount><ItemStatus>1</ItemStatus><ItemPrice>12.20</ItemPrice></item><item><PriceUpdateDate>2016-01-14 10:29:26</PriceUpdateDate><ItemCode>7290106666122</ItemCode><ItemType>1</ItemType><ItemName>פריכיות אנרג'י ביס פ</ItemName><ManufacturerName>עלית</ManufacturerName><ManufactureCountry>ישראל</ManufactureCountry><ManufacturerItemDescription>פריכיות ביס בטעם וניל 25</ManufacturerItemDescription><SoldByWeight/><Quantity>45.00</Quantity><UnitOfMeasure>גרם     </UnitOfMeasure><QtyInPackage>לא ידוע</QtyInPackage><UnitOfMeasurePrice>0.1667</UnitOfMeasurePrice><AllowDiscount>1</AllowDiscount><ItemStatus>1</ItemStatus><ItemPrice>7.50</ItemPrice></item><item><PriceUpdateDate>2016-06-20 09:53:43</PriceUpdateDate><ItemCode>7290106668133</ItemCode><ItemType>1</ItemType><ItemName>שוקולית 400 גרם בשקי</ItemName><ManufacturerName>עלית</ManufacturerName><ManufactureCountry>ישראל</ManufactureCountry><ManufacturerItemDescription>שוקולית 400 גרם בשקי</ManufacturerItemDescription><SoldByWeight/><Quantity>400.00</Quantity><UnitOfMeasure>גרם     </UnitOfMeasure><QtyInPackage>לא ידוע</QtyInPackage><UnitOfMeasurePrice>0.0323</UnitOfMeasurePrice><AllowDiscount>1</AllowDiscount><ItemStatus>1</ItemStatus><ItemPrice>12.90</ItemPrice></item><item><PriceUpdateDate>2016-08-10 08:23:28</PriceUpdateDate><ItemCode>7290106721333</ItemCode><ItemType>1</ItemType><ItemName>חטיף דוריטוס חמוץ מת</ItemName><ManufacturerName>דוריטוס</ManufacturerName><ManufactureCountry>ישראל</ManufactureCountry><ManufacturerItemDescription>דוריטוס חמוץ מתוק 55 גרם</ManufacturerItemDescription><SoldByWeight/><Quantity>55.00</Quantity><UnitOfMeasure>גרם     </UnitOfMeasure><QtyInPackage>לא ידוע</QtyInPackage><UnitOfMeasurePrice>0.0655</UnitOfMeasurePrice><AllowDiscount>1</AllowDiscount><ItemStatus>1</ItemStatus><ItemPrice>3.60</ItemPrice></item><item><PriceUpdateDate>2015-12-03 07:46:28</PriceUpdateDate><ItemCode>7290106721906</ItemCode><ItemType>1</ItemType><ItemName>מסטיק מאסט צנצנת בזו</ItemName><ManufacturerName>מאסט</ManufacturerName><ManufactureCountry>לא ידוע</ManufactureCountry><ManufacturerItemDescription>מסטיק מאסט צנצנת בזו</ManufacturerItemDescription><SoldByWeight/><Quantity>66.00</Quantity><UnitOfMeasure>גרם     </UnitOfMeasure><QtyInPackage>לא ידוע</QtyInPackage><UnitOfMeasurePrice>0.1500</UnitOfMeasurePrice><AllowDiscount>1</AllowDiscount><ItemStatus>1</ItemStatus><ItemPrice>9.90</ItemPrice></item><item><PriceUpdateDate>2015-10-26 08:57:46</PriceUpdateDate><ItemCode>7290106724778</ItemCode><ItemType>1</ItemType><ItemName>חטיף טעמי קרם עוגיות</ItemName><ManufacturerName>טעמי</ManufacturerName><ManufactureCountry>ישראל</ManufactureCountry><ManufacturerItemDescription>חטיף טעמי בייגלה 42 גרם</ManufacturerItemDescription><SoldByWeight/><Quantity>40.00</Quantity><UnitOfMeasure>גרם     </UnitOfMeasure><QtyInPackage>לא ידוע</QtyInPackage><UnitOfMeasurePrice>0.1250</UnitOfMeasurePrice><AllowDiscount>1</AllowDiscount><ItemStatus>1</ItemStatus><ItemPrice>5.00</ItemPrice></item><item><PriceUpdateDate>2016-02-23 12:07:36</PriceUpdateDate><ItemCode>7290106724945</ItemCode><ItemType>1</ItemType><ItemName>עוגיות חיוכים שוקו ו</ItemName><ManufacturerName>עלית</ManufacturerName><ManufactureCountry>ישראל</ManufactureCountry><ManufacturerItemDescription>עוגיות חיוכים שוקו וניל 1</ManufacturerItemDescription><SoldByWeight/><Quantity>70.00</Quantity><UnitOfMeasure>גרם     </UnitOfMeasure><QtyInPackage>לא ידוע</QtyInPackage><UnitOfMeasurePrice>0.0414</UnitOfMeasurePrice><AllowDiscount>1</AllowDiscount><ItemStatus>1</ItemStatus><ItemPrice>2.90</ItemPrice></item><item><PriceUpdateDate>2016-03-21 10:07:17</PriceUpdateDate><ItemCode>7290106725126</ItemCode><ItemType>1</ItemType><ItemName>בונבוניירת ספלנדיד פ</ItemName><ManufacturerName>לא ממותג</ManufacturerName><ManufactureCountry>לא ידוע</ManufactureCountry><ManufacturerItemDescription>בונבוניירת ספלנדיד פ</ManufacturerItemDescription><SoldByWeight/><Quantity>243.00</Quantity><UnitOfMeasure>גרם     </UnitOfMeasure><QtyInPackage>לא ידוע</QtyInPackage><UnitOfMeasurePrice>0.1642</UnitOfMeasurePrice><AllowDiscount>1</AllowDiscount><ItemStatus>1</ItemStatus><ItemPrice>39.90</ItemPrice></item><item><PriceUpdateDate>2015-12-03 07:46:41</PriceUpdateDate><ItemCode>7290106725430</ItemCode><ItemType>1</ItemType><ItemName>מסטיק מאסט צנצנת קוב</ItemName><ManufacturerName>מאסט</ManufacturerName><ManufactureCountry>לא ידוע</ManufactureCountry><ManufacturerItemDescription>מסטיק מאסט צנצנת קוב</ManufacturerItemDescription><SoldByWeight/><Quantity>66.00</Quantity><UnitOfMeasure>גרם     </UnitOfMeasure><QtyInPackage>לא ידוע</QtyInPackage><UnitOfMeasurePrice>0.1803</UnitOfMeasurePrice><AllowDiscount>1</AllowDiscount><ItemStatus>1</ItemStatus><ItemPrice>11.90</ItemPrice></item><item><PriceUpdateDate>2016-05-01 08:14:01</PriceUpdateDate><ItemCode>7290106725522</ItemCode><ItemType>1</ItemType><ItemName>רוטב שזיף רימון 280</ItemName><ManufacturerName>יד מרדכי</ManufacturerName><ManufactureCountry>ישראל</ManufactureCountry><ManufacturerItemDescription>רוטב שזיף רימון 280</ManufacturerItemDescription><SoldByWeight/><Quantity>280.00</Quantity><UnitOfMeasure>מ"ל</UnitOfMeasure><QtyInPackage>לא ידוע</QtyInPackage><UnitOfMeasurePrice>0.0604</UnitOfMeasurePrice><AllowDiscount>1</AllowDiscount><ItemStatus>1</ItemStatus><ItemPrice>16.90</ItemPrice></item><item><PriceUpdateDate>2015-12-28 08:53:46</PriceUpdateDate><ItemCode>7290106726161</ItemCode><ItemType>1</ItemType><ItemName>דנונה פרו אפרסק 2.4%</ItemName><ManufacturerName>דנונה</ManufacturerName><ManufactureCountry>ישראל</ManufactureCountry><ManufacturerItemDescription>דנונה פרי בתחתית תות 145</ManufacturerItemDescription><SoldByWeight/><Quantity>150.00</Quantity><UnitOfMeasure>גרם     </UnitOfMeasure><QtyInPackage>לא ידוע</QtyInPackage><UnitOfMeasurePrice>0.0333</UnitOfMeasurePrice><AllowDiscount>1</AllowDiscount><ItemStatus>1</ItemStatus><ItemPrice>5.00</ItemPrice></item><item><PriceUpdateDate>2015-12-28 08:53:46</PriceUpdateDate><ItemCode>7290106726178</ItemCode><ItemType>1</ItemType><ItemName>דנונה פרו פירות יער</ItemName><ManufacturerName>דנונה</ManufacturerName><ManufactureCountry>ישראל</ManufactureCountry><ManufacturerItemDescription>דנונה פרי בתחתית תות 145</ManufacturerItemDescription><SoldByWeight/><Quantity>150.00</Quantity><UnitOfMeasure>גרם     </UnitOfMeasure><QtyInPackage>לא ידוע</QtyInPackage><UnitOfMeasurePrice>0.0333</UnitOfMeasurePrice><AllowDiscount>1</AllowDiscount><ItemStatus>1</ItemStatus><ItemPrice>5.00</ItemPrice></item><item><PriceUpdateDate>2016-03-17 09:37:10</PriceUpdateDate><ItemCode>7290106726796</ItemCode><ItemType>1</ItemType><ItemName>דנונה בר עדשים 180 ג</ItemName><ManufacturerName>דנונה</ManufacturerName><ManufactureCountry>ישראל</ManufactureCountry><ManufacturerItemDescription>דנונהבר תות קורנפלקס מצופ</ManufacturerItemDescription><SoldByWeight/><Quantity>180.00</Quantity><UnitOfMeasure>גרם     </UnitOfMeasure><QtyInPackage>לא ידוע</QtyInPackage><UnitOfMeasurePrice>0.0250</UnitOfMeasurePrice><AllowDiscount>1</AllowDiscount><ItemStatus>1</ItemStatus><ItemPrice>4.50</ItemPrice></item><item><PriceUpdateDate>2015-12-28 08:53:46</PriceUpdateDate><ItemCode>7290106727045</ItemCode><ItemType>1</ItemType><ItemName>דנונה פרו אננס 2.4%</ItemName><ManufacturerName>דנונה</ManufacturerName><ManufactureCountry>ישראל</ManufactureCountry><ManufacturerItemDescription>דנונה פרי בתחתית תות 145</ManufacturerItemDescription><SoldByWeight/><Quantity>150.00</Quantity><UnitOfMeasure>גרם     </UnitOfMeasure><QtyInPackage>לא ידוע</QtyInPackage><UnitOfMeasurePrice>0.0333</UnitOfMeasurePrice><AllowDiscount>1</AllowDiscount><ItemStatus>1</ItemStatus><ItemPrice>5.00</ItemPrice></item><item><PriceUpdateDate>2015-12-28 08:53:46</PriceUpdateDate><ItemCode>7290106728127</ItemCode><ItemType>1</ItemType><ItemName>חלב טבעי 3.6% בבקבוק</ItemName><ManufacturerName>יטבתה</ManufacturerName><ManufactureCountry>ישראל</ManufactureCountry><ManufacturerItemDescription>חלב 3% יטבתה עשיר בסידן 1</ManufacturerItemDescription><SoldByWeight/><Quantity>1000.00</Quantity><UnitOfMeasure>מ"ל</UnitOfMeasure><QtyInPackage>לא ידוע</QtyInPackage><UnitOfMeasurePrice>0.0079</UnitOfMeasurePrice><AllowDiscount>1</AllowDiscount><ItemStatus>1</ItemStatus><ItemPrice>7.90</ItemPrice></item><item><PriceUpdateDate>2016-02-03 10:58:04</PriceUpdateDate><ItemCode>7290106728301</ItemCode><ItemType>1</ItemType><ItemName>מעדן דני בננה 125 גר</ItemName><ManufacturerName>דני</ManufacturerName><ManufactureCountry>ישראל</ManufactureCountry><ManufacturerItemDescription>דני וניל125 גר</ManufacturerItemDescription><SoldByWeight/><Quantity>125.00</Quantity><UnitOfMeasure>גרם     </UnitOfMeasure><QtyInPackage>לא ידוע</QtyInPackage><UnitOfMeasurePrice>0.0216</UnitOfMeasurePrice><AllowDiscount>1</AllowDiscount><ItemStatus>1</ItemStatus><ItemPrice>2.70</ItemPrice></item><item><PriceUpdateDate>2016-08-02 07:36:02</PriceUpdateDate><ItemCode>7290106728400</ItemCode><ItemType>1</ItemType><ItemName>חומוס עם בצל מטוגן ו</ItemName><ManufacturerName>אחלה</ManufacturerName><ManufactureCountry>ישראל</ManufactureCountry><ManufacturerItemDescription>סלט חומוס וצנובר 400 גרם</ManufacturerItemDescription><SoldByWeight/><Quantity>400.00</Quantity><UnitOfMeasure>גרם     </UnitOfMeasure><QtyInPackage>לא ידוע</QtyInPackage><UnitOfMeasurePrice>0.0298</UnitOfMeasurePrice><AllowDiscount>0</AllowDiscount><ItemStatus>1</ItemStatus><ItemPrice>11.90</ItemPrice></item><item><PriceUpdateDate>2016-02-03 10:58:04</PriceUpdateDate><ItemCode>7290106728721</ItemCode><ItemType>1</ItemType><ItemName>מעדן מילקי שוקולד אג</ItemName><ManufacturerName>מילקי</ManufacturerName><ManufactureCountry>ישראל</ManufactureCountry><ManufacturerItemDescription>מילקי שוקו170 גר</ManufacturerItemDescription><SoldByWeight/><Quantity>170.00</Quantity><UnitOfMeasure>מ"ל</UnitOfMeasure><QtyInPackage>לא ידוע</QtyInPackage><UnitOfMeasurePrice>0.0165</UnitOfMeasurePrice><AllowDiscount>1</AllowDiscount><ItemStatus>1</ItemStatus><ItemPrice>2.80</ItemPrice></item><item><PriceUpdateDate>2016-07-01 09:12:57</PriceUpdateDate><ItemCode>7290106729711</ItemCode><ItemType>1</ItemType><ItemName>חומוס אחלה 9% ללא חו</ItemName><ManufacturerName>אחלה</ManufacturerName><ManufactureCountry>ישראל</ManufactureCountry><ManufacturerItemDescription>חומוס אחלה 250 גר</ManufacturerItemDescription><SoldByWeight/><Quantity>400.00</Quantity><UnitOfMeasure>גרם     </UnitOfMeasure><QtyInPackage>לא ידוע</QtyInPackage><UnitOfMeasurePrice>0.0348</UnitOfMeasurePrice><AllowDiscount>1</AllowDiscount><ItemStatus>1</ItemStatus><ItemPrice>13.90</ItemPrice></item><item><PriceUpdateDate>2016-07-01 09:12:57</PriceUpdateDate><ItemCode>7290106729728</ItemCode><ItemType>1</ItemType><ItemName>חומוס אחלה עשיר ללא</ItemName><ManufacturerName>אחלה</ManufacturerName><ManufactureCountry>ישראל</ManufactureCountry><ManufacturerItemDescription>חומוס אחלה 250 גר</ManufacturerItemDescription><SoldByWeight/><Quantity>400.00</Quantity><UnitOfMeasure>גרם     </UnitOfMeasure><QtyInPackage>לא ידוע</QtyInPackage><UnitOfMeasurePrice>0.0348</UnitOfMeasurePrice><AllowDiscount>1</AllowDiscount><ItemStatus>1</ItemStatus><ItemPrice>13.90</ItemPrice></item><item><PriceUpdateDate>2016-06-28 09:29:50</PriceUpdateDate><ItemCode>7290107280662</ItemCode><ItemType>1</ItemType><ItemName>אבקת כביסה מקסימה בי</ItemName><ManufacturerName>סנו מקסימה</ManufacturerName><ManufactureCountry>ישראל</ManufactureCountry><ManufacturerItemDescription>אבקת כביסה מקסימה בי</ManufacturerItemDescription><SoldByWeight/><Quantity>1250.00</Quantity><UnitOfMeasure>גרם     </UnitOfMeasure><QtyInPackage>לא ידוע</QtyInPackage><UnitOfMeasurePrice>0.0135</UnitOfMeasurePrice><AllowDiscount>1</AllowDiscount><ItemStatus>1</ItemStatus><ItemPrice>16.90</ItemPrice></item><item><PriceUpdateDate>2016-06-28 09:29:50</PriceUpdateDate><ItemCode>7290107280747</ItemCode><ItemType>1</ItemType><ItemName>נוזל כלים סנו ספארק</ItemName><ManufacturerName>ספארק</ManufacturerName><ManufactureCountry>ישראל</ManufactureCountry><ManufacturerItemDescription>נוזל כלים סנו ספארק</ManufacturerItemDescription><SoldByWeight/><Quantity>700.00</Quantity><UnitOfMeasure>מ"ל</UnitOfMeasure><QtyInPackage>לא ידוע</QtyInPackage><UnitOfMeasurePrice>0.0121</UnitOfMeasurePrice><AllowDiscount>1</AllowDiscount><ItemStatus>1</ItemStatus><ItemPrice>8.50</ItemPrice></item><item><PriceUpdateDate>2016-06-28 09:29:50</PriceUpdateDate><ItemCode>7290107280754</ItemCode><ItemType>1</ItemType><ItemName>נוזל כלים סנו ספארק</ItemName><ManufacturerName>ספארק</ManufacturerName><ManufactureCountry>ישראל</ManufactureCountry><ManufacturerItemDescription>נוזל כלים סנו ספארק</ManufacturerItemDescription><SoldByWeight/><Quantity>700.00</Quantity><UnitOfMeasure>מ"ל</UnitOfMeasure><QtyInPackage>לא ידוע</QtyInPackage><UnitOfMeasurePrice>0.0121</UnitOfMeasurePrice><AllowDiscount>1</AllowDiscount><ItemStatus>1</ItemStatus><ItemPrice>8.50</ItemPrice></item><item><PriceUpdateDate>2016-06-30 06:41:14</PriceUpdateDate><ItemCode>7290107280815</ItemCode><ItemType>1</ItemType><ItemName>מב סנו ק 301 ספריי 3</ItemName><ManufacturerName>K-301</ManufacturerName><ManufactureCountry>ישראל</ManufactureCountry><ManufacturerItemDescription>מב סנו ק 301 ספריי 3</ManufacturerItemDescription><SoldByWeight/><Quantity>300.00</Quantity><UnitOfMeasure>מ"ל</UnitOfMeasure><QtyInPackage>לא ידוע</QtyInPackage><UnitOfMeasurePrice>0.0363</UnitOfMeasurePrice><AllowDiscount>1</AllowDiscount><ItemStatus>1</ItemStatus><ItemPrice>10.90</ItemPrice></item><item><PriceUpdateDate>2016-06-28 09:31:40</PriceUpdateDate><ItemCode>7290107640749</ItemCode><ItemType>1</ItemType><ItemName>מב קוקומן חום לבן 75</ItemName><ManufacturerName>קוקומן</ManufacturerName><ManufactureCountry>ישראל</ManufactureCountry><ManufacturerItemDescription>מב קוקומן חום לבן 75</ManufacturerItemDescription><SoldByWeight/><Quantity>750.00</Quantity><UnitOfMeasure>גרם     </UnitOfMeasure><QtyInPackage>לא ידוע</QtyInPackage><UnitOfMeasurePrice>0.0265</UnitOfMeasurePrice><AllowDiscount>1</AllowDiscount><ItemStatus>1</ItemStatus><ItemPrice>19.90</ItemPrice></item><item><PriceUpdateDate>2016-05-31 07:03:42</PriceUpdateDate><ItemCode>7290107641012</ItemCode><ItemType>1</ItemType><ItemName>נשנושי ברנפלקס שקדים</ItemName><ManufacturerName>ברנפלקס - תלמה</ManufacturerName><ManufactureCountry>לא ידוע</ManufactureCountry><ManufacturerItemDescription>נשנושי ברנפלקס שקדים</ManufacturerItemDescription><SoldByWeight/><Quantity>375.00</Quantity><UnitOfMeasure>גרם     </UnitOfMeasure><QtyInPackage>לא ידוע</QtyInPackage><UnitOfMeasurePrice>0.0531</UnitOfMeasurePrice><AllowDiscount>1</AllowDiscount><ItemStatus>1</ItemStatus><ItemPrice>19.90</ItemPrice></item><item><PriceUpdateDate>2016-05-01 08:14:02</PriceUpdateDate><ItemCode>7290107641845</ItemCode><ItemType>1</ItemType><ItemName>פניני נסיכות - פניני</ItemName><ManufacturerName>תלמה</ManufacturerName><ManufactureCountry>ישראל</ManufactureCountry><ManufacturerItemDescription>שוגי פלקס500 גר.בדץ</ManufacturerItemDescription><SoldByWeight/><Quantity>300.00</Quantity><UnitOfMeasure>גרם     </UnitOfMeasure><QtyInPackage>לא ידוע</QtyInPackage><UnitOfMeasurePrice>0.0797</UnitOfMeasurePrice><AllowDiscount>1</AllowDiscount><ItemStatus>1</ItemStatus><ItemPrice>23.90</ItemPrice></item><item><PriceUpdateDate>2016-03-29 07:06:31</PriceUpdateDate><ItemCode>7290107641906</ItemCode><ItemType>1</ItemType><ItemName>פינוק לגבר 3 ב 1 700</ItemName><ManufacturerName>פינוק</ManufacturerName><ManufactureCountry>ישראל</ManufactureCountry><ManufacturerItemDescription>פינוק לגבר 3 ב 1 700</ManufacturerItemDescription><SoldByWeight/><Quantity>700.00</Quantity><UnitOfMeasure>מ"ל</UnitOfMeasure><QtyInPackage>לא ידוע</QtyInPackage><UnitOfMeasurePrice>0.0184</UnitOfMeasurePrice><AllowDiscount>1</AllowDiscount><ItemStatus>1</ItemStatus><ItemPrice>12.90</ItemPrice></item><item><PriceUpdateDate>2016-06-28 09:29:51</PriceUpdateDate><ItemCode>7290107643306</ItemCode><ItemType>1</ItemType><ItemName>כריות דגנים בטעם קפה</ItemName><ManufacturerName>כריות</ManufacturerName><ManufactureCountry>ישראל</ManufactureCountry><ManufacturerItemDescription>כריות וניל עוגיות 750 גרם</ManufacturerItemDescription><SoldByWeight/><Quantity>750.00</Quantity><UnitOfMeasure>גרם     </UnitOfMeasure><QtyInPackage>לא ידוע</QtyInPackage><UnitOfMeasurePrice>0.0380</UnitOfMeasurePrice><AllowDiscount>1</AllowDiscount><ItemStatus>1</ItemStatus><ItemPrice>28.50</ItemPrice></item><item><PriceUpdateDate>2016-05-10 10:32:50</PriceUpdateDate><ItemCode>7290107643764</ItemCode><ItemType>1</ItemType><ItemName>שמפו פינוק שמני הזנה</ItemName><ManufacturerName>פינוק</ManufacturerName><ManufactureCountry>ישראל</ManufactureCountry><ManufacturerItemDescription>שמפו פינוק שמני הזנה</ManufacturerItemDescription><SoldByWeight/><Quantity>700.00</Quantity><UnitOfMeasure>מ"ל</UnitOfMeasure><QtyInPackage>לא ידוע</QtyInPackage><UnitOfMeasurePrice>0.0184</UnitOfMeasurePrice><AllowDiscount>1</AllowDiscount><ItemStatus>1</ItemStatus><ItemPrice>12.90</ItemPrice></item><item><PriceUpdateDate>2016-05-10 10:32:50</PriceUpdateDate><ItemCode>7290107643771</ItemCode><ItemType>1</ItemType><ItemName>מרכך פינוק שמני הזנה</ItemName><ManufacturerName>פינוק</ManufacturerName><ManufactureCountry>ישראל</ManufactureCountry><ManufacturerItemDescription>מרכך פינוק שמני הזנה</ManufacturerItemDescription><SoldByWeight/><Quantity>700.00</Quantity><UnitOfMeasure>מ"ל</UnitOfMeasure><QtyInPackage>לא ידוע</QtyInPackage><UnitOfMeasurePrice>0.0184</UnitOfMeasurePrice><AllowDiscount>1</AllowDiscount><ItemStatus>1</ItemStatus><ItemPrice>12.90</ItemPrice></item><item><PriceUpdateDate>2016-08-02 07:51:20</PriceUpdateDate><ItemCode>7290107870429</ItemCode><ItemType>1</ItemType><ItemName>מב רוטב בסיס לבישול</ItemName><ManufacturerName>לא ממותג</ManufacturerName><ManufactureCountry>ישראל</ManufactureCountry><ManufacturerItemDescription>רוטב בסיס לבישול 580 מל</ManufacturerItemDescription><SoldByWeight/><Quantity>580.00</Quantity><UnitOfMeasure>גרם     </UnitOfMeasure><QtyInPackage>לא ידוע</QtyInPackage><UnitOfMeasurePrice>0.0274</UnitOfMeasurePrice><AllowDiscount>1</AllowDiscount><ItemStatus>1</ItemStatus><ItemPrice>15.90</ItemPrice></item><item><PriceUpdateDate>2016-05-01 08:14:02</PriceUpdateDate><ItemCode>7290107870443</ItemCode><ItemType>1</ItemType><ItemName>מאגדת לייט יוגורט בצ</ItemName><ManufacturerName>גלידות נסטלה</ManufacturerName><ManufactureCountry>ישראל</ManufactureCountry><ManufacturerItemDescription>מאגדת לייט יוגורט בציפוי</ManufacturerItemDescription><SoldByWeight/><Quantity>258.00</Quantity><UnitOfMeasure>גרם     </UnitOfMeasure><QtyInPackage>לא ידוע</QtyInPackage><UnitOfMeasurePrice>0.0965</UnitOfMeasurePrice><AllowDiscount>1</AllowDiscount><ItemStatus>1</ItemStatus><ItemPrice>24.90</ItemPrice></item><item><PriceUpdateDate>2015-02-26 08:27:29</PriceUpdateDate><ItemCode>7290107871808</ItemCode><ItemType>1</ItemType><ItemName>חטיפי קרקר 170 גרם כ</ItemName><ManufacturerName>לא ממותג</ManufacturerName><ManufactureCountry>ישראל</ManufactureCountry><ManufacturerItemDescription>חטיפי קרקר 170 גרם כ</ManufacturerItemDescription><SoldByWeight/><Quantity>170.00</Quantity><UnitOfMeasure>גרם     </UnitOfMeasure><QtyInPackage>לא ידוע</QtyInPackage><UnitOfMeasurePrice>0.0506</UnitOfMeasurePrice><AllowDiscount>1</AllowDiscount><ItemStatus>1</ItemStatus><ItemPrice>8.60</ItemPrice></item><item><PriceUpdateDate>2016-03-01 06:14:48</PriceUpdateDate><ItemCode>7290107872164</ItemCode><ItemType>1</ItemType><ItemName>רוטב עגבניות לקציצות</ItemName><ManufacturerName>אסם</ManufacturerName><ManufactureCountry>ישראל</ManufactureCountry><ManufacturerItemDescription>רוטב עגבניות לקציצות</ManufacturerItemDescription><SoldByWeight/><Quantity>420.00</Quantity><UnitOfMeasure>גרם     </UnitOfMeasure><QtyInPackage>לא ידוע</QtyInPackage><UnitOfMeasurePrice>0.0338</UnitOfMeasurePrice><AllowDiscount>1</AllowDiscount><ItemStatus>1</ItemStatus><ItemPrice>14.20</ItemPrice></item><item><PriceUpdateDate>2016-08-02 07:36:02</PriceUpdateDate><ItemCode>7290107872744</ItemCode><ItemType>1</ItemType><ItemName>מאגדת מיניונים 4 יחי</ItemName><ManufacturerName>גלידות נסטלה</ManufacturerName><ManufactureCountry>ישראל</ManufactureCountry><ManufacturerItemDescription>מאגדת הלו קיטי</ManufacturerItemDescription><SoldByWeight/><Quantity>320.00</Quantity><UnitOfMeasure>גרם     </UnitOfMeasure><QtyInPackage>לא ידוע</QtyInPackage><UnitOfMeasurePrice>0.0872</UnitOfMeasurePrice><AllowDiscount>1</AllowDiscount><ItemStatus>1</ItemStatus><ItemPrice>27.90</ItemPrice></item><item><PriceUpdateDate>2016-03-18 09:09:05</PriceUpdateDate><ItemCode>7290107872805</ItemCode><ItemType>1</ItemType><ItemName>רוטב עגבניות לפסטה כ</ItemName><ManufacturerName>אסם</ManufacturerName><ManufactureCountry>ישראל</ManufactureCountry><ManufacturerItemDescription>רוטב עגבניות לפסטה כ</ManufacturerItemDescription><SoldByWeight/><Quantity>420.00</Quantity><UnitOfMeasure>גרם     </UnitOfMeasure><QtyInPackage>לא ידוע</QtyInPackage><UnitOfMeasurePrice>0.0338</UnitOfMeasurePrice><AllowDiscount>1</AllowDiscount><ItemStatus>1</ItemStatus><ItemPrice>14.20</ItemPrice></item><item><PriceUpdateDate>2016-03-17 09:37:10</PriceUpdateDate><ItemCode>7290107873062</ItemCode><ItemType>1</ItemType><ItemName>פתי בר שוקולד מריר 5</ItemName><ManufacturerName>אסם</ManufacturerName><ManufactureCountry>ישראל</ManufactureCountry><ManufacturerItemDescription>אסם פתי בר בטעם שוקולד מר</ManufacturerItemDescription><SoldByWeight/><Quantity>500.00</Quantity><UnitOfMeasure>גרם     </UnitOfMeasure><QtyInPackage>לא ידוע</QtyInPackage><UnitOfMeasurePrice>0.0218</UnitOfMeasurePrice><AllowDiscount>1</AllowDiscount><ItemStatus>1</ItemStatus><ItemPrice>10.90</ItemPrice></item><item><PriceUpdateDate>2016-08-02 07:51:20</PriceUpdateDate><ItemCode>7290107873222</ItemCode><ItemType>1</ItemType><ItemName>מב סלט צבר חומוס עם</ItemName><ManufacturerName>צבר</ManufacturerName><ManufactureCountry>ישראל</ManufactureCountry><ManufacturerItemDescription>חומוס עם חריף 400 גרם</ManufacturerItemDescription><SoldByWeight/><Quantity>400.00</Quantity><UnitOfMeasure>גרם     </UnitOfMeasure><QtyInPackage>לא ידוע</QtyInPackage><UnitOfMeasurePrice>0.0298</UnitOfMeasurePrice><AllowDiscount>1</AllowDiscount><ItemStatus>1</ItemStatus><ItemPrice>11.90</ItemPrice></item><item><PriceUpdateDate>2016-03-17 09:37:11</PriceUpdateDate><ItemCode>7290107873239</ItemCode><ItemType>1</ItemType><ItemName>פתי בר קרמל 500 גרם</ItemName><ManufacturerName>פתי בר אסם</ManufacturerName><ManufactureCountry>ישראל</ManufactureCountry><ManufacturerItemDescription>אסם פתי בר קרמל</ManufacturerItemDescription><SoldByWeight/><Quantity>500.00</Quantity><UnitOfMeasure>גרם     </UnitOfMeasure><QtyInPackage>לא ידוע</QtyInPackage><UnitOfMeasurePrice>0.0218</UnitOfMeasurePrice><AllowDiscount>1</AllowDiscount><ItemStatus>1</ItemStatus><ItemPrice>10.90</ItemPrice></item><item><PriceUpdateDate>2016-03-17 09:37:11</PriceUpdateDate><ItemCode>7290107873970</ItemCode><ItemType>1</ItemType><ItemName>חטיף ביסלי ברביקיו 5</ItemName><ManufacturerName>ביסלי</ManufacturerName><ManufactureCountry>ישראל</ManufactureCountry><ManufacturerItemDescription>ביסלי ברביקיו כשלפ 55 גרם</ManufacturerItemDescription><SoldByWeight/><Quantity>55.00</Quantity><UnitOfMeasure>גרם     </UnitOfMeasure><QtyInPackage>לא ידוע</QtyInPackage><UnitOfMeasurePrice>0.0709</UnitOfMeasurePrice><AllowDiscount>1</AllowDiscount><ItemStatus>1</ItemStatus><ItemPrice>3.90</ItemPrice></item><item><PriceUpdateDate>2016-03-17 09:37:11</PriceUpdateDate><ItemCode>7290107874038</ItemCode><ItemType>1</ItemType><ItemName>חטיף ביסלי גריל 55 ג</ItemName><ManufacturerName>ביסלי</ManufacturerName><ManufactureCountry>ישראל</ManufactureCountry><ManufacturerItemDescription>ביסלי גריל כשלפ 55 גרם</ManufacturerItemDescription><SoldByWeight/><Quantity>55.00</Quantity><UnitOfMeasure>גרם     </UnitOfMeasure><QtyInPackage>לא ידוע</QtyInPackage><UnitOfMeasurePrice>0.0709</UnitOfMeasurePrice><AllowDiscount>1</AllowDiscount><ItemStatus>1</ItemStatus><ItemPrice>3.90</ItemPrice></item><item><PriceUpdateDate>2016-03-17 09:37:11</PriceUpdateDate><ItemCode>7290107874106</ItemCode><ItemType>1</ItemType><ItemName>חטיף ביסלי בצל 55 גר</ItemName><ManufacturerName>ביסלי</ManufacturerName><ManufactureCountry>ישראל</ManufactureCountry><ManufacturerItemDescription>ביסלי בצל  כשלפ 55 גרם</ManufacturerItemDescription><SoldByWeight/><Quantity>55.00</Quantity><UnitOfMeasure>גרם     </UnitOfMeasure><QtyInPackage>לא ידוע</QtyInPackage><UnitOfMeasurePrice>0.0709</UnitOfMeasurePrice><AllowDiscount>1</AllowDiscount><ItemStatus>1</ItemStatus><ItemPrice>3.90</ItemPrice></item><item><PriceUpdateDate>2016-03-29 07:06:34</PriceUpdateDate><ItemCode>7290107874502</ItemCode><ItemType>1</ItemType><ItemName>מארז ביסלי גריל 4*55</ItemName><ManufacturerName>ביסלי</ManufacturerName><ManufactureCountry>לא ידוע</ManufactureCountry><ManufacturerItemDescription>מארז ביסלי גריל 4*55</ManufacturerItemDescription><SoldByWeight/><Quantity>220.00</Quantity><UnitOfMeasure>גרם     </UnitOfMeasure><QtyInPackage>לא ידוע</QtyInPackage><UnitOfMeasurePrice>0.0645</UnitOfMeasurePrice><AllowDiscount>1</AllowDiscount><ItemStatus>1</ItemStatus><ItemPrice>14.20</ItemPrice></item><item><PriceUpdateDate>2016-05-31 07:03:44</PriceUpdateDate><ItemCode>7290107875400</ItemCode><ItemType>1</ItemType><ItemName>גלידת לה קרמריה פיסט</ItemName><ManufacturerName>גלידות נסטלה</ManufacturerName><ManufactureCountry>ישראל</ManufactureCountry><ManufacturerItemDescription>לה קרמריה מוקה פיסטוק</ManufacturerItemDescription><SoldByWeight/><Quantity>1.00</Quantity><UnitOfMeasure>קג</UnitOfMeasure><QtyInPackage>לא ידוע</QtyInPackage><UnitOfMeasurePrice>17.9000</UnitOfMeasurePrice><AllowDiscount>1</AllowDiscount><ItemStatus>1</ItemStatus><ItemPrice>17.90</ItemPrice></item><item><PriceUpdateDate>2016-05-31 07:03:44</PriceUpdateDate><ItemCode>7290107875493</ItemCode><ItemType>1</ItemType><ItemName>תרכיז ויטמינציק מהדו</ItemName><ManufacturerName>ויטמינצק</ManufacturerName><ManufactureCountry>ישראל</ManufactureCountry><ManufacturerItemDescription>תרכיז ויטמינציק מהדו</ManufacturerItemDescription><SoldByWeight/><Quantity>1000.00</Quantity><UnitOfMeasure>מ"ל</UnitOfMeasure><QtyInPackage>לא ידוע</QtyInPackage><UnitOfMeasurePrice>0.0119</UnitOfMeasurePrice><AllowDiscount>1</AllowDiscount><ItemStatus>1</ItemStatus><ItemPrice>11.90</ItemPrice></item><item><PriceUpdateDate>2016-05-31 07:03:44</PriceUpdateDate><ItemCode>7290107875516</ItemCode><ItemType>1</ItemType><ItemName>תרכיז ויטמינציק מהדו</ItemName><ManufacturerName>ויטמינצק</ManufacturerName><ManufactureCountry>ישראל</ManufactureCountry><ManufacturerItemDescription>תרכיז ויטמינציק מהדו</ManufacturerItemDescription><SoldByWeight/><Quantity>1000.00</Quantity><UnitOfMeasure>מ"ל</UnitOfMeasure><QtyInPackage>לא ידוע</QtyInPackage><UnitOfMeasurePrice>0.0119</UnitOfMeasurePrice><AllowDiscount>1</AllowDiscount><ItemStatus>1</ItemStatus><ItemPrice>11.90</ItemPrice></item><item><PriceUpdateDate>2016-08-02 07:36:03</PriceUpdateDate><ItemCode>7290107875820</ItemCode><ItemType>1</ItemType><ItemName>קרוטונים אפויים בתיב</ItemName><ManufacturerName>אסם</ManufacturerName><ManufactureCountry>לא ידוע</ManufactureCountry><ManufacturerItemDescription>קרוטונים אפויים בתיב</ManufacturerItemDescription><SoldByWeight/><Quantity>180.00</Quantity><UnitOfMeasure>גרם     </UnitOfMeasure><QtyInPackage>לא ידוע</QtyInPackage><UnitOfMeasurePrice>0.0806</UnitOfMeasurePrice><AllowDiscount>1</AllowDiscount><ItemStatus>1</ItemStatus><ItemPrice>14.50</ItemPrice></item><item><PriceUpdateDate>2016-07-13 10:37:19</PriceUpdateDate><ItemCode>7290107876674</ItemCode><ItemType>1</ItemType><ItemName>במבה  עגולה 80 גרם</ItemName><ManufacturerName>במבה</ManufacturerName><ManufactureCountry>ישראל</ManufactureCountry><ManufacturerItemDescription>במבה  עגולה 80 גרם</ManufacturerItemDescription><SoldByWeight/><Quantity>80.00</Quantity><UnitOfMeasure>גרם     </UnitOfMeasure><QtyInPackage>לא ידוע</QtyInPackage><UnitOfMeasurePrice>0.0563</UnitOfMeasurePrice><AllowDiscount>1</AllowDiscount><ItemStatus>1</ItemStatus><ItemPrice>4.50</ItemPrice></item><item><PriceUpdateDate>2016-08-02 07:36:03</PriceUpdateDate><ItemCode>7290107876759</ItemCode><ItemType>1</ItemType><ItemName>פתי בר קטנים 1.50 ק'</ItemName><ManufacturerName>פתי בר אסם</ManufacturerName><ManufactureCountry>לא ידוע</ManufactureCountry><ManufacturerItemDescription>פתי בר קטנים 1.50 ק'</ManufacturerItemDescription><SoldByWeight/><Quantity>1500.00</Quantity><UnitOfMeasure>גרם     </UnitOfMeasure><QtyInPackage>לא ידוע</QtyInPackage><UnitOfMeasurePrice>0.0173</UnitOfMeasurePrice><AllowDiscount>1</AllowDiscount><ItemStatus>1</ItemStatus><ItemPrice>25.90</ItemPrice></item><item><PriceUpdateDate>2016-04-25 08:29:02</PriceUpdateDate><ItemCode>7290107876803</ItemCode><ItemType>1</ItemType><ItemName>זית חרוזית בית השיטה</ItemName><ManufacturerName>בית השיטה</ManufacturerName><ManufactureCountry>ישראל</ManufactureCountry><ManufacturerItemDescription>זית חרוזית בית השיטה 560</ManufacturerItemDescription><SoldByWeight/><Quantity>275.00</Quantity><UnitOfMeasure>גרם     </UnitOfMeasure><QtyInPackage>לא ידוע</QtyInPackage><UnitOfMeasurePrice>0.0324</UnitOfMeasurePrice><AllowDiscount>0</AllowDiscount><ItemStatus>1</ItemStatus><ItemPrice>8.90</ItemPrice></item><item><PriceUpdateDate>2015-12-18 09:31:51</PriceUpdateDate><ItemCode>7290107876827</ItemCode><ItemType>1</ItemType><ItemName>זית טבעות 280 גרם יר</ItemName><ManufacturerName>לא ממותג</ManufacturerName><ManufactureCountry>ישראל</ManufactureCountry><ManufacturerItemDescription>זית טבעות 280 גרם יר</ManufacturerItemDescription><SoldByWeight/><Quantity>280.00</Quantity><UnitOfMeasure>גרם     </UnitOfMeasure><QtyInPackage>לא ידוע</QtyInPackage><UnitOfMeasurePrice>0.0404</UnitOfMeasurePrice><AllowDiscount>1</AllowDiscount><ItemStatus>1</ItemStatus><ItemPrice>11.30</ItemPrice></item><item><PriceUpdateDate>2016-08-10 08:23:28</PriceUpdateDate><ItemCode>7290107876841</ItemCode><ItemType>1</ItemType><ItemName>זית מנזנילו ירוק עם</ItemName><ManufacturerName>בית השיטה</ManufacturerName><ManufactureCountry>ישראל</ManufactureCountry><ManufacturerItemDescription>זית מנזנילו ירוק עם</ManufacturerItemDescription><SoldByWeight/><Quantity>560.00</Quantity><UnitOfMeasure>גרם     </UnitOfMeasure><QtyInPackage>לא ידוע</QtyInPackage><UnitOfMeasurePrice>0.0209</UnitOfMeasurePrice><AllowDiscount>1</AllowDiscount><ItemStatus>1</ItemStatus><ItemPrice>11.70</ItemPrice></item><item><PriceUpdateDate>2016-03-01 06:14:49</PriceUpdateDate><ItemCode>7290107877527</ItemCode><ItemType>1</ItemType><ItemName>זוג מרק נמס עגבניות</ItemName><ManufacturerName>אסם</ManufacturerName><ManufactureCountry>ישראל</ManufactureCountry><ManufacturerItemDescription>זוג מרק נמס אפונה 52 גרם</ManufacturerItemDescription><SoldByWeight/><Quantity>52.00</Quantity><UnitOfMeasure>גרם     </UnitOfMeasure><QtyInPackage>לא ידוע</QtyInPackage><UnitOfMeasurePrice>0.1481</UnitOfMeasurePrice><AllowDiscount>1</AllowDiscount><ItemStatus>1</ItemStatus><ItemPrice>7.70</ItemPrice></item><item><PriceUpdateDate>2016-08-02 07:36:03</PriceUpdateDate><ItemCode>7290107878074</ItemCode><ItemType>1</ItemType><ItemName>פייבר וואן שקדים ואג</ItemName><ManufacturerName>נסטלה</ManufacturerName><ManufactureCountry>ארצות הברית</ManufactureCountry><ManufacturerItemDescription>ספגטי עתיר סיביםר בסיבים</ManufacturerItemDescription><SoldByWeight/><Quantity>456.00</Quantity><UnitOfMeasure>גרם     </UnitOfMeasure><QtyInPackage>לא ידוע</QtyInPackage><UnitOfMeasurePrice>0.0261</UnitOfMeasurePrice><AllowDiscount>1</AllowDiscount><ItemStatus>1</ItemStatus><ItemPrice>11.90</ItemPrice></item><item><PriceUpdateDate>2016-03-18 09:09:05</PriceUpdateDate><ItemCode>7290107878241</ItemCode><ItemType>1</ItemType><ItemName>אסם פירה כשל"פ 260 ג</ItemName><ManufacturerName>אסם</ManufacturerName><ManufactureCountry>לא ידוע</ManufactureCountry><ManufacturerItemDescription>אסם פירה כשל"פ 260 ג</ManufacturerItemDescription><SoldByWeight/><Quantity>260.00</Quantity><UnitOfMeasure>גרם     </UnitOfMeasure><QtyInPackage>לא ידוע</QtyInPackage><UnitOfMeasurePrice>0.0496</UnitOfMeasurePrice><AllowDiscount>1</AllowDiscount><ItemStatus>1</ItemStatus><ItemPrice>12.90</ItemPrice></item><item><PriceUpdateDate>2016-08-02 07:51:21</PriceUpdateDate><ItemCode>7290107878357</ItemCode><ItemType>1</ItemType><ItemName>מב פיטנס גלידת יוגור</ItemName><ManufacturerName>פיטנס</ManufacturerName><ManufactureCountry>לא ידוע</ManufactureCountry><ManufacturerItemDescription>מב פיטנס גלידת יוגור</ManufacturerItemDescription><SoldByWeight/><Quantity>700.00</Quantity><UnitOfMeasure>מ"ל</UnitOfMeasure><QtyInPackage>לא ידוע</QtyInPackage><UnitOfMeasurePrice>0.0284</UnitOfMeasurePrice><AllowDiscount>1</AllowDiscount><ItemStatus>1</ItemStatus><ItemPrice>19.90</ItemPrice></item><item><PriceUpdateDate>2016-08-02 07:51:21</PriceUpdateDate><ItemCode>7290107878432</ItemCode><ItemType>1</ItemType><ItemName>מב פיטנס גלידת יוגור</ItemName><ManufacturerName>פיטנס</ManufacturerName><ManufactureCountry>לא ידוע</ManufactureCountry><ManufacturerItemDescription>מב פיטנס גלידת יוגור</ManufacturerItemDescription><SoldByWeight/><Quantity>700.00</Quantity><UnitOfMeasure>מ"ל</UnitOfMeasure><QtyInPackage>לא ידוע</QtyInPackage><UnitOfMeasurePrice>0.0284</UnitOfMeasurePrice><AllowDiscount>1</AllowDiscount><ItemStatus>1</ItemStatus><ItemPrice>19.90</ItemPrice></item><item><PriceUpdateDate>2015-12-02 10:04:07</PriceUpdateDate><ItemCode>7290107878609</ItemCode><ItemType>1</ItemType><ItemName>אסם פסטה מהדורה מיוח</ItemName><ManufacturerName>פסטה אסם</ManufacturerName><ManufactureCountry>איטליה</ManufactureCountry><ManufacturerItemDescription>פסטה אסם ספגטי 500  גר</ManufacturerItemDescription><SoldByWeight/><Quantity>350.00</Quantity><UnitOfMeasure>גרם     </UnitOfMeasure><QtyInPackage>לא ידוע</QtyInPackage><UnitOfMeasurePrice>0.0160</UnitOfMeasurePrice><AllowDiscount>1</AllowDiscount><ItemStatus>1</ItemStatus><ItemPrice>5.60</ItemPrice></item><item><PriceUpdateDate>2016-05-31 07:03:45</PriceUpdateDate><ItemCode>7290107878845</ItemCode><ItemType>1</ItemType><ItemName>עוגת הבית שוקולד עם</ItemName><ManufacturerName>עוגות הבית</ManufacturerName><ManufactureCountry>ישראל</ManufactureCountry><ManufacturerItemDescription>עוגת הבית שוקוציפס 400 גר</ManufacturerItemDescription><SoldByWeight/><Quantity>320.00</Quantity><UnitOfMeasure>גרם     </UnitOfMeasure><QtyInPackage>לא ידוע</QtyInPackage><UnitOfMeasurePrice>0.0341</UnitOfMeasurePrice><AllowDiscount>0</AllowDiscount><ItemStatus>1</ItemStatus><ItemPrice>10.90</ItemPrice></item><item><PriceUpdateDate>2016-03-18 09:09:05</PriceUpdateDate><ItemCode>7290107878883</ItemCode><ItemType>1</ItemType><ItemName>אסם פירה עם בצל כשל"</ItemName><ManufacturerName>אסם</ManufacturerName><ManufactureCountry>לא ידוע</ManufactureCountry><ManufacturerItemDescription>אסם פירה עם בצל כשל"</ManufacturerItemDescription><SoldByWeight/><Quantity>260.00</Quantity><UnitOfMeasure>גרם     </UnitOfMeasure><QtyInPackage>לא ידוע</QtyInPackage><UnitOfMeasurePrice>0.0496</UnitOfMeasurePrice><AllowDiscount>1</AllowDiscount><ItemStatus>1</ItemStatus><ItemPrice>12.90</ItemPrice></item><item><PriceUpdateDate>2016-03-18 09:09:05</PriceUpdateDate><ItemCode>7290107878906</ItemCode><ItemType>1</ItemType><ItemName>אסם זוג מרק נמס עגבנ</ItemName><ManufacturerName>אסם</ManufacturerName><ManufactureCountry>לא ידוע</ManufactureCountry><ManufacturerItemDescription>אסם זוג מרק נמס עגבנ</ManufacturerItemDescription><SoldByWeight/><Quantity>40.00</Quantity><UnitOfMeasure>גרם     </UnitOfMeasure><QtyInPackage>לא ידוע</QtyInPackage><UnitOfMeasurePrice>0.1725</UnitOfMeasurePrice><AllowDiscount>1</AllowDiscount><ItemStatus>1</ItemStatus><ItemPrice>6.90</ItemPrice></item><item><PriceUpdateDate>2016-05-31 06:57:17</PriceUpdateDate><ItemCode>7290107879521</ItemCode><ItemType>1</ItemType><ItemName>מאגדת לה פרוטה תות 5</ItemName><ManufacturerName>גלידות נסטלה</ManufacturerName><ManufactureCountry>לא ידוע</ManufactureCountry><ManufacturerItemDescription>מאגדת לה פרוטה תות 5</ManufacturerItemDescription><SoldByWeight/><Quantity>325.00</Quantity><UnitOfMeasure>גרם     </UnitOfMeasure><QtyInPackage>לא ידוע</QtyInPackage><UnitOfMeasurePrice>0.0797</UnitOfMeasurePrice><AllowDiscount>1</AllowDiscount><ItemStatus>1</ItemStatus><ItemPrice>25.90</ItemPrice></item><item><PriceUpdateDate>2016-05-31 06:57:17</PriceUpdateDate><ItemCode>7290107879569</ItemCode><ItemType>1</ItemType><ItemName>מאגדת לה פרוטה מנגו</ItemName><ManufacturerName>גלידות נסטלה</ManufacturerName><ManufactureCountry>לא ידוע</ManufactureCountry><ManufacturerItemDescription>מאגדת לה פרוטה מנגו</ManufacturerItemDescription><SoldByWeight/><Quantity>325.00</Quantity><UnitOfMeasure>גרם     </UnitOfMeasure><QtyInPackage>לא ידוע</QtyInPackage><UnitOfMeasurePrice>0.0797</UnitOfMeasurePrice><AllowDiscount>1</AllowDiscount><ItemStatus>1</ItemStatus><ItemPrice>25.90</ItemPrice></item><item><PriceUpdateDate>2016-05-31 06:57:17</PriceUpdateDate><ItemCode>7290107879583</ItemCode><ItemType>1</ItemType><ItemName>מאגדת לה פרוטה בננה</ItemName><ManufacturerName>גלידות נסטלה</ManufacturerName><ManufactureCountry>לא ידוע</ManufactureCountry><ManufacturerItemDescription>מאגדת לה פרוטה בננה</ManufacturerItemDescription><SoldByWeight/><Quantity>325.00</Quantity><UnitOfMeasure>גרם     </UnitOfMeasure><QtyInPackage>לא ידוע</QtyInPackage><UnitOfMeasurePrice>0.0797</UnitOfMeasurePrice><AllowDiscount>1</AllowDiscount><ItemStatus>1</ItemStatus><ItemPrice>25.90</ItemPrice></item><item><PriceUpdateDate>2016-07-04 12:08:23</PriceUpdateDate><ItemCode>7290107930208</ItemCode><ItemType>1</ItemType><ItemName>מאגדת אנרג'י אקסטרה</ItemName><ManufacturerName>אנרג'י</ManufacturerName><ManufactureCountry>ישראל</ManufactureCountry><ManufacturerItemDescription>חטיף דגנים ושוקולד עם אגו</ManufacturerItemDescription><SoldByWeight/><Quantity>210.00</Quantity><UnitOfMeasure>גרם     </UnitOfMeasure><QtyInPackage>לא ידוע</QtyInPackage><UnitOfMeasurePrice>0.0852</UnitOfMeasurePrice><AllowDiscount>1</AllowDiscount><ItemStatus>1</ItemStatus><ItemPrice>17.90</ItemPrice></item><item><PriceUpdateDate>2016-05-31 07:03:45</PriceUpdateDate><ItemCode>7290107930963</ItemCode><ItemType>1</ItemType><ItemName>שוקולד פרה חלב אוריג</ItemName><ManufacturerName>פרה</ManufacturerName><ManufactureCountry>ישראל</ManufactureCountry><ManufacturerItemDescription>שוקולד פרה חלב שטוח 100 ג</ManufacturerItemDescription><SoldByWeight/><Quantity>100.00</Quantity><UnitOfMeasure>גרם     </UnitOfMeasure><QtyInPackage>לא ידוע</QtyInPackage><UnitOfMeasurePrice>0.0540</UnitOfMeasurePrice><AllowDiscount>0</AllowDiscount><ItemStatus>1</ItemStatus><ItemPrice>5.40</ItemPrice></item><item><PriceUpdateDate>2015-12-28 08:53:46</PriceUpdateDate><ItemCode>7290107932080</ItemCode><ItemType>1</ItemType><ItemName>חלב מועשר 3% בבקבוק</ItemName><ManufacturerName>יטבתה</ManufacturerName><ManufactureCountry>ישראל</ManufactureCountry><ManufacturerItemDescription>חלב 3% יטבתה עשיר בסידן 1</ManufacturerItemDescription><SoldByWeight/><Quantity>1000.00</Quantity><UnitOfMeasure>מ"ל</UnitOfMeasure><QtyInPackage>לא ידוע</QtyInPackage><UnitOfMeasurePrice>0.0079</UnitOfMeasurePrice><AllowDiscount>1</AllowDiscount><ItemStatus>1</ItemStatus><ItemPrice>7.90</ItemPrice></item><item><PriceUpdateDate>2015-12-28 08:53:46</PriceUpdateDate><ItemCode>7290107932127</ItemCode><ItemType>1</ItemType><ItemName>חלב מועשר 2% בבקבוק</ItemName><ManufacturerName>יטבתה</ManufacturerName><ManufactureCountry>ישראל</ManufactureCountry><ManufacturerItemDescription>חלב 3% יטבתה עשיר בסידן 1</ManufacturerItemDescription><SoldByWeight/><Quantity>1000.00</Quantity><UnitOfMeasure>מ"ל</UnitOfMeasure><QtyInPackage>לא ידוע</QtyInPackage><UnitOfMeasurePrice>0.0079</UnitOfMeasurePrice><AllowDiscount>1</AllowDiscount><ItemStatus>1</ItemStatus><ItemPrice>7.90</ItemPrice></item><item><PriceUpdateDate>2015-12-28 08:53:46</PriceUpdateDate><ItemCode>7290107932134</ItemCode><ItemType>1</ItemType><ItemName>חלב מועשר 1% בבקבוק</ItemName><ManufacturerName>יטבתה</ManufacturerName><ManufactureCountry>ישראל</ManufactureCountry><ManufacturerItemDescription>חלב 3% יטבתה עשיר בסידן 1</ManufacturerItemDescription><SoldByWeight/><Quantity>1000.00</Quantity><UnitOfMeasure>מ"ל</UnitOfMeasure><QtyInPackage>לא ידוע</QtyInPackage><UnitOfMeasurePrice>0.0079</UnitOfMeasurePrice><AllowDiscount>1</AllowDiscount><ItemStatus>1</ItemStatus><ItemPrice>7.90</ItemPrice></item><item><PriceUpdateDate>2016-03-21 10:07:06</PriceUpdateDate><ItemCode>7290107932400</ItemCode><ItemType>1</ItemType><ItemName>סוכריות ג'לי ברכות 5</ItemName><ManufacturerName>עלית</ManufacturerName><ManufactureCountry>ישראל</ManufactureCountry><ManufacturerItemDescription>טופי מזל וברכות 850 ג</ManufacturerItemDescription><SoldByWeight/><Quantity>540.00</Quantity><UnitOfMeasure>גרם     </UnitOfMeasure><QtyInPackage>לא ידוע</QtyInPackage><UnitOfMeasurePrice>0.0369</UnitOfMeasurePrice><AllowDiscount>1</AllowDiscount><ItemStatus>1</ItemStatus><ItemPrice>19.90</ItemPrice></item><item><PriceUpdateDate>2016-06-28 09:29:51</PriceUpdateDate><ItemCode>7290107933117</ItemCode><ItemType>1</ItemType><ItemName>פריכיות גדולות 3 דגנ</ItemName><ManufacturerName>עלית</ManufacturerName><ManufactureCountry>ישראל</ManufactureCountry><ManufacturerItemDescription>פריכיות ביס בטעם וניל 25</ManufacturerItemDescription><SoldByWeight/><Quantity>135.00</Quantity><UnitOfMeasure>גרם     </UnitOfMeasure><QtyInPackage>לא ידוע</QtyInPackage><UnitOfMeasurePrice>0.1030</UnitOfMeasurePrice><AllowDiscount>1</AllowDiscount><ItemStatus>1</ItemStatus><ItemPrice>13.90</ItemPrice></item><item><PriceUpdateDate>2016-03-24 12:42:57</PriceUpdateDate><ItemCode>7290107933131</ItemCode><ItemType>1</ItemType><ItemName>עלי סלנובה שטראוס 16</ItemName><ManufacturerName>שטראוס</ManufacturerName><ManufactureCountry>ישראל</ManufactureCountry><ManufacturerItemDescription>עלי רוקט 150 גרם</ManufacturerItemDescription><SoldByWeight/><Quantity>160.00</Quantity><UnitOfMeasure>גרם     </UnitOfMeasure><QtyInPackage>לא ידוע</QtyInPackage><UnitOfMeasurePrice>0.0806</UnitOfMeasurePrice><AllowDiscount>1</AllowDiscount><ItemStatus>1</ItemStatus><ItemPrice>12.90</ItemPrice></item><item><PriceUpdateDate>2016-03-24 12:42:57</PriceUpdateDate><ItemCode>7290107933155</ItemCode><ItemType>1</ItemType><ItemName>לקט סלנובה שטראוס 20</ItemName><ManufacturerName>שטראוס</ManufacturerName><ManufactureCountry>ישראל</ManufactureCountry><ManufacturerItemDescription>עלי רוקט 150 גרם</ManufacturerItemDescription><SoldByWeight/><Quantity>200.00</Quantity><UnitOfMeasure>גרם     </UnitOfMeasure><QtyInPackage>לא ידוע</QtyInPackage><UnitOfMeasurePrice>0.0795</UnitOfMeasurePrice><AllowDiscount>1</AllowDiscount><ItemStatus>1</ItemStatus><ItemPrice>15.90</ItemPrice></item><item><PriceUpdateDate>2015-12-28 08:53:46</PriceUpdateDate><ItemCode>7290107933315</ItemCode><ItemType>1</ItemType><ItemName>חלב דל לקטוז 2% בבקב</ItemName><ManufacturerName>יטבתה</ManufacturerName><ManufactureCountry>ישראל</ManufactureCountry><ManufacturerItemDescription>חלב 3% יטבתה עשיר בסידן 1</ManufacturerItemDescription><SoldByWeight/><Quantity>1000.00</Quantity><UnitOfMeasure>מ"ל</UnitOfMeasure><QtyInPackage>לא ידוע</QtyInPackage><UnitOfMeasurePrice>0.0079</UnitOfMeasurePrice><AllowDiscount>1</AllowDiscount><ItemStatus>1</ItemStatus><ItemPrice>7.90</ItemPrice></item><item><PriceUpdateDate>2016-08-10 08:23:29</PriceUpdateDate><ItemCode>7290107933872</ItemCode><ItemType>1</ItemType><ItemName>דוריטוס מיני פיצה 55</ItemName><ManufacturerName>דוריטוס</ManufacturerName><ManufactureCountry>ישראל</ManufactureCountry><ManufacturerItemDescription>דוריטוס גריל 55 גרם</ManufacturerItemDescription><SoldByWeight/><Quantity>55.00</Quantity><UnitOfMeasure>גרם     </UnitOfMeasure><QtyInPackage>לא ידוע</QtyInPackage><UnitOfMeasurePrice>0.0655</UnitOfMeasurePrice><AllowDiscount>1</AllowDiscount><ItemStatus>1</ItemStatus><ItemPrice>3.60</ItemPrice></item><item><PriceUpdateDate>2016-08-10 08:23:29</PriceUpdateDate><ItemCode>7290107933940</ItemCode><ItemType>1</ItemType><ItemName>דוריטוס מיני ברביקיו</ItemName><ManufacturerName>דוריטוס</ManufacturerName><ManufactureCountry>ישראל</ManufactureCountry><ManufacturerItemDescription>דוריטוס גריל 55 גרם</ManufacturerItemDescription><SoldByWeight/><Quantity>55.00</Quantity><UnitOfMeasure>גרם     </UnitOfMeasure><QtyInPackage>לא ידוע</QtyInPackage><UnitOfMeasurePrice>0.0655</UnitOfMeasurePrice><AllowDiscount>1</AllowDiscount><ItemStatus>1</ItemStatus><ItemPrice>3.60</ItemPrice></item><item><PriceUpdateDate>2015-11-18 14:00:31</PriceUpdateDate><ItemCode>7290107934367</ItemCode><ItemType>1</ItemType><ItemName>מארז מיוחד רביעיה אק</ItemName><ManufacturerName>אקטיביה</ManufacturerName><ManufactureCountry>ישראל</ManufactureCountry><ManufacturerItemDescription>מארז יוגורט אקטיביה</ManufacturerItemDescription><SoldByWeight/><Quantity>600.00</Quantity><UnitOfMeasure>גרם     </UnitOfMeasure><QtyInPackage>לא ידוע</QtyInPackage><UnitOfMeasurePrice>0.0198</UnitOfMeasurePrice><AllowDiscount>1</AllowDiscount><ItemStatus>1</ItemStatus><ItemPrice>11.90</ItemPrice></item><item><PriceUpdateDate>2016-08-02 07:36:04</PriceUpdateDate><ItemCode>7290107934480</ItemCode><ItemType>1</ItemType><ItemName>מארז מיוחד שמיניה אק</ItemName><ManufacturerName>אקטיביה</ManufacturerName><ManufactureCountry>ישראל</ManufactureCountry><ManufacturerItemDescription>מארז מיוחד שמיניה אק</ManufacturerItemDescription><SoldByWeight/><Quantity>1200.00</Quantity><UnitOfMeasure>גרם     </UnitOfMeasure><QtyInPackage>לא ידוע</QtyInPackage><UnitOfMeasurePrice>0.0182</UnitOfMeasurePrice><AllowDiscount>1</AllowDiscount><ItemStatus>1</ItemStatus><ItemPrice>21.90</ItemPrice></item><item><PriceUpdateDate>2016-08-02 07:36:04</PriceUpdateDate><ItemCode>7290107935999</ItemCode><ItemType>1</ItemType><ItemName>עד חצות חלב + קרמל 1</ItemName><ManufacturerName>עלית</ManufacturerName><ManufactureCountry>ישראל</ManufactureCountry><ManufacturerItemDescription>ביסקוויט חלב 200 גר</ManufacturerItemDescription><SoldByWeight/><Quantity>190.00</Quantity><UnitOfMeasure>גרם     </UnitOfMeasure><QtyInPackage>לא ידוע</QtyInPackage><UnitOfMeasurePrice>0.0784</UnitOfMeasurePrice><AllowDiscount>1</AllowDiscount><ItemStatus>1</ItemStatus><ItemPrice>14.90</ItemPrice></item><item><PriceUpdateDate>2016-08-10 08:23:29</PriceUpdateDate><ItemCode>7290107936248</ItemCode><ItemType>1</ItemType><ItemName>מילקי קצפת קפוצ'ינו</ItemName><ManufacturerName>מילקי</ManufacturerName><ManufactureCountry>ישראל</ManufactureCountry><ManufacturerItemDescription>מילקיקל שוקולד 170-3% מל</ManufacturerItemDescription><SoldByWeight/><Quantity>133.00</Quantity><UnitOfMeasure>גרם     </UnitOfMeasure><QtyInPackage>לא ידוע</QtyInPackage><UnitOfMeasurePrice>0.0316</UnitOfMeasurePrice><AllowDiscount>1</AllowDiscount><ItemStatus>1</ItemStatus><ItemPrice>4.20</ItemPrice></item><item><PriceUpdateDate>2016-08-10 08:23:29</PriceUpdateDate><ItemCode>7290107937542</ItemCode><ItemType>1</ItemType><ItemName>משקה אקטיביה תות 250</ItemName><ManufacturerName>אקטיביה</ManufacturerName><ManufactureCountry>ישראל</ManufactureCountry><ManufacturerItemDescription>משקה אקטיביה 250 מל</ManufacturerItemDescription><SoldByWeight/><Quantity>250.00</Quantity><UnitOfMeasure>מ"ל</UnitOfMeasure><QtyInPackage>לא ידוע</QtyInPackage><UnitOfMeasurePrice>0.0216</UnitOfMeasurePrice><AllowDiscount>1</AllowDiscount><ItemStatus>1</ItemStatus><ItemPrice>5.40</ItemPrice></item><item><PriceUpdateDate>2016-08-10 08:23:29</PriceUpdateDate><ItemCode>7290107940276</ItemCode><ItemType>1</ItemType><ItemName>ג'לי שטראוס בטעם משמ</ItemName><ManufacturerName>לימבו</ManufacturerName><ManufactureCountry>ישראל</ManufactureCountry><ManufacturerItemDescription>ג'לי שטראוס בטעם משמ</ManufacturerItemDescription><SoldByWeight/><Quantity>125.00</Quantity><UnitOfMeasure>גרם     </UnitOfMeasure><QtyInPackage>לא ידוע</QtyInPackage><UnitOfMeasurePrice>0.0176</UnitOfMeasurePrice><AllowDiscount>1</AllowDiscount><ItemStatus>1</ItemStatus><ItemPrice>2.20</ItemPrice></item><item><PriceUpdateDate>2016-06-28 09:29:51</PriceUpdateDate><ItemCode>7290107970310</ItemCode><ItemType>1</ItemType><ItemName>מנה תערובת ללחם שיפו</ItemName><ManufacturerName>מנה</ManufacturerName><ManufactureCountry>לא ידוע</ManufactureCountry><ManufacturerItemDescription>מנה תערובת ללחם שיפו</ManufacturerItemDescription><SoldByWeight/><Quantity>1000.00</Quantity><UnitOfMeasure>גרם     </UnitOfMeasure><QtyInPackage>לא ידוע</QtyInPackage><UnitOfMeasurePrice>0.0109</UnitOfMeasurePrice><AllowDiscount>1</AllowDiscount><ItemStatus>1</ItemStatus><ItemPrice>10.90</ItemPrice></item><item><PriceUpdateDate>2016-05-01 08:14:03</PriceUpdateDate><ItemCode>7290108350128</ItemCode><ItemType>1</ItemType><ItemName>סנו סושי שקיות אשפה</ItemName><ManufacturerName>סנו סושי</ManufacturerName><ManufactureCountry>לא ידוע</ManufactureCountry><ManufacturerItemDescription>סנו סושי שקיות אשפה</ManufacturerItemDescription><SoldByWeight/><Quantity>40.00</Quantity><UnitOfMeasure>בודד</UnitOfMeasure><QtyInPackage>לא ידוע</QtyInPackage><UnitOfMeasurePrice>0.7475</UnitOfMeasurePrice><AllowDiscount>1</AllowDiscount><ItemStatus>1</ItemStatus><ItemPrice>29.90</ItemPrice></item><item><PriceUpdateDate>2015-08-11 12:56:15</PriceUpdateDate><ItemCode>7290108350180</ItemCode><ItemType>1</ItemType><ItemName>סנו סושי 100 מפיות מ</ItemName><ManufacturerName>סנו סושי</ManufacturerName><ManufactureCountry>לא ידוע</ManufactureCountry><ManufacturerItemDescription>סנו סושי 100 מפיות מ</ManufacturerItemDescription><SoldByWeight/><Quantity>100.00</Quantity><UnitOfMeasure>בודד</UnitOfMeasure><QtyInPackage>לא ידוע</QtyInPackage><UnitOfMeasurePrice>0.1000</UnitOfMeasurePrice><AllowDiscount>1</AllowDiscount><ItemStatus>1</ItemStatus><ItemPrice>10.00</ItemPrice></item><item><PriceUpdateDate>2016-06-28 09:29:53</PriceUpdateDate><ItemCode>7290108350555</ItemCode><ItemType>1</ItemType><ItemName>נוזל כלים סנו ספארק</ItemName><ManufacturerName>ספארק</ManufacturerName><ManufactureCountry>ישראל</ManufactureCountry><ManufacturerItemDescription>נוזל כלים סנו ספארק</ManufacturerItemDescription><SoldByWeight/><Quantity>1000.00</Quantity><UnitOfMeasure>מ"ל</UnitOfMeasure><QtyInPackage>לא ידוע</QtyInPackage><UnitOfMeasurePrice>0.0129</UnitOfMeasurePrice><AllowDiscount>1</AllowDiscount><ItemStatus>1</ItemStatus><ItemPrice>12.90</ItemPrice></item><item><PriceUpdateDate>2016-06-28 09:31:41</PriceUpdateDate><ItemCode>7290108350586</ItemCode><ItemType>1</ItemType><ItemName>מב נוזל כלים סנו ספא</ItemName><ManufacturerName>ספארק</ManufacturerName><ManufactureCountry>ישראל</ManufactureCountry><ManufacturerItemDescription>מב נוזל כלים סנו ספא</ManufacturerItemDescription><SoldByWeight/><Quantity>1500.00</Quantity><UnitOfMeasure>מ"ל</UnitOfMeasure><QtyInPackage>לא ידוע</QtyInPackage><UnitOfMeasurePrice>0.0086</UnitOfMeasurePrice><AllowDiscount>1</AllowDiscount><ItemStatus>1</ItemStatus><ItemPrice>12.90</ItemPrice></item><item><PriceUpdateDate>2016-05-01 08:19:41</PriceUpdateDate><ItemCode>7290108355000</ItemCode><ItemType>1</ItemType><ItemName>מב שמפו נקה 7 קידס מ</ItemName><ManufacturerName>נקה 7</ManufacturerName><ManufactureCountry>לא ידוע</ManufactureCountry><ManufacturerItemDescription>מב שמפו נקה 7 קידס מ</ManufacturerItemDescription><SoldByWeight/><Quantity>750.00</Quantity><UnitOfMeasure>מ"ל</UnitOfMeasure><QtyInPackage>לא ידוע</QtyInPackage><UnitOfMeasurePrice>0.0159</UnitOfMeasurePrice><AllowDiscount>1</AllowDiscount><ItemStatus>1</ItemStatus><ItemPrice>11.90</ItemPrice></item><item><PriceUpdateDate>2016-05-01 08:19:42</PriceUpdateDate><ItemCode>7290108355031</ItemCode><ItemType>1</ItemType><ItemName>מב אל סבון נקה 7 קיד</ItemName><ManufacturerName>נקה 7</ManufacturerName><ManufactureCountry>לא ידוע</ManufactureCountry><ManufacturerItemDescription>מב אל סבון נקה 7 קיד</ManufacturerItemDescription><SoldByWeight/><Quantity>750.00</Quantity><UnitOfMeasure>מ"ל</UnitOfMeasure><QtyInPackage>לא ידוע</QtyInPackage><UnitOfMeasurePrice>0.0159</UnitOfMeasurePrice><AllowDiscount>1</AllowDiscount><ItemStatus>1</ItemStatus><ItemPrice>11.90</ItemPrice></item><item><PriceUpdateDate>2016-06-28 09:29:53</PriceUpdateDate><ItemCode>7290108621006</ItemCode><ItemType>1</ItemType><ItemName>תירוש ענבים טבעי 1 ל</ItemName><ManufacturerName>לא ממותג</ManufacturerName><ManufactureCountry>לא ידוע</ManufactureCountry><ManufacturerItemDescription>תירוש ענבים טבעי 1 ל</ManufacturerItemDescription><SoldByWeight/><Quantity>1000.00</Quantity><UnitOfMeasure>מ"ל</UnitOfMeasure><QtyInPackage>לא ידוע</QtyInPackage><UnitOfMeasurePrice>0.0165</UnitOfMeasurePrice><AllowDiscount>1</AllowDiscount><ItemStatus>1</ItemStatus><ItemPrice>16.50</ItemPrice></item><item><PriceUpdateDate>2016-05-03 09:05:49</PriceUpdateDate><ItemCode>7290109350349</ItemCode><ItemType>1</ItemType><ItemName>ערגליות תמרים 300 גר</ItemName><ManufacturerName>אסם</ManufacturerName><ManufactureCountry>ישראל</ManufactureCountry><ManufacturerItemDescription>קינוחי כוסות שוקולד בלגי</ManufacturerItemDescription><SoldByWeight/><Quantity>300.00</Quantity><UnitOfMeasure>גרם     </UnitOfMeasure><QtyInPackage>לא ידוע</QtyInPackage><UnitOfMeasurePrice>0.0363</UnitOfMeasurePrice><AllowDiscount>1</AllowDiscount><ItemStatus>1</ItemStatus><ItemPrice>10.90</ItemPrice></item><item><PriceUpdateDate>2016-08-02 07:36:06</PriceUpdateDate><ItemCode>7290109350592</ItemCode><ItemType>1</ItemType><ItemName>מאגדת סמרטיס  פופ אפ</ItemName><ManufacturerName>גלידות נסטלה</ManufacturerName><ManufactureCountry>ישראל</ManufactureCountry><ManufacturerItemDescription>מאגדת הלו קיטי</ManufacturerItemDescription><SoldByWeight/><Quantity>500.00</Quantity><UnitOfMeasure>גרם     </UnitOfMeasure><QtyInPackage>לא ידוע</QtyInPackage><UnitOfMeasurePrice>0.0518</UnitOfMeasurePrice><AllowDiscount>1</AllowDiscount><ItemStatus>1</ItemStatus><ItemPrice>25.90</ItemPrice></item><item><PriceUpdateDate>2016-08-02 07:51:23</PriceUpdateDate><ItemCode>7290109351025</ItemCode><ItemType>1</ItemType><ItemName>מב צבר מלך החומוס חו</ItemName><ManufacturerName>צבר</ManufacturerName><ManufactureCountry>לא ידוע</ManufactureCountry><ManufacturerItemDescription>מב צבר מלך החומוס חו</ManufacturerItemDescription><SoldByWeight/><Quantity>400.00</Quantity><UnitOfMeasure>גרם     </UnitOfMeasure><QtyInPackage>לא ידוע</QtyInPackage><UnitOfMeasurePrice>0.0298</UnitOfMeasurePrice><AllowDiscount>1</AllowDiscount><ItemStatus>1</ItemStatus><ItemPrice>11.90</ItemPrice></item><item><PriceUpdateDate>2016-08-02 07:51:23</PriceUpdateDate><ItemCode>7290109351643</ItemCode><ItemType>1</ItemType><ItemName>מב צבר חומוסיבוב ברו</ItemName><ManufacturerName>צבר</ManufacturerName><ManufactureCountry>לא ידוע</ManufactureCountry><ManufacturerItemDescription>מב צבר חומוסיבוב ברו</ManufacturerItemDescription><SoldByWeight/><Quantity>400.00</Quantity><UnitOfMeasure>גרם     </UnitOfMeasure><QtyInPackage>לא ידוע</QtyInPackage><UnitOfMeasurePrice>0.0273</UnitOfMeasurePrice><AllowDiscount>1</AllowDiscount><ItemStatus>1</ItemStatus><ItemPrice>10.90</ItemPrice></item><item><PriceUpdateDate>2016-06-17 09:29:55</PriceUpdateDate><ItemCode>7290109351766</ItemCode><ItemType>1</ItemType><ItemName>אסם קוסקוס אמיתי 1 ק</ItemName><ManufacturerName>אסם</ManufacturerName><ManufactureCountry>לא ידוע</ManufactureCountry><ManufacturerItemDescription>אסם קוסקוס אמיתי 1 ק</ManufacturerItemDescription><SoldByWeight/><Quantity>1500.00</Quantity><UnitOfMeasure>גרם     </UnitOfMeasure><QtyInPackage>לא ידוע</QtyInPackage><UnitOfMeasurePrice>0.0106</UnitOfMeasurePrice><AllowDiscount>1</AllowDiscount><ItemStatus>1</ItemStatus><ItemPrice>15.90</ItemPrice></item><item><PriceUpdateDate>2016-08-02 07:36:06</PriceUpdateDate><ItemCode>7290109352893</ItemCode><ItemType>1</ItemType><ItemName>סלט צבר ירקות קלויים</ItemName><ManufacturerName>צבר</ManufacturerName><ManufactureCountry>ישראל</ManufactureCountry><ManufacturerItemDescription>סלט טורקי רפי 400 גרם</ManufacturerItemDescription><SoldByWeight/><Quantity>400.00</Quantity><UnitOfMeasure>גרם     </UnitOfMeasure><QtyInPackage>לא ידוע</QtyInPackage><UnitOfMeasurePrice>0.0413</UnitOfMeasurePrice><AllowDiscount>1</AllowDiscount><ItemStatus>1</ItemStatus><ItemPrice>16.50</ItemPrice></item><item><PriceUpdateDate>2016-07-13 10:37:19</PriceUpdateDate><ItemCode>7290109353067</ItemCode><ItemType>1</ItemType><ItemName>אסם פתיתים אפויים הל</ItemName><ManufacturerName>אסם</ManufacturerName><ManufactureCountry>לא ידוע</ManufactureCountry><ManufacturerItemDescription>אסם פתיתים אפויים הל</ManufacturerItemDescription><SoldByWeight/><Quantity>500.00</Quantity><UnitOfMeasure>גרם     </UnitOfMeasure><QtyInPackage>לא ידוע</QtyInPackage><UnitOfMeasurePrice>0.0178</UnitOfMeasurePrice><AllowDiscount>1</AllowDiscount><ItemStatus>1</ItemStatus><ItemPrice>8.90</ItemPrice></item><item><PriceUpdateDate>2015-07-29 10:29:33</PriceUpdateDate><ItemCode>7291067251913</ItemCode><ItemType>1</ItemType><ItemName>מסטיק מאסט צנצנת ריח</ItemName><ManufacturerName>מאסט</ManufacturerName><ManufactureCountry>לא ידוע</ManufactureCountry><ManufacturerItemDescription>מסטיק מאסט צנצנת ריח</ManufacturerItemDescription><SoldByWeight/><Quantity>66.00</Quantity><UnitOfMeasure>גרם     </UnitOfMeasure><QtyInPackage>לא ידוע</QtyInPackage><UnitOfMeasurePrice>0.1500</UnitOfMeasurePrice><AllowDiscount>1</AllowDiscount><ItemStatus>1</ItemStatus><ItemPrice>9.90</ItemPrice></item><item><PriceUpdateDate>2015-10-11 20:33:53</PriceUpdateDate><ItemCode>72917275</ItemCode><ItemType>1</ItemType><ItemName>חטיף טורטית 40 גרם</ItemName><ManufacturerName>עלית</ManufacturerName><ManufactureCountry>ישראל</ManufactureCountry><ManufacturerItemDescription>חטיף טורטית40 גר</ManufacturerItemDescription><SoldByWeight/><Quantity>40.00</Quantity><UnitOfMeasure>גרם     </UnitOfMeasure><QtyInPackage>לא ידוע</QtyInPackage><UnitOfMeasurePrice>0.1250</UnitOfMeasurePrice><AllowDiscount>1</AllowDiscount><ItemStatus>1</ItemStatus><ItemPrice>5.00</ItemPrice></item><item><PriceUpdateDate>2015-10-11 20:33:53</PriceUpdateDate><ItemCode>72917329</ItemCode><ItemType>1</ItemType><ItemName>חטיף אגוזי בודד 45 ג</ItemName><ManufacturerName>אגוזי</ManufacturerName><ManufactureCountry>ישראל</ManufactureCountry><ManufacturerItemDescription>חטיף אגוזי 45 גר</ManufacturerItemDescription><SoldByWeight/><Quantity>45.00</Quantity><UnitOfMeasure>גרם     </UnitOfMeasure><QtyInPackage>לא ידוע</QtyInPackage><UnitOfMeasurePrice>0.1111</UnitOfMeasurePrice><AllowDiscount>1</AllowDiscount><ItemStatus>1</ItemStatus><ItemPrice>5.00</ItemPrice></item><item><PriceUpdateDate>2015-10-11 20:33:53</PriceUpdateDate><ItemCode>72917367</ItemCode><ItemType>1</ItemType><ItemName>חטיף טעמי בודד 40 גר</ItemName><ManufacturerName>טעמי</ManufacturerName><ManufactureCountry>ישראל</ManufactureCountry><ManufacturerItemDescription>חטיף טעמי 40 גרם</ManufacturerItemDescription><SoldByWeight/><Quantity>40.00</Quantity><UnitOfMeasure>גרם     </UnitOfMeasure><QtyInPackage>לא ידוע</QtyInPackage><UnitOfMeasurePrice>0.1250</UnitOfMeasurePrice><AllowDiscount>1</AllowDiscount><ItemStatus>1</ItemStatus><ItemPrice>5.00</ItemPrice></item><item><PriceUpdateDate>2015-10-11 20:33:53</PriceUpdateDate><ItemCode>72917589</ItemCode><ItemType>1</ItemType><ItemName>שוקולד מקופלת חלב 25</ItemName><ManufacturerName>מקופלת</ManufacturerName><ManufactureCountry>ישראל</ManufactureCountry><ManufacturerItemDescription>חטיף שוק.מקופלת 25 גר</ManufacturerItemDescription><SoldByWeight/><Quantity>25.00</Quantity><UnitOfMeasure>גרם     </UnitOfMeasure><QtyInPackage>לא ידוע</QtyInPackage><UnitOfMeasurePrice>0.2000</UnitOfMeasurePrice><AllowDiscount>1</AllowDiscount><ItemStatus>1</ItemStatus><ItemPrice>5.00</ItemPrice></item><item><PriceUpdateDate>2015-10-11 20:33:53</PriceUpdateDate><ItemCode>72918104</ItemCode><ItemType>1</ItemType><ItemName>חטיף טעמי בודד מגדים</ItemName><ManufacturerName>טעמי</ManufacturerName><ManufactureCountry>ישראל</ManufactureCountry><ManufacturerItemDescription>חטיף טעמי בודד מגדים</ManufacturerItemDescription><SoldByWeight/><Quantity>0.00</Quantity><UnitOfMeasure>יח'</UnitOfMeasure><QtyInPackage>לא ידוע</QtyInPackage><UnitOfMeasurePrice>0.0000</UnitOfMeasurePrice><AllowDiscount>1</AllowDiscount><ItemStatus>1</ItemStatus><ItemPrice>5.00</ItemPrice></item><item><PriceUpdateDate>2015-10-11 20:33:53</PriceUpdateDate><ItemCode>72918388</ItemCode><ItemType>1</ItemType><ItemName>חטיף טויסט 28 גרם</ItemName><ManufacturerName>עלית</ManufacturerName><ManufactureCountry>ישראל</ManufactureCountry><ManufacturerItemDescription>חטיף טוויסט 28 גר</ManufacturerItemDescription><SoldByWeight/><Quantity>28.00</Quantity><UnitOfMeasure>גרם     </UnitOfMeasure><QtyInPackage>לא ידוע</QtyInPackage><UnitOfMeasurePrice>0.1786</UnitOfMeasurePrice><AllowDiscount>1</AllowDiscount><ItemStatus>1</ItemStatus><ItemPrice>5.00</ItemPrice></item><item><PriceUpdateDate>2015-10-01 06:16:32</PriceUpdateDate><ItemCode>72940754</ItemCode><ItemType>1</ItemType><ItemName>מעדן מילקי וניל 170</ItemName><ManufacturerName>מילקי</ManufacturerName><ManufactureCountry>ישראל</ManufactureCountry><ManufacturerItemDescription>מילקי וניל170 מל</ManufacturerItemDescription><SoldByWeight/><Quantity>170.00</Quantity><UnitOfMeasure>מ"ל</UnitOfMeasure><QtyInPackage>לא ידוע</QtyInPackage><UnitOfMeasurePrice>0.0165</UnitOfMeasurePrice><AllowDiscount>1</AllowDiscount><ItemStatus>1</ItemStatus><ItemPrice>2.80</ItemPrice></item><item><PriceUpdateDate>2015-10-01 06:16:32</PriceUpdateDate><ItemCode>72940761</ItemCode><ItemType>1</ItemType><ItemName>מעדן מילקי שוקו 170</ItemName><ManufacturerName>מילקי</ManufacturerName><ManufactureCountry>ישראל</ManufactureCountry><ManufacturerItemDescription>מילקי שוקו170 גר</ManufacturerItemDescription><SoldByWeight/><Quantity>170.00</Quantity><UnitOfMeasure>מ"ל</UnitOfMeasure><QtyInPackage>לא ידוע</QtyInPackage><UnitOfMeasurePrice>0.0165</UnitOfMeasurePrice><AllowDiscount>1</AllowDiscount><ItemStatus>1</ItemStatus><ItemPrice>2.80</ItemPrice></item><item><PriceUpdateDate>2016-08-10 08:22:57</PriceUpdateDate><ItemCode>72945308</ItemCode><ItemType>1</ItemType><ItemName>שמרים לחים קוביות 50</ItemName><ManufacturerName>שמרית</ManufacturerName><ManufactureCountry>ישראל</ManufactureCountry><ManufacturerItemDescription>שמרים לחים 50 גר</ManufacturerItemDescription><SoldByWeight/><Quantity>14.00</Quantity><UnitOfMeasure>גרם     </UnitOfMeasure><QtyInPackage>לא ידוע</QtyInPackage><UnitOfMeasurePrice>0.2643</UnitOfMeasurePrice><AllowDiscount>1</AllowDiscount><ItemStatus>1</ItemStatus><ItemPrice>3.70</ItemPrice></item><item><PriceUpdateDate>2015-11-18 14:00:34</PriceUpdateDate><ItemCode>7296058000366</ItemCode><ItemType>1</ItemType><ItemName>פריכיות דקות אורז מל</ItemName><ManufacturerName>פרח תעשיות מזון</ManufacturerName><ManufactureCountry>ישראל</ManufactureCountry><ManufacturerItemDescription>פריכיות אורז דקות ללא מלח</ManufacturerItemDescription><SoldByWeight/><Quantity>100.00</Quantity><UnitOfMeasure>גרם     </UnitOfMeasure><QtyInPackage>לא ידוע</QtyInPackage><UnitOfMeasurePrice>0.0930</UnitOfMeasurePrice><AllowDiscount>1</AllowDiscount><ItemStatus>1</ItemStatus><ItemPrice>9.30</ItemPrice></item><item><PriceUpdateDate>2016-02-11 08:21:18</PriceUpdateDate><ItemCode>7296082000134</ItemCode><ItemType>1</ItemType><ItemName>ביצים 12 יחידות גודל</ItemName><ManufacturerName>רמות השבים</ManufacturerName><ManufactureCountry>ישראל</ManufactureCountry><ManufacturerItemDescription>ביצים 12 יחידות גודל</ManufacturerItemDescription><SoldByWeight/><Quantity>14.00</Quantity><UnitOfMeasure>בודד</UnitOfMeasure><QtyInPackage>לא ידוע</QtyInPackage><UnitOfMeasurePrice>0.8179</UnitOfMeasurePrice><AllowDiscount>1</AllowDiscount><ItemStatus>1</ItemStatus><ItemPrice>11.45</ItemPrice></item><item><PriceUpdateDate>2014-11-10 06:30:17</PriceUpdateDate><ItemCode>7296101062006</ItemCode><ItemType>1</ItemType><ItemName>תיק תק צב. /לוח</ItemName><ManufacturerName>עידן</ManufacturerName><ManufactureCountry>ישראל</ManufactureCountry><ManufacturerItemDescription>תיק תק צב. /לוח</ManufacturerItemDescription><SoldByWeight/><Quantity>0.00</Quantity><UnitOfMeasure>יח'</UnitOfMeasure><QtyInPackage>לא ידוע</QtyInPackage><UnitOfMeasurePrice>0.0000</UnitOfMeasurePrice><AllowDiscount>1</AllowDiscount><ItemStatus>1</ItemStatus><ItemPrice>10.00</ItemPrice></item><item><PriceUpdateDate>2014-11-10 06:30:17</PriceUpdateDate><ItemCode>7296101063676</ItemCode><ItemType>1</ItemType><ItemName>קל. אליגטור סלילי-זו</ItemName><ManufacturerName>עידן</ManufacturerName><ManufactureCountry>ישראל</ManufactureCountry><ManufacturerItemDescription>קל. אליגטור סלילי-זו</ManufacturerItemDescription><SoldByWeight/><Quantity>0.00</Quantity><UnitOfMeasure>יח'</UnitOfMeasure><QtyInPackage>לא ידוע</QtyInPackage><UnitOfMeasurePrice>0.0000</UnitOfMeasurePrice><AllowDiscount>1</AllowDiscount><ItemStatus>1</ItemStatus><ItemPrice>14.00</ItemPrice></item><item><PriceUpdateDate>2016-02-11 08:21:15</PriceUpdateDate><ItemCode>72961216</ItemCode><ItemType>1</ItemType><ItemName>אשד מהדרין 200 מ"ל</ItemName><ManufacturerName>אשד</ManufacturerName><ManufactureCountry>ישראל</ManufactureCountry><ManufacturerItemDescription>אשד מהדרין 200 מ"ל</ManufacturerItemDescription><SoldByWeight/><Quantity>200.00</Quantity><UnitOfMeasure>מ"ל</UnitOfMeasure><QtyInPackage>לא ידוע</QtyInPackage><UnitOfMeasurePrice>0.0078</UnitOfMeasurePrice><AllowDiscount>1</AllowDiscount><ItemStatus>1</ItemStatus><ItemPrice>1.55</ItemPrice></item><item><PriceUpdateDate>2016-02-11 08:21:15</PriceUpdateDate><ItemCode>72961223</ItemCode><ItemType>1</ItemType><ItemName>גילה לבן 3% מהדרין 2</ItemName><ManufacturerName>גיל</ManufacturerName><ManufactureCountry>ישראל</ManufactureCountry><ManufacturerItemDescription>גילה לבן 3% מהדרין 2</ManufacturerItemDescription><SoldByWeight/><Quantity>200.00</Quantity><UnitOfMeasure>מ"ל</UnitOfMeasure><QtyInPackage>לא ידוע</QtyInPackage><UnitOfMeasurePrice>0.0070</UnitOfMeasurePrice><AllowDiscount>1</AllowDiscount><ItemStatus>1</ItemStatus><ItemPrice>1.40</ItemPrice></item><item><PriceUpdateDate>2015-10-11 20:33:53</PriceUpdateDate><ItemCode>72961506</ItemCode><ItemType>1</ItemType><ItemName>פרילי תות 125 גרם</ItemName><ManufacturerName>פרילי</ManufacturerName><ManufactureCountry>ישראל</ManufactureCountry><ManufacturerItemDescription>פרילי תות בגביע125 גר</ManufacturerItemDescription><SoldByWeight/><Quantity>125.00</Quantity><UnitOfMeasure>גרם     </UnitOfMeasure><QtyInPackage>לא ידוע</QtyInPackage><UnitOfMeasurePrice>0.0296</UnitOfMeasurePrice><AllowDiscount>1</AllowDiscount><ItemStatus>1</ItemStatus><ItemPrice>3.70</ItemPrice></item><item><PriceUpdateDate>2015-10-11 20:33:53</PriceUpdateDate><ItemCode>72961513</ItemCode><ItemType>1</ItemType><ItemName>פרילי משמש 125 גרם</ItemName><ManufacturerName>פרילי</ManufacturerName><ManufactureCountry>ישראל</ManufactureCountry><ManufacturerItemDescription>פרילי משמש 125 גרם</ManufacturerItemDescription><SoldByWeight/><Quantity>125.00</Quantity><UnitOfMeasure>גרם     </UnitOfMeasure><QtyInPackage>לא ידוע</QtyInPackage><UnitOfMeasurePrice>0.0296</UnitOfMeasurePrice><AllowDiscount>1</AllowDiscount><ItemStatus>1</ItemStatus><ItemPrice>3.70</ItemPrice></item><item><PriceUpdateDate>2015-10-11 20:33:53</PriceUpdateDate><ItemCode>72961520</ItemCode><ItemType>1</ItemType><ItemName>פרילי אננס 125 גרם</ItemName><ManufacturerName>פרילי</ManufacturerName><ManufactureCountry>ישראל</ManufactureCountry><ManufacturerItemDescription>פרילי אננס בגביע125 מל</ManufacturerItemDescription><SoldByWeight/><Quantity>125.00</Quantity><UnitOfMeasure>גרם     </UnitOfMeasure><QtyInPackage>לא ידוע</QtyInPackage><UnitOfMeasurePrice>0.0296</UnitOfMeasurePrice><AllowDiscount>1</AllowDiscount><ItemStatus>1</ItemStatus><ItemPrice>3.70</ItemPrice></item><item><PriceUpdateDate>2016-03-14 09:48:45</PriceUpdateDate><ItemCode>72961544</ItemCode><ItemType>1</ItemType><ItemName>מעדן באדי תות 125 גר</ItemName><ManufacturerName>באדי</ManufacturerName><ManufactureCountry>ישראל</ManufactureCountry><ManufacturerItemDescription>באדי תות125 מל</ManufacturerItemDescription><SoldByWeight/><Quantity>125.00</Quantity><UnitOfMeasure>גרם     </UnitOfMeasure><QtyInPackage>לא ידוע</QtyInPackage><UnitOfMeasurePrice>0.0216</UnitOfMeasurePrice><AllowDiscount>1</AllowDiscount><ItemStatus>1</ItemStatus><ItemPrice>2.70</ItemPrice></item><item><PriceUpdateDate>2015-11-18 14:00:35</PriceUpdateDate><ItemCode>7296163008837</ItemCode><ItemType>1</ItemType><ItemName>סט 3 מגבות מטבח מילק</ItemName><ManufacturerName>הומטקס</ManufacturerName><ManufactureCountry>ישראל</ManufactureCountry><ManufacturerItemDescription>סט 3 מגבות מטבח מילק</ManufacturerItemDescription><SoldByWeight/><Quantity>0.00</Quantity><UnitOfMeasure>יח'</UnitOfMeasure><QtyInPackage>לא ידוע</QtyInPackage><UnitOfMeasurePrice>0.0000</UnitOfMeasurePrice><AllowDiscount>1</AllowDiscount><ItemStatus>1</ItemStatus><ItemPrice>25.40</ItemPrice></item><item><PriceUpdateDate>2016-03-01 06:18:46</PriceUpdateDate><ItemCode>7296163054766</ItemCode><ItemType>1</ItemType><ItemName>מב מגבת גוף NOUVO</ItemName><ManufacturerName>הומטקס</ManufacturerName><ManufactureCountry>ישראל</ManufactureCountry><ManufacturerItemDescription>מב מגבת גוף NOUVO</ManufacturerItemDescription><SoldByWeight/><Quantity>0.00</Quantity><UnitOfMeasure>יח'</UnitOfMeasure><QtyInPackage>לא ידוע</QtyInPackage><UnitOfMeasurePrice>0.0000</UnitOfMeasurePrice><AllowDiscount>1</AllowDiscount><ItemStatus>1</ItemStatus><ItemPrice>19.90</ItemPrice></item><item><PriceUpdateDate>2016-02-11 08:21:15</PriceUpdateDate><ItemCode>72963104</ItemCode><ItemType>1</ItemType><ItemName>חמאה מפוסטרת חבילה 1</ItemName><ManufacturerName>חמאת תנובה</ManufacturerName><ManufactureCountry>ישראל</ManufactureCountry><ManufacturerItemDescription>חמאה 100 גרם פיקוח</ManufacturerItemDescription><SoldByWeight/><Quantity>100.00</Quantity><UnitOfMeasure>גרם     </UnitOfMeasure><QtyInPackage>לא ידוע</QtyInPackage><UnitOfMeasurePrice>0.0380</UnitOfMeasurePrice><AllowDiscount>1</AllowDiscount><ItemStatus>1</ItemStatus><ItemPrice>3.80</ItemPrice></item><item><PriceUpdateDate>2014-11-10 06:29:29</PriceUpdateDate><ItemCode>72963753</ItemCode><ItemType>1</ItemType><ItemName>שמנת של פעם 200 מ"ל</ItemName><ManufacturerName>חלב תנובה</ManufacturerName><ManufactureCountry>ישראל</ManufactureCountry><ManufacturerItemDescription>שמנת של פעם200 מל</ManufacturerItemDescription><SoldByWeight/><Quantity>200.00</Quantity><UnitOfMeasure>מ"ל</UnitOfMeasure><QtyInPackage>לא ידוע</QtyInPackage><UnitOfMeasurePrice>0.0210</UnitOfMeasurePrice><AllowDiscount>1</AllowDiscount><ItemStatus>1</ItemStatus><ItemPrice>4.20</ItemPrice></item><item><PriceUpdateDate>2015-10-22 10:36:46</PriceUpdateDate><ItemCode>72963920</ItemCode><ItemType>1</ItemType><ItemName>דנובה 200 מ"ל</ItemName><ManufacturerName>דנובה</ManufacturerName><ManufactureCountry>ישראל</ManufactureCountry><ManufacturerItemDescription>דנובה200 מל</ManufacturerItemDescription><SoldByWeight/><Quantity>200.00</Quantity><UnitOfMeasure>מ"ל</UnitOfMeasure><QtyInPackage>לא ידוע</QtyInPackage><UnitOfMeasurePrice>0.0185</UnitOfMeasurePrice><AllowDiscount>1</AllowDiscount><ItemStatus>1</ItemStatus><ItemPrice>3.70</ItemPrice></item><item><PriceUpdateDate>2015-10-22 10:36:46</PriceUpdateDate><ItemCode>72964132</ItemCode><ItemType>1</ItemType><ItemName>פרילי טבע 200 מ''ל</ItemName><ManufacturerName>פרילי</ManufacturerName><ManufactureCountry>ישראל</ManufactureCountry><ManufacturerItemDescription>טבעגורט-יוגורט עם גרנולה2</ManufacturerItemDescription><SoldByWeight/><Quantity>200.00</Quantity><UnitOfMeasure>מ"ל</UnitOfMeasure><QtyInPackage>לא ידוע</QtyInPackage><UnitOfMeasurePrice>0.0265</UnitOfMeasurePrice><AllowDiscount>1</AllowDiscount><ItemStatus>1</ItemStatus><ItemPrice>5.30</ItemPrice></item><item><PriceUpdateDate>2015-10-11 20:33:53</PriceUpdateDate><ItemCode>72964422</ItemCode><ItemType>1</ItemType><ItemName>יוגורט 200 מ"ל</ItemName><ManufacturerName>חלב תנובה</ManufacturerName><ManufactureCountry>ישראל</ManufactureCountry><ManufacturerItemDescription>יוגורט200-4% מל</ManufacturerItemDescription><SoldByWeight/><Quantity>200.00</Quantity><UnitOfMeasure>מ"ל</UnitOfMeasure><QtyInPackage>לא ידוע</QtyInPackage><UnitOfMeasurePrice>0.0145</UnitOfMeasurePrice><AllowDiscount>1</AllowDiscount><ItemStatus>1</ItemStatus><ItemPrice>2.90</ItemPrice></item><item><PriceUpdateDate>2014-11-10 06:30:35</PriceUpdateDate><ItemCode>7297395000019</ItemCode><ItemType>1</ItemType><ItemName>בד בדיקה אריג בודד</ItemName><ManufacturerName>לא ממותג</ManufacturerName><ManufactureCountry>ישראל</ManufactureCountry><ManufacturerItemDescription>בד בדיקה אריג בודד</ManufacturerItemDescription><SoldByWeight/><Quantity>0.00</Quantity><UnitOfMeasure>יח'</UnitOfMeasure><QtyInPackage>לא ידוע</QtyInPackage><UnitOfMeasurePrice>0.0000</UnitOfMeasurePrice><AllowDiscount>1</AllowDiscount><ItemStatus>1</ItemStatus><ItemPrice>7.00</ItemPrice></item><item><PriceUpdateDate>2016-08-10 08:22:57</PriceUpdateDate><ItemCode>72982457</ItemCode><ItemType>1</ItemType><ItemName>מילקי קל שוקו 137 גר</ItemName><ManufacturerName>מילקי</ManufacturerName><ManufactureCountry>ישראל</ManufactureCountry><ManufacturerItemDescription>מילקיקל שוקולד 170-3% מל</ManufacturerItemDescription><SoldByWeight/><Quantity>137.00</Quantity><UnitOfMeasure>גרם     </UnitOfMeasure><QtyInPackage>לא ידוע</QtyInPackage><UnitOfMeasurePrice>0.0307</UnitOfMeasurePrice><AllowDiscount>1</AllowDiscount><ItemStatus>1</ItemStatus><ItemPrice>4.20</ItemPrice></item><item><PriceUpdateDate>2016-08-10 08:22:57</PriceUpdateDate><ItemCode>72983225</ItemCode><ItemType>1</ItemType><ItemName>מילקי הפוך 123 מ''ל</ItemName><ManufacturerName>מילקי</ManufacturerName><ManufactureCountry>ישראל</ManufactureCountry><ManufacturerItemDescription>מילקי הפוך 123 מ''ל</ManufacturerItemDescription><SoldByWeight/><Quantity>123.00</Quantity><UnitOfMeasure>מ"ל</UnitOfMeasure><QtyInPackage>לא ידוע</QtyInPackage><UnitOfMeasurePrice>0.0317</UnitOfMeasurePrice><AllowDiscount>1</AllowDiscount><ItemStatus>1</ItemStatus><ItemPrice>3.90</ItemPrice></item><item><PriceUpdateDate>2016-03-14 09:48:45</PriceUpdateDate><ItemCode>72986233</ItemCode><ItemType>1</ItemType><ItemName>מעדן באדי וניל מהדרי</ItemName><ManufacturerName>באדי</ManufacturerName><ManufactureCountry>ישראל</ManufactureCountry><ManufacturerItemDescription>מעדן באדי וניל מהדרי</ManufacturerItemDescription><SoldByWeight/><Quantity>125.00</Quantity><UnitOfMeasure>גרם     </UnitOfMeasure><QtyInPackage>לא ידוע</QtyInPackage><UnitOfMeasurePrice>0.0216</UnitOfMeasurePrice><AllowDiscount>1</AllowDiscount><ItemStatus>1</ItemStatus><ItemPrice>2.70</ItemPrice></item><item><PriceUpdateDate>2016-03-14 09:48:45</PriceUpdateDate><ItemCode>72986240</ItemCode><ItemType>1</ItemType><ItemName>מעדן באדי שוקו מהדרי</ItemName><ManufacturerName>באדי</ManufacturerName><ManufactureCountry>ישראל</ManufactureCountry><ManufacturerItemDescription>מעדן באדי שוקו מהדרי</ManufacturerItemDescription><SoldByWeight/><Quantity>125.00</Quantity><UnitOfMeasure>גרם     </UnitOfMeasure><QtyInPackage>לא ידוע</QtyInPackage><UnitOfMeasurePrice>0.0216</UnitOfMeasurePrice><AllowDiscount>1</AllowDiscount><ItemStatus>1</ItemStatus><ItemPrice>2.70</ItemPrice></item><item><PriceUpdateDate>2016-05-02 14:15:23</PriceUpdateDate><ItemCode>72986448</ItemCode><ItemType>1</ItemType><ItemName>גלידה טופי קראנץ 500</ItemName><ManufacturerName>בן&amp;גריס</ManufacturerName><ManufactureCountry>ישראל</ManufactureCountry><ManufacturerItemDescription>גלידת טופי קראנץ500 מל</ManufacturerItemDescription><SoldByWeight/><Quantity>500.00</Quantity><UnitOfMeasure>מ"ל</UnitOfMeasure><QtyInPackage>לא ידוע</QtyInPackage><UnitOfMeasurePrice>0.0398</UnitOfMeasurePrice><AllowDiscount>1</AllowDiscount><ItemStatus>1</ItemStatus><ItemPrice>19.90</ItemPrice></item><item><PriceUpdateDate>2016-05-02 14:15:23</PriceUpdateDate><ItemCode>72986455</ItemCode><ItemType>1</ItemType><ItemName>גלידה ניו יורק 500 מ</ItemName><ManufacturerName>בן&amp;גריס</ManufacturerName><ManufactureCountry>ישראל</ManufactureCountry><ManufacturerItemDescription>גלידה ניו יורק סופר 500 מ</ManufacturerItemDescription><SoldByWeight/><Quantity>500.00</Quantity><UnitOfMeasure>מ"ל</UnitOfMeasure><QtyInPackage>לא ידוע</QtyInPackage><UnitOfMeasurePrice>0.0398</UnitOfMeasurePrice><AllowDiscount>1</AllowDiscount><ItemStatus>1</ItemStatus><ItemPrice>19.90</ItemPrice></item><item><PriceUpdateDate>2016-05-02 14:15:23</PriceUpdateDate><ItemCode>72986479</ItemCode><ItemType>1</ItemType><ItemName>גלידה צאנקי מנקי 500</ItemName><ManufacturerName>בן&amp;גריס</ManufacturerName><ManufactureCountry>ישראל</ManufactureCountry><ManufacturerItemDescription>גלידה צינקי מונקי 500 מל</ManufacturerItemDescription><SoldByWeight/><Quantity>500.00</Quantity><UnitOfMeasure>מ"ל</UnitOfMeasure><QtyInPackage>לא ידוע</QtyInPackage><UnitOfMeasurePrice>0.0398</UnitOfMeasurePrice><AllowDiscount>1</AllowDiscount><ItemStatus>1</ItemStatus><ItemPrice>19.90</ItemPrice></item><item><PriceUpdateDate>2016-08-03 11:58:29</PriceUpdateDate><ItemCode>72991374</ItemCode><ItemType>1</ItemType><ItemName>ס.טיים רד בודד</ItemName><ManufacturerName>טיים</ManufacturerName><ManufactureCountry>ישראל</ManufactureCountry><ManufacturerItemDescription>סיגריות טיים רד בודד</ManufacturerItemDescription><SoldByWeight/><Quantity>0.00</Quantity><UnitOfMeasure>יח'</UnitOfMeasure><QtyInPackage>לא ידוע</QtyInPackage><UnitOfMeasurePrice>0.0000</UnitOfMeasurePrice><AllowDiscount>1</AllowDiscount><ItemStatus>1</ItemStatus><ItemPrice>27.90</ItemPrice></item><item><PriceUpdateDate>2016-08-03 11:58:29</PriceUpdateDate><ItemCode>72991381</ItemCode><ItemType>1</ItemType><ItemName>ס.טיים ארוך בודד</ItemName><ManufacturerName>טיים</ManufacturerName><ManufactureCountry>ישראל</ManufactureCountry><ManufacturerItemDescription>סיגריות טיים RED 100 בודד</ManufacturerItemDescription><SoldByWeight/><Quantity>0.00</Quantity><UnitOfMeasure>יח'</UnitOfMeasure><QtyInPackage>לא ידוע</QtyInPackage><UnitOfMeasurePrice>0.0000</UnitOfMeasurePrice><AllowDiscount>1</AllowDiscount><ItemStatus>1</ItemStatus><ItemPrice>27.90</ItemPrice></item><item><PriceUpdateDate>2016-08-03 11:58:29</PriceUpdateDate><ItemCode>72991497</ItemCode><ItemType>1</ItemType><ItemName>ס.נובלס פילטר בודד</ItemName><ManufacturerName>נובלס</ManufacturerName><ManufactureCountry>ישראל</ManufactureCountry><ManufacturerItemDescription>סיגריות נובלס פילטר בודד</ManufacturerItemDescription><SoldByWeight/><Quantity>0.00</Quantity><UnitOfMeasure>יח'</UnitOfMeasure><QtyInPackage>לא ידוע</QtyInPackage><UnitOfMeasurePrice>0.0000</UnitOfMeasurePrice><AllowDiscount>1</AllowDiscount><ItemStatus>1</ItemStatus><ItemPrice>27.90</ItemPrice></item><item><PriceUpdateDate>2016-05-02 14:15:23</PriceUpdateDate><ItemCode>72991886</ItemCode><ItemType>1</ItemType><ItemName>גלידהריבת חלב 500 מ"</ItemName><ManufacturerName>בן&amp;גריס</ManufacturerName><ManufactureCountry>ישראל</ManufactureCountry><ManufacturerItemDescription>גלידת ריבת חלב500  מל</ManufacturerItemDescription><SoldByWeight/><Quantity>500.00</Quantity><UnitOfMeasure>מ"ל</UnitOfMeasure><QtyInPackage>לא ידוע</QtyInPackage><UnitOfMeasurePrice>0.0398</UnitOfMeasurePrice><AllowDiscount>1</AllowDiscount><ItemStatus>1</ItemStatus><ItemPrice>19.90</ItemPrice></item><item><PriceUpdateDate>2016-08-03 11:58:29</PriceUpdateDate><ItemCode>72993477</ItemCode><ItemType>1</ItemType><ItemName>ס.אל אם סלימס בודד</ItemName><ManufacturerName>אל אם</ManufacturerName><ManufactureCountry>ארצות הברית</ManufactureCountry><ManufacturerItemDescription>סיגריות L.M וייב סלימס בו</ManufacturerItemDescription><SoldByWeight/><Quantity>0.00</Quantity><UnitOfMeasure>יח'</UnitOfMeasure><QtyInPackage>לא ידוע</QtyInPackage><UnitOfMeasurePrice>0.0000</UnitOfMeasurePrice><AllowDiscount>1</AllowDiscount><ItemStatus>1</ItemStatus><ItemPrice>30.50</ItemPrice></item><item><PriceUpdateDate>2015-10-11 20:33:54</PriceUpdateDate><ItemCode>72993637</ItemCode><ItemType>1</ItemType><ItemName>מעדן דני 125 גרם</ItemName><ManufacturerName>דני</ManufacturerName><ManufactureCountry>ישראל</ManufactureCountry><ManufacturerItemDescription>מעדן דני שוקולד 125 גרם</ManufacturerItemDescription><SoldByWeight/><Quantity>125.00</Quantity><UnitOfMeasure>מ"ל</UnitOfMeasure><QtyInPackage>לא ידוע</QtyInPackage><UnitOfMeasurePrice>0.0216</UnitOfMeasurePrice><AllowDiscount>1</AllowDiscount><ItemStatus>1</ItemStatus><ItemPrice>2.70</ItemPrice></item><item><PriceUpdateDate>2016-08-03 11:58:29</PriceUpdateDate><ItemCode>72993927</ItemCode><ItemType>1</ItemType><ItemName>ס.נקסט 100 בודד</ItemName><ManufacturerName>נקסט-סיגריות</ManufacturerName><ManufactureCountry>ארצות הברית</ManufactureCountry><ManufacturerItemDescription>סיגריות נקסט ארוך בודד</ManufacturerItemDescription><SoldByWeight/><Quantity>0.00</Quantity><UnitOfMeasure>יח'</UnitOfMeasure><QtyInPackage>לא ידוע</QtyInPackage><UnitOfMeasurePrice>0.0000</UnitOfMeasurePrice><AllowDiscount>1</AllowDiscount><ItemStatus>1</ItemStatus><ItemPrice>27.90</ItemPrice></item><item><PriceUpdateDate>2016-08-02 07:36:09</PriceUpdateDate><ItemCode>7501013132052</ItemCode><ItemType>1</ItemType><ItemName>נקטר אפרסק 1 ליטר JU</ItemName><ManufacturerName>לא ממותג</ManufacturerName><ManufactureCountry>מקסיקו</ManufactureCountry><ManufacturerItemDescription>נקטר אפרסק 1ליטר</ManufacturerItemDescription><SoldByWeight/><Quantity>1000.00</Quantity><UnitOfMeasure>מ"ל</UnitOfMeasure><QtyInPackage>לא ידוע</QtyInPackage><UnitOfMeasurePrice>0.0143</UnitOfMeasurePrice><AllowDiscount>1</AllowDiscount><ItemStatus>1</ItemStatus><ItemPrice>14.30</ItemPrice></item><item><PriceUpdateDate>2016-05-31 06:57:26</PriceUpdateDate><ItemCode>7610243004463</ItemCode><ItemType>1</ItemType><ItemName>מסיר אבן דורגול מרסס</ItemName><ManufacturerName>דורגול</ManufacturerName><ManufactureCountry>ישראל</ManufactureCountry><ManufacturerItemDescription>מסיר אבן דורגול מרסס</ManufacturerItemDescription><SoldByWeight/><Quantity>500.00</Quantity><UnitOfMeasure>מ"ל</UnitOfMeasure><QtyInPackage>לא ידוע</QtyInPackage><UnitOfMeasurePrice>0.0490</UnitOfMeasurePrice><AllowDiscount>1</AllowDiscount><ItemStatus>1</ItemStatus><ItemPrice>24.50</ItemPrice></item><item><PriceUpdateDate>2015-10-22 10:38:28</PriceUpdateDate><ItemCode>7613033539800</ItemCode><ItemType>1</ItemType><ItemName>מטרנה מחית סלט פירות</ItemName><ManufacturerName>מטרנה</ManufacturerName><ManufactureCountry>ישראל</ManufactureCountry><ManufacturerItemDescription>מטרנה מחית סלט פירות</ManufacturerItemDescription><SoldByWeight/><Quantity>190.00</Quantity><UnitOfMeasure>גרם     </UnitOfMeasure><QtyInPackage>לא ידוע</QtyInPackage><UnitOfMeasurePrice>0.0363</UnitOfMeasurePrice><AllowDiscount>1</AllowDiscount><ItemStatus>1</ItemStatus><ItemPrice>6.90</ItemPrice></item><item><PriceUpdateDate>2015-11-18 14:00:38</PriceUpdateDate><ItemCode>7613033592843</ItemCode><ItemType>1</ItemType><ItemName>דוגלי גזע קטן 3 ק"ג</ItemName><ManufacturerName>דוגלי</ManufacturerName><ManufactureCountry>הונגריה</ManufactureCountry><ManufacturerItemDescription>וופל קוביות     ט 250גרם</ManufacturerItemDescription><SoldByWeight/><Quantity>3000.00</Quantity><UnitOfMeasure>גרם     </UnitOfMeasure><QtyInPackage>לא ידוע</QtyInPackage><UnitOfMeasurePrice>0.0187</UnitOfMeasurePrice><AllowDiscount>1</AllowDiscount><ItemStatus>1</ItemStatus><ItemPrice>56.10</ItemPrice></item><item><PriceUpdateDate>2015-10-22 10:38:28</PriceUpdateDate><ItemCode>7613033691843</ItemCode><ItemType>1</ItemType><ItemName>מטרנה מרק עגבניות גז</ItemName><ManufacturerName>מטרנה</ManufacturerName><ManufactureCountry>ישראל</ManufactureCountry><ManufacturerItemDescription>מטרנה מרק עגבניות גז</ManufacturerItemDescription><SoldByWeight/><Quantity>190.00</Quantity><UnitOfMeasure>גרם     </UnitOfMeasure><QtyInPackage>לא ידוע</QtyInPackage><UnitOfMeasurePrice>0.0363</UnitOfMeasurePrice><AllowDiscount>1</AllowDiscount><ItemStatus>1</ItemStatus><ItemPrice>6.90</ItemPrice></item><item><PriceUpdateDate>2015-10-22 10:38:29</PriceUpdateDate><ItemCode>7613033692185</ItemCode><ItemType>1</ItemType><ItemName>מטרנה מחית תפוח בננה</ItemName><ManufacturerName>מטרנה</ManufacturerName><ManufactureCountry>ישראל</ManufactureCountry><ManufacturerItemDescription>מטרנה מחית תפוח בננה</ManufacturerItemDescription><SoldByWeight/><Quantity>190.00</Quantity><UnitOfMeasure>גרם     </UnitOfMeasure><QtyInPackage>לא ידוע</QtyInPackage><UnitOfMeasurePrice>0.0363</UnitOfMeasurePrice><AllowDiscount>1</AllowDiscount><ItemStatus>1</ItemStatus><ItemPrice>6.90</ItemPrice></item><item><PriceUpdateDate>2016-02-11 08:19:03</PriceUpdateDate><ItemCode>7613035571587</ItemCode><ItemType>1</ItemType><ItemName>מאגדת קיט קט רביעיות</ItemName><ManufacturerName>גלידות נסטלה</ManufacturerName><ManufactureCountry>לא ידוע</ManufactureCountry><ManufacturerItemDescription>מאגדת קיט קט רביעיות</ManufacturerItemDescription><SoldByWeight/><Quantity>272.00</Quantity><UnitOfMeasure>גרם     </UnitOfMeasure><QtyInPackage>לא ידוע</QtyInPackage><UnitOfMeasurePrice>0.1099</UnitOfMeasurePrice><AllowDiscount>1</AllowDiscount><ItemStatus>1</ItemStatus><ItemPrice>29.90</ItemPrice></item><item><PriceUpdateDate>2016-01-14 10:29:53</PriceUpdateDate><ItemCode>7622300005870</ItemCode><ItemType>1</ItemType><ItemName>קפה ג'יקובס קרונונג</ItemName><ManufacturerName>גיקובס</ManufacturerName><ManufactureCountry>גרמניה</ManufactureCountry><ManufacturerItemDescription>נסטי מנגו אננס  1. ליטר</ManufacturerItemDescription><SoldByWeight/><Quantity>200.00</Quantity><UnitOfMeasure>גרם     </UnitOfMeasure><QtyInPackage>לא ידוע</QtyInPackage><UnitOfMeasurePrice>0.2245</UnitOfMeasurePrice><AllowDiscount>1</AllowDiscount><ItemStatus>1</ItemStatus><ItemPrice>44.90</ItemPrice></item><item><PriceUpdateDate>2016-05-31 06:57:27</PriceUpdateDate><ItemCode>7622300200237</ItemCode><ItemType>1</ItemType><ItemName>שוקולד חלב מילקה 250</ItemName><ManufacturerName>מילקה</ManufacturerName><ManufactureCountry>ישראל</ManufactureCountry><ManufacturerItemDescription>שוקולד חלב מילקה 250</ManufacturerItemDescription><SoldByWeight/><Quantity>250.00</Quantity><UnitOfMeasure>גרם     </UnitOfMeasure><QtyInPackage>לא ידוע</QtyInPackage><UnitOfMeasurePrice>0.0636</UnitOfMeasurePrice><AllowDiscount>1</AllowDiscount><ItemStatus>1</ItemStatus><ItemPrice>15.90</ItemPrice></item><item><PriceUpdateDate>2016-05-17 10:31:40</PriceUpdateDate><ItemCode>7622300617820</ItemCode><ItemType>1</ItemType><ItemName>שוקולד מילקה אוראו 1</ItemName><ManufacturerName>מילקה</ManufacturerName><ManufactureCountry>גרמניה</ManufactureCountry><ManufacturerItemDescription>שוקולד מילקה אוראו 100 גר</ManufacturerItemDescription><SoldByWeight/><Quantity>100.00</Quantity><UnitOfMeasure>גרם     </UnitOfMeasure><QtyInPackage>לא ידוע</QtyInPackage><UnitOfMeasurePrice>0.0890</UnitOfMeasurePrice><AllowDiscount>1</AllowDiscount><ItemStatus>1</ItemStatus><ItemPrice>8.90</ItemPrice></item><item><PriceUpdateDate>2016-03-29 07:06:42</PriceUpdateDate><ItemCode>7622400006753</ItemCode><ItemType>1</ItemType><ItemName>שוקולד קוטדור 70% קק</ItemName><ManufacturerName>קוטדור</ManufacturerName><ManufactureCountry>בלגיה</ManufactureCountry><ManufacturerItemDescription>שוקולד קוטדור   קאו100גר</ManufacturerItemDescription><SoldByWeight/><Quantity>100.00</Quantity><UnitOfMeasure>גרם     </UnitOfMeasure><QtyInPackage>לא ידוע</QtyInPackage><UnitOfMeasurePrice>0.1490</UnitOfMeasurePrice><AllowDiscount>1</AllowDiscount><ItemStatus>1</ItemStatus><ItemPrice>14.90</ItemPrice></item><item><PriceUpdateDate>2016-03-29 07:06:42</PriceUpdateDate><ItemCode>7622400013423</ItemCode><ItemType>1</ItemType><ItemName>שוקולד קוטדור 86% קק</ItemName><ManufacturerName>קוטדור</ManufacturerName><ManufactureCountry>בלגיה</ManufactureCountry><ManufacturerItemDescription>שוקולד קוטדור   קאו100גר</ManufacturerItemDescription><SoldByWeight/><Quantity>100.00</Quantity><UnitOfMeasure>גרם     </UnitOfMeasure><QtyInPackage>לא ידוע</QtyInPackage><UnitOfMeasurePrice>0.1490</UnitOfMeasurePrice><AllowDiscount>1</AllowDiscount><ItemStatus>1</ItemStatus><ItemPrice>14.90</ItemPrice></item><item><PriceUpdateDate>2016-05-02 14:15:24</PriceUpdateDate><ItemCode>768404001640</ItemCode><ItemType>1</ItemType><ItemName>גלידה פיינט קפה 500</ItemName><ManufacturerName>בן&amp;גריס</ManufacturerName><ManufactureCountry>ישראל</ManufactureCountry><ManufacturerItemDescription>גלידה קפה 500 מל</ManufacturerItemDescription><SoldByWeight/><Quantity>500.00</Quantity><UnitOfMeasure>מ"ל</UnitOfMeasure><QtyInPackage>לא ידוע</QtyInPackage><UnitOfMeasurePrice>0.0398</UnitOfMeasurePrice><AllowDiscount>1</AllowDiscount><ItemStatus>1</ItemStatus><ItemPrice>19.90</ItemPrice></item><item><PriceUpdateDate>2016-03-01 06:15:00</PriceUpdateDate><ItemCode>7702018010639</ItemCode><ItemType>1</ItemType><ItemName>סכיני גילוח פיוזן פר</ItemName><ManufacturerName>גילט</ManufacturerName><ManufactureCountry>גרמניה</ManufactureCountry><ManufacturerItemDescription>סכיני גילוח פיוזן פר</ManufacturerItemDescription><SoldByWeight/><Quantity>8.00</Quantity><UnitOfMeasure>בודד</UnitOfMeasure><QtyInPackage>לא ידוע</QtyInPackage><UnitOfMeasurePrice>21.5250</UnitOfMeasurePrice><AllowDiscount>1</AllowDiscount><ItemStatus>1</ItemStatus><ItemPrice>172.20</ItemPrice></item><item><PriceUpdateDate>2016-06-28 09:29:57</PriceUpdateDate><ItemCode>7702018978106</ItemCode><ItemType>1</ItemType><ItemName>דאו' AI קליר ג'ל 70</ItemName><ManufacturerName>APDO</ManufacturerName><ManufactureCountry>ישראל</ManufactureCountry><ManufacturerItemDescription>דאו.קליר ג'ל     70 מ"ל</ManufacturerItemDescription><SoldByWeight/><Quantity>70.00</Quantity><UnitOfMeasure>מ"ל</UnitOfMeasure><QtyInPackage>לא ידוע</QtyInPackage><UnitOfMeasurePrice>0.4843</UnitOfMeasurePrice><AllowDiscount>1</AllowDiscount><ItemStatus>1</ItemStatus><ItemPrice>33.90</ItemPrice></item><item><PriceUpdateDate>2015-11-18 14:00:39</PriceUpdateDate><ItemCode>7702174066709</ItemCode><ItemType>1</ItemType><ItemName>סוכריות יוגטה 80. קפ</ItemName><ManufacturerName>לא ידוע</ManufacturerName><ManufactureCountry>ישראל</ManufactureCountry><ManufacturerItemDescription>סוכריות ללא סוכר קפה80גר</ManufacturerItemDescription><SoldByWeight/><Quantity>81.00</Quantity><UnitOfMeasure>גרם     </UnitOfMeasure><QtyInPackage>לא ידוע</QtyInPackage><UnitOfMeasurePrice>0.1235</UnitOfMeasurePrice><AllowDiscount>1</AllowDiscount><ItemStatus>1</ItemStatus><ItemPrice>10.00</ItemPrice></item><item><PriceUpdateDate>2016-08-10 08:23:33</PriceUpdateDate><ItemCode>7702174068826</ItemCode><ItemType>1</ItemType><ItemName>לקקן יוגטה מילוי טופ</ItemName><ManufacturerName>יוגטה</ManufacturerName><ManufactureCountry>אקוודור</ManufactureCountry><ManufacturerItemDescription>לקקן יוגטה פירותירות216ג</ManufacturerItemDescription><SoldByWeight/><Quantity>216.00</Quantity><UnitOfMeasure>גרם     </UnitOfMeasure><QtyInPackage>לא ידוע</QtyInPackage><UnitOfMeasurePrice>0.0597</UnitOfMeasurePrice><AllowDiscount>1</AllowDiscount><ItemStatus>1</ItemStatus><ItemPrice>12.90</ItemPrice></item><item><PriceUpdateDate>2016-08-10 08:23:33</PriceUpdateDate><ItemCode>7702174070201</ItemCode><ItemType>1</ItemType><ItemName>לקקן יוגטה מג'יק 216</ItemName><ManufacturerName>יוגטה</ManufacturerName><ManufactureCountry>אקוודור</ManufactureCountry><ManufacturerItemDescription>לקקן יוגטה מג'יק216גרם</ManufacturerItemDescription><SoldByWeight/><Quantity>216.00</Quantity><UnitOfMeasure>גרם     </UnitOfMeasure><QtyInPackage>לא ידוע</QtyInPackage><UnitOfMeasurePrice>0.0597</UnitOfMeasurePrice><AllowDiscount>1</AllowDiscount><ItemStatus>1</ItemStatus><ItemPrice>12.90</ItemPrice></item><item><PriceUpdateDate>2016-08-02 07:36:10</PriceUpdateDate><ItemCode>7702174073844</ItemCode><ItemType>1</ItemType><ItemName>לקקן פין פופ פירות 4</ItemName><ManufacturerName>אלדור</ManufacturerName><ManufactureCountry>ישראל</ManufactureCountry><ManufacturerItemDescription>לקקן פין פופ פירות 4</ManufacturerItemDescription><SoldByWeight/><Quantity>672.00</Quantity><UnitOfMeasure>גרם     </UnitOfMeasure><QtyInPackage>לא ידוע</QtyInPackage><UnitOfMeasurePrice>0.0326</UnitOfMeasurePrice><AllowDiscount>1</AllowDiscount><ItemStatus>1</ItemStatus><ItemPrice>21.90</ItemPrice></item><item><PriceUpdateDate>2016-07-18 12:07:17</PriceUpdateDate><ItemCode>8000380003723</ItemCode><ItemType>1</ItemType><ItemName>וופלים פטיסרי אגוזים</ItemName><ManufacturerName>לא ממותג</ManufacturerName><ManufactureCountry>איטליה</ManufactureCountry><ManufacturerItemDescription>ופל גרנד פטיסרי אגוזים100</ManufacturerItemDescription><SoldByWeight/><Quantity>100.00</Quantity><UnitOfMeasure>גרם     </UnitOfMeasure><QtyInPackage>לא ידוע</QtyInPackage><UnitOfMeasurePrice>0.1490</UnitOfMeasurePrice><AllowDiscount>1</AllowDiscount><ItemStatus>1</ItemStatus><ItemPrice>14.90</ItemPrice></item><item><PriceUpdateDate>2016-07-18 12:07:17</PriceUpdateDate><ItemCode>8000380003761</ItemCode><ItemType>1</ItemType><ItemName>וופלים פטיסרי קוקוס</ItemName><ManufacturerName>לואקר</ManufacturerName><ManufactureCountry>איטליה</ManufactureCountry><ManufacturerItemDescription>ופל גרנד פטיסרי קוקוס100</ManufacturerItemDescription><SoldByWeight/><Quantity>100.00</Quantity><UnitOfMeasure>גרם     </UnitOfMeasure><QtyInPackage>לא ידוע</QtyInPackage><UnitOfMeasurePrice>0.1490</UnitOfMeasurePrice><AllowDiscount>1</AllowDiscount><ItemStatus>1</ItemStatus><ItemPrice>14.90</ItemPrice></item><item><PriceUpdateDate>2016-06-28 09:29:58</PriceUpdateDate><ItemCode>8000380004669</ItemCode><ItemType>1</ItemType><ItemName>וופל לואקר קקאו 200</ItemName><ManufacturerName>לואקר</ManufacturerName><ManufactureCountry>אוסטריה</ManufactureCountry><ManufacturerItemDescription>וופל לואקר קקאו 200 גרם</ManufacturerItemDescription><SoldByWeight/><Quantity>200.00</Quantity><UnitOfMeasure>גרם     </UnitOfMeasure><QtyInPackage>לא ידוע</QtyInPackage><UnitOfMeasurePrice>0.0745</UnitOfMeasurePrice><AllowDiscount>1</AllowDiscount><ItemStatus>1</ItemStatus><ItemPrice>14.90</ItemPrice></item><item><PriceUpdateDate>2016-06-28 09:29:58</PriceUpdateDate><ItemCode>8000380004676</ItemCode><ItemType>1</ItemType><ItemName>וופל לואקר וניל 200</ItemName><ManufacturerName>לואקר</ManufacturerName><ManufactureCountry>אוסטריה</ManufactureCountry><ManufacturerItemDescription>וופל+קרם וניל לואקר 200 ג</ManufacturerItemDescription><SoldByWeight/><Quantity>200.00</Quantity><UnitOfMeasure>גרם     </UnitOfMeasure><QtyInPackage>לא ידוע</QtyInPackage><UnitOfMeasurePrice>0.0745</UnitOfMeasurePrice><AllowDiscount>1</AllowDiscount><ItemStatus>1</ItemStatus><ItemPrice>14.90</ItemPrice></item><item><PriceUpdateDate>2016-05-01 08:19:45</PriceUpdateDate><ItemCode>8000380004911</ItemCode><ItemType>1</ItemType><ItemName>וופל קואדרטיני אגוז</ItemName><ManufacturerName>לואקר</ManufacturerName><ManufactureCountry>אוסטריה</ManufactureCountry><ManufacturerItemDescription>ופל קואדרטיני   אגוז250ג</ManufacturerItemDescription><SoldByWeight/><Quantity>250.00</Quantity><UnitOfMeasure>גרם     </UnitOfMeasure><QtyInPackage>לא ידוע</QtyInPackage><UnitOfMeasurePrice>0.0556</UnitOfMeasurePrice><AllowDiscount>1</AllowDiscount><ItemStatus>1</ItemStatus><ItemPrice>13.90</ItemPrice></item><item><PriceUpdateDate>2016-05-01 08:19:45</PriceUpdateDate><ItemCode>8000380004942</ItemCode><ItemType>1</ItemType><ItemName>קואדרטיני וניל 250 ג</ItemName><ManufacturerName>לא ידוע</ManufacturerName><ManufactureCountry>ישראל</ManufactureCountry><ManufacturerItemDescription>קואדרטיני וניל 250 ג</ManufacturerItemDescription><SoldByWeight/><Quantity>250.00</Quantity><UnitOfMeasure>גרם     </UnitOfMeasure><QtyInPackage>לא ידוע</QtyInPackage><UnitOfMeasurePrice>0.0556</UnitOfMeasurePrice><AllowDiscount>1</AllowDiscount><ItemStatus>1</ItemStatus><ItemPrice>13.90</ItemPrice></item><item><PriceUpdateDate>2016-05-01 08:19:45</PriceUpdateDate><ItemCode>8000380004966</ItemCode><ItemType>1</ItemType><ItemName>וופל קואדרטיני קקאו</ItemName><ManufacturerName>לואקר</ManufacturerName><ManufactureCountry>אוסטריה</ManufactureCountry><ManufacturerItemDescription>ופל קואדרטיני   קקאו250ג</ManufacturerItemDescription><SoldByWeight/><Quantity>250.00</Quantity><UnitOfMeasure>גרם     </UnitOfMeasure><QtyInPackage>לא ידוע</QtyInPackage><UnitOfMeasurePrice>0.0556</UnitOfMeasurePrice><AllowDiscount>1</AllowDiscount><ItemStatus>1</ItemStatus><ItemPrice>13.90</ItemPrice></item><item><PriceUpdateDate>2016-02-16 20:38:24</PriceUpdateDate><ItemCode>8000380007257</ItemCode><ItemType>1</ItemType><ItemName>וופל גרדנה 200 גרם</ItemName><ManufacturerName>לואקר</ManufacturerName><ManufactureCountry>איטליה</ManufactureCountry><ManufacturerItemDescription>חטיפי ביס גו פיטננה132גר</ManufacturerItemDescription><SoldByWeight/><Quantity>200.00</Quantity><UnitOfMeasure>גרם     </UnitOfMeasure><QtyInPackage>לא ידוע</QtyInPackage><UnitOfMeasurePrice>0.0795</UnitOfMeasurePrice><AllowDiscount>1</AllowDiscount><ItemStatus>1</ItemStatus><ItemPrice>15.90</ItemPrice></item><item><PriceUpdateDate>2016-02-16 20:38:24</PriceUpdateDate><ItemCode>8000380144044</ItemCode><ItemType>1</ItemType><ItemName>וופל גרדנה שוקולד 20</ItemName><ManufacturerName>לואקר</ManufacturerName><ManufactureCountry>איטליה</ManufactureCountry><ManufacturerItemDescription>ופלים גרדנה     לד200גרם</ManufacturerItemDescription><SoldByWeight/><Quantity>200.00</Quantity><UnitOfMeasure>גרם     </UnitOfMeasure><QtyInPackage>לא ידוע</QtyInPackage><UnitOfMeasurePrice>0.0795</UnitOfMeasurePrice><AllowDiscount>1</AllowDiscount><ItemStatus>1</ItemStatus><ItemPrice>15.90</ItemPrice></item><item><PriceUpdateDate>2015-10-22 10:38:00</PriceUpdateDate><ItemCode>8000380156856</ItemCode><ItemType>1</ItemType><ItemName>שוקולד לואקר לבן 87</ItemName><ManufacturerName>לואקר</ManufacturerName><ManufactureCountry>איטליה</ManufactureCountry><ManufacturerItemDescription>שוקולד לבן 87 גרם</ManufacturerItemDescription><SoldByWeight/><Quantity>87.00</Quantity><UnitOfMeasure>גרם     </UnitOfMeasure><QtyInPackage>לא ידוע</QtyInPackage><UnitOfMeasurePrice>0.1161</UnitOfMeasurePrice><AllowDiscount>1</AllowDiscount><ItemStatus>1</ItemStatus><ItemPrice>10.10</ItemPrice></item><item><PriceUpdateDate>2016-05-01 08:19:46</PriceUpdateDate><ItemCode>8000380180745</ItemCode><ItemType>1</ItemType><ItemName>וופל קואדרטיני שוקו</ItemName><ManufacturerName>לואקר</ManufacturerName><ManufactureCountry>אוסטריה</ManufactureCountry><ManufacturerItemDescription>וופל קואדרטיני טירמיסו 22</ManufacturerItemDescription><SoldByWeight/><Quantity>250.00</Quantity><UnitOfMeasure>גרם     </UnitOfMeasure><QtyInPackage>לא ידוע</QtyInPackage><UnitOfMeasurePrice>0.0556</UnitOfMeasurePrice><AllowDiscount>1</AllowDiscount><ItemStatus>1</ItemStatus><ItemPrice>13.90</ItemPrice></item><item><PriceUpdateDate>2016-06-28 09:31:45</PriceUpdateDate><ItemCode>8000500023624</ItemCode><ItemType>1</ItemType><ItemName>קינדר הפי היפו חמישי</ItemName><ManufacturerName>לא ידוע</ManufacturerName><ManufactureCountry>איטליה</ManufactureCountry><ManufacturerItemDescription>חטיפי ביס גו פיט132 גרם</ManufacturerItemDescription><SoldByWeight/><Quantity>0.00</Quantity><UnitOfMeasure>יח'</UnitOfMeasure><QtyInPackage>לא ידוע</QtyInPackage><UnitOfMeasurePrice>0.0000</UnitOfMeasurePrice><AllowDiscount>1</AllowDiscount><ItemStatus>1</ItemStatus><ItemPrice>15.90</ItemPrice></item><item><PriceUpdateDate>2016-05-31 07:03:52</PriceUpdateDate><ItemCode>8000500029350</ItemCode><ItemType>1</ItemType><ItemName>מאגדת קינדר בואנו חל</ItemName><ManufacturerName>קינדר בואנו</ManufacturerName><ManufactureCountry>פולין</ManufactureCountry><ManufacturerItemDescription>דגנים גו פיט    וזי לוז</ManufacturerItemDescription><SoldByWeight/><Quantity>129.00</Quantity><UnitOfMeasure>גרם     </UnitOfMeasure><QtyInPackage>לא ידוע</QtyInPackage><UnitOfMeasurePrice>0.0969</UnitOfMeasurePrice><AllowDiscount>1</AllowDiscount><ItemStatus>1</ItemStatus><ItemPrice>12.50</ItemPrice></item><item><PriceUpdateDate>2016-06-28 09:31:45</PriceUpdateDate><ItemCode>8000500071083</ItemCode><ItemType>1</ItemType><ItemName>אצבעות שוקולד קינדר</ItemName><ManufacturerName>קינדר</ManufacturerName><ManufactureCountry>איטליה</ManufactureCountry><ManufacturerItemDescription>דגנים גו פיט    וקוס340ג</ManufacturerItemDescription><SoldByWeight/><Quantity>200.00</Quantity><UnitOfMeasure>גרם     </UnitOfMeasure><QtyInPackage>לא ידוע</QtyInPackage><UnitOfMeasurePrice>0.0795</UnitOfMeasurePrice><AllowDiscount>1</AllowDiscount><ItemStatus>1</ItemStatus><ItemPrice>15.90</ItemPrice></item><item><PriceUpdateDate>2016-05-31 07:03:52</PriceUpdateDate><ItemCode>8000500075708</ItemCode><ItemType>1</ItemType><ItemName>מארז ביצי קינדר ג'וי</ItemName><ManufacturerName>קינדר</ManufacturerName><ManufactureCountry>דרום אפריקה</ManufactureCountry><ManufacturerItemDescription>קינדר ג'וי כחול כחול20*3</ManufacturerItemDescription><SoldByWeight/><Quantity>0.00</Quantity><UnitOfMeasure>יח'</UnitOfMeasure><QtyInPackage>לא ידוע</QtyInPackage><UnitOfMeasurePrice>0.0000</UnitOfMeasurePrice><AllowDiscount>1</AllowDiscount><ItemStatus>1</ItemStatus><ItemPrice>14.50</ItemPrice></item><item><PriceUpdateDate>2016-05-31 07:03:52</PriceUpdateDate><ItemCode>8000500121436</ItemCode><ItemType>1</ItemType><ItemName>מאגדת קינדר בואנו לב</ItemName><ManufacturerName>קינדר</ManufacturerName><ManufactureCountry>פולין</ManufactureCountry><ManufacturerItemDescription>דגנים גו פיט     מריר340</ManufacturerItemDescription><SoldByWeight/><Quantity>129.00</Quantity><UnitOfMeasure>גרם     </UnitOfMeasure><QtyInPackage>לא ידוע</QtyInPackage><UnitOfMeasurePrice>0.0969</UnitOfMeasurePrice><AllowDiscount>0</AllowDiscount><ItemStatus>1</ItemStatus><ItemPrice>12.50</ItemPrice></item><item><PriceUpdateDate>2016-06-28 09:31:45</PriceUpdateDate><ItemCode>8000500214114</ItemCode><ItemType>1</ItemType><ItemName>קינדר בואנו מריר 43</ItemName><ManufacturerName>קינדר</ManufacturerName><ManufactureCountry>פולין</ManufactureCountry><ManufacturerItemDescription>חטיף וופל קינדר בואנו</ManufacturerItemDescription><SoldByWeight/><Quantity>43.00</Quantity><UnitOfMeasure>גרם     </UnitOfMeasure><QtyInPackage>לא ידוע</QtyInPackage><UnitOfMeasurePrice>0.1140</UnitOfMeasurePrice><AllowDiscount>1</AllowDiscount><ItemStatus>1</ItemStatus><ItemPrice>4.90</ItemPrice></item><item><PriceUpdateDate>2016-05-31 07:03:52</PriceUpdateDate><ItemCode>8000700000050</ItemCode><ItemType>1</ItemType><ItemName>סבון מוצק דאב רביעיי</ItemName><ManufacturerName>דאב</ManufacturerName><ManufactureCountry>ישראל</ManufactureCountry><ManufacturerItemDescription>סבון מוצק דאב רביעיי</ManufacturerItemDescription><SoldByWeight/><Quantity>400.00</Quantity><UnitOfMeasure>גרם     </UnitOfMeasure><QtyInPackage>לא ידוע</QtyInPackage><UnitOfMeasurePrice>0.0398</UnitOfMeasurePrice><AllowDiscount>1</AllowDiscount><ItemStatus>1</ItemStatus><ItemPrice>15.90</ItemPrice></item><item><PriceUpdateDate>2016-06-28 09:29:58</PriceUpdateDate><ItemCode>8002450204009</ItemCode><ItemType>1</ItemType><ItemName>יין ורדי אפרסק מבעבע</ItemName><ManufacturerName>ורדי</ManufacturerName><ManufactureCountry>איטליה</ManufactureCountry><ManufacturerItemDescription>דאודורנט אקס    150AFRIמ</ManufacturerItemDescription><SoldByWeight/><Quantity>750.00</Quantity><UnitOfMeasure>מ"ל</UnitOfMeasure><QtyInPackage>לא ידוע</QtyInPackage><UnitOfMeasurePrice>0.0399</UnitOfMeasurePrice><AllowDiscount>1</AllowDiscount><ItemStatus>1</ItemStatus><ItemPrice>29.90</ItemPrice></item><item><PriceUpdateDate>2015-10-11 20:35:48</PriceUpdateDate><ItemCode>8005200496525</ItemCode><ItemType>1</ItemType><ItemName>נסטי בטעם אפרסק 1.5</ItemName><ManufacturerName>נסטי</ManufacturerName><ManufactureCountry>ישראל</ManufactureCountry><ManufacturerItemDescription>נסטי אפרסק      יטר</ManufacturerItemDescription><SoldByWeight/><Quantity>1500.00</Quantity><UnitOfMeasure>מ"ל</UnitOfMeasure><QtyInPackage>לא ידוע</QtyInPackage><UnitOfMeasurePrice>0.0054</UnitOfMeasurePrice><AllowDiscount>1</AllowDiscount><ItemStatus>1</ItemStatus><ItemPrice>8.10</ItemPrice></item><item><PriceUpdateDate>2015-10-11 20:35:48</PriceUpdateDate><ItemCode>8005200536528</ItemCode><ItemType>1</ItemType><ItemName>נסטי בטעם מנגו אננס</ItemName><ManufacturerName>נסטי</ManufacturerName><ManufactureCountry>ישראל</ManufactureCountry><ManufacturerItemDescription>נסטי מנגו אננס  1. ליטר</ManufacturerItemDescription><SoldByWeight/><Quantity>1500.00</Quantity><UnitOfMeasure>מ"ל</UnitOfMeasure><QtyInPackage>לא ידוע</QtyInPackage><UnitOfMeasurePrice>0.0054</UnitOfMeasurePrice><AllowDiscount>1</AllowDiscount><ItemStatus>1</ItemStatus><ItemPrice>8.10</ItemPrice></item><item><PriceUpdateDate>2015-10-11 20:35:49</PriceUpdateDate><ItemCode>8005200786527</ItemCode><ItemType>1</ItemType><ItemName>נסטי בטעם תפוח 1.5 ל</ItemName><ManufacturerName>נסטי</ManufacturerName><ManufactureCountry>ישראל</ManufactureCountry><ManufacturerItemDescription>נסטי בטעם תפוח 1.5 ל</ManufacturerItemDescription><SoldByWeight/><Quantity>1500.00</Quantity><UnitOfMeasure>מ"ל</UnitOfMeasure><QtyInPackage>לא ידוע</QtyInPackage><UnitOfMeasurePrice>0.0054</UnitOfMeasurePrice><AllowDiscount>1</AllowDiscount><ItemStatus>1</ItemStatus><ItemPrice>8.10</ItemPrice></item><item><PriceUpdateDate>2016-06-28 09:28:23</PriceUpdateDate><ItemCode>80052173</ItemCode><ItemType>1</ItemType><ItemName>סוכריות טיק טק טעם פ</ItemName><ManufacturerName>טיק טק</ManufacturerName><ManufactureCountry>דרום אפריקה</ManufactureCountry><ManufacturerItemDescription>סוכריות טיק טק פסיפלורה 1</ManufacturerItemDescription><SoldByWeight/><Quantity>16.00</Quantity><UnitOfMeasure>גרם     </UnitOfMeasure><QtyInPackage>לא ידוע</QtyInPackage><UnitOfMeasurePrice>0.2437</UnitOfMeasurePrice><AllowDiscount>1</AllowDiscount><ItemStatus>1</ItemStatus><ItemPrice>3.90</ItemPrice></item><item><PriceUpdateDate>2016-06-28 09:30:28</PriceUpdateDate><ItemCode>80052760</ItemCode><ItemType>1</ItemType><ItemName>קינדר בואנו חלב 43 ג</ItemName><ManufacturerName>קינדר</ManufacturerName><ManufactureCountry>פולין</ManufactureCountry><ManufacturerItemDescription>חטיף וופל קינדר בואנו</ManufacturerItemDescription><SoldByWeight/><Quantity>43.00</Quantity><UnitOfMeasure>גרם     </UnitOfMeasure><QtyInPackage>לא ידוע</QtyInPackage><UnitOfMeasurePrice>0.1140</UnitOfMeasurePrice><AllowDiscount>1</AllowDiscount><ItemStatus>1</ItemStatus><ItemPrice>4.90</ItemPrice></item><item><PriceUpdateDate>2015-11-18 14:00:42</PriceUpdateDate><ItemCode>8008857406152</ItemCode><ItemType>1</ItemType><ItemName>אטריות עגולות עבות 5</ItemName><ManufacturerName>תומר</ManufacturerName><ManufactureCountry>ישראל</ManufactureCountry><ManufacturerItemDescription>אטריות עגולות עבות 5</ManufacturerItemDescription><SoldByWeight/><Quantity>500.00</Quantity><UnitOfMeasure>גרם     </UnitOfMeasure><QtyInPackage>לא ידוע</QtyInPackage><UnitOfMeasurePrice>0.0166</UnitOfMeasurePrice><AllowDiscount>1</AllowDiscount><ItemStatus>1</ItemStatus><ItemPrice>8.30</ItemPrice></item><item><PriceUpdateDate>2015-11-20 08:31:18</PriceUpdateDate><ItemCode>8015997000911</ItemCode><ItemType>1</ItemType><ItemName>בישקוטים מאריני 200</ItemName><ManufacturerName>ק.א.שוקולד</ManufacturerName><ManufactureCountry>ישראל</ManufactureCountry><ManufacturerItemDescription>בישקוטים מאריני 200</ManufacturerItemDescription><SoldByWeight/><Quantity>200.00</Quantity><UnitOfMeasure>גרם     </UnitOfMeasure><QtyInPackage>לא ידוע</QtyInPackage><UnitOfMeasurePrice>0.0345</UnitOfMeasurePrice><AllowDiscount>1</AllowDiscount><ItemStatus>1</ItemStatus><ItemPrice>6.90</ItemPrice></item><item><PriceUpdateDate>2016-03-16 18:08:40</PriceUpdateDate><ItemCode>80176800</ItemCode><ItemType>1</ItemType><ItemName>ממרח שוקולד נוטלה 75</ItemName><ManufacturerName>נוטלה</ManufacturerName><ManufactureCountry>פולין</ManufactureCountry><ManufacturerItemDescription>מסטיק מנטוס      90 גרם</ManufacturerItemDescription><SoldByWeight/><Quantity>750.00</Quantity><UnitOfMeasure>גרם     </UnitOfMeasure><QtyInPackage>לא ידוע</QtyInPackage><UnitOfMeasurePrice>0.0332</UnitOfMeasurePrice><AllowDiscount>1</AllowDiscount><ItemStatus>1</ItemStatus><ItemPrice>24.90</ItemPrice></item><item><PriceUpdateDate>2016-03-29 10:13:01</PriceUpdateDate><ItemCode>80177173</ItemCode><ItemType>1</ItemType><ItemName>ממרח שוקולד נוטלה 35</ItemName><ManufacturerName>פררו</ManufacturerName><ManufactureCountry>איטליה</ManufactureCountry><ManufacturerItemDescription>מסטיק מנטוס     ת מיקס90</ManufacturerItemDescription><SoldByWeight/><Quantity>350.00</Quantity><UnitOfMeasure>גרם     </UnitOfMeasure><QtyInPackage>לא ידוע</QtyInPackage><UnitOfMeasurePrice>0.0411</UnitOfMeasurePrice><AllowDiscount>1</AllowDiscount><ItemStatus>1</ItemStatus><ItemPrice>14.40</ItemPrice></item><item><PriceUpdateDate>2016-06-28 09:28:23</PriceUpdateDate><ItemCode>80177180</ItemCode><ItemType>1</ItemType><ItemName>חטיף קינדר קאנטרי 23</ItemName><ManufacturerName>קינדר</ManufacturerName><ManufactureCountry>איטליה</ManufactureCountry><ManufacturerItemDescription>שוקולד קינדר קאנטרי 23.5</ManufacturerItemDescription><SoldByWeight/><Quantity>24.00</Quantity><UnitOfMeasure>גרם     </UnitOfMeasure><QtyInPackage>לא ידוע</QtyInPackage><UnitOfMeasurePrice>0.1208</UnitOfMeasurePrice><AllowDiscount>1</AllowDiscount><ItemStatus>1</ItemStatus><ItemPrice>2.90</ItemPrice></item><item><PriceUpdateDate>2016-06-28 09:30:28</PriceUpdateDate><ItemCode>80177609</ItemCode><ItemType>1</ItemType><ItemName>אצבעות שוקולד קינדר</ItemName><ManufacturerName>קינדר</ManufacturerName><ManufactureCountry>איטליה</ManufactureCountry><ManufacturerItemDescription>שוקולד חלב ממולא קינדר50</ManufacturerItemDescription><SoldByWeight/><Quantity>50.00</Quantity><UnitOfMeasure>גרם     </UnitOfMeasure><QtyInPackage>לא ידוע</QtyInPackage><UnitOfMeasurePrice>0.0980</UnitOfMeasurePrice><AllowDiscount>1</AllowDiscount><ItemStatus>1</ItemStatus><ItemPrice>4.90</ItemPrice></item><item><PriceUpdateDate>2016-06-28 09:30:28</PriceUpdateDate><ItemCode>80177616</ItemCode><ItemType>1</ItemType><ItemName>שוקולד קינדר 100 גרם</ItemName><ManufacturerName>לא ידוע</ManufacturerName><ManufactureCountry>איטליה</ManufactureCountry><ManufacturerItemDescription>מסטיק מנטוס אבטיח 28 גרם</ManufacturerItemDescription><SoldByWeight/><Quantity>100.00</Quantity><UnitOfMeasure>גרם     </UnitOfMeasure><QtyInPackage>לא ידוע</QtyInPackage><UnitOfMeasurePrice>0.0890</UnitOfMeasurePrice><AllowDiscount>1</AllowDiscount><ItemStatus>1</ItemStatus><ItemPrice>8.90</ItemPrice></item><item><PriceUpdateDate>2016-06-28 09:30:28</PriceUpdateDate><ItemCode>80761761</ItemCode><ItemType>1</ItemType><ItemName>קינדר בואנו לבן 43 ג</ItemName><ManufacturerName>קינדר</ManufacturerName><ManufactureCountry>פולין</ManufactureCountry><ManufacturerItemDescription>חטיף וופל קינדר בואנו ש.ל</ManufacturerItemDescription><SoldByWeight/><Quantity>43.00</Quantity><UnitOfMeasure>גרם     </UnitOfMeasure><QtyInPackage>לא ידוע</QtyInPackage><UnitOfMeasurePrice>0.1140</UnitOfMeasurePrice><AllowDiscount>1</AllowDiscount><ItemStatus>1</ItemStatus><ItemPrice>4.90</ItemPrice></item><item><PriceUpdateDate>2015-12-07 10:55:14</PriceUpdateDate><ItemCode>80765790</ItemCode><ItemType>1</ItemType><ItemName>מסטיק מנטוס 3D  אניג</ItemName><ManufacturerName>מנטוס</ManufacturerName><ManufactureCountry>ישראל</ManufactureCountry><ManufacturerItemDescription>מסטיק מנטוס 3D  יגמה33ג</ManufacturerItemDescription><SoldByWeight/><Quantity>33.00</Quantity><UnitOfMeasure>גרם     </UnitOfMeasure><QtyInPackage>לא ידוע</QtyInPackage><UnitOfMeasurePrice>0.2273</UnitOfMeasurePrice><AllowDiscount>1</AllowDiscount><ItemStatus>1</ItemStatus><ItemPrice>7.50</ItemPrice></item><item><PriceUpdateDate>2015-11-17 14:08:21</PriceUpdateDate><ItemCode>80767091</ItemCode><ItemType>1</ItemType><ItemName>מסטיק מנטוס ביג 90 ג</ItemName><ManufacturerName>מנטוס</ManufacturerName><ManufactureCountry>ישראל</ManufactureCountry><ManufacturerItemDescription>מסטיק מנטוס     ת אדומ90</ManufacturerItemDescription><SoldByWeight/><Quantity>90.00</Quantity><UnitOfMeasure>גרם     </UnitOfMeasure><QtyInPackage>לא ידוע</QtyInPackage><UnitOfMeasurePrice>0.2244</UnitOfMeasurePrice><AllowDiscount>1</AllowDiscount><ItemStatus>1</ItemStatus><ItemPrice>20.20</ItemPrice></item><item><PriceUpdateDate>2016-05-31 07:03:55</PriceUpdateDate><ItemCode>8076800195057</ItemCode><ItemType>1</ItemType><ItemName>ברילה פסטה ספגטיני מ</ItemName><ManufacturerName>ברילה</ManufacturerName><ManufactureCountry>איטליה</ManufactureCountry><ManufacturerItemDescription>ג'לי לבבות       250 גרם</ManufacturerItemDescription><SoldByWeight/><Quantity>500.00</Quantity><UnitOfMeasure>גרם     </UnitOfMeasure><QtyInPackage>לא ידוע</QtyInPackage><UnitOfMeasurePrice>0.0130</UnitOfMeasurePrice><AllowDiscount>1</AllowDiscount><ItemStatus>1</ItemStatus><ItemPrice>6.50</ItemPrice></item><item><PriceUpdateDate>2016-05-31 07:03:55</PriceUpdateDate><ItemCode>8076800195132</ItemCode><ItemType>1</ItemType><ItemName>ברילה אטריות בבטה 50</ItemName><ManufacturerName>ברילה</ManufacturerName><ManufactureCountry>ישראל</ManufactureCountry><ManufacturerItemDescription>ברילה אטריות בבטה 50</ManufacturerItemDescription><SoldByWeight/><Quantity>500.00</Quantity><UnitOfMeasure>גרם     </UnitOfMeasure><QtyInPackage>לא ידוע</QtyInPackage><UnitOfMeasurePrice>0.0130</UnitOfMeasurePrice><AllowDiscount>1</AllowDiscount><ItemStatus>1</ItemStatus><ItemPrice>6.50</ItemPrice></item><item><PriceUpdateDate>2016-05-31 07:03:55</PriceUpdateDate><ItemCode>8076800315097</ItemCode><ItemType>1</ItemType><ItemName>ברילה ספגטי בוקטיני</ItemName><ManufacturerName>ברילה</ManufacturerName><ManufactureCountry>איטליה</ManufactureCountry><ManufacturerItemDescription>פסטה ברילה בוקטיני מס500</ManufacturerItemDescription><SoldByWeight/><Quantity>500.00</Quantity><UnitOfMeasure>גרם     </UnitOfMeasure><QtyInPackage>לא ידוע</QtyInPackage><UnitOfMeasurePrice>0.0130</UnitOfMeasurePrice><AllowDiscount>1</AllowDiscount><ItemStatus>1</ItemStatus><ItemPrice>6.50</ItemPrice></item><item><PriceUpdateDate>2016-05-31 07:03:55</PriceUpdateDate><ItemCode>8076802085837</ItemCode><ItemType>1</ItemType><ItemName>ברילה פסטה טוטליני 5</ItemName><ManufacturerName>ברילה</ManufacturerName><ManufactureCountry>איטליה</ManufactureCountry><ManufacturerItemDescription>פסטה ברילה טורטיליוני מס</ManufacturerItemDescription><SoldByWeight/><Quantity>500.00</Quantity><UnitOfMeasure>גרם     </UnitOfMeasure><QtyInPackage>לא ידוע</QtyInPackage><UnitOfMeasurePrice>0.0130</UnitOfMeasurePrice><AllowDiscount>1</AllowDiscount><ItemStatus>1</ItemStatus><ItemPrice>6.50</ItemPrice></item><item><PriceUpdateDate>2016-05-31 07:03:56</PriceUpdateDate><ItemCode>8076808060654</ItemCode><ItemType>1</ItemType><ItemName>ברילה פסטה פרפלה 500</ItemName><ManufacturerName>ברילה</ManufacturerName><ManufactureCountry>איטליה</ManufactureCountry><ManufacturerItemDescription>פסטה ברילה פרפלה מס</ManufacturerItemDescription><SoldByWeight/><Quantity>500.00</Quantity><UnitOfMeasure>גרם     </UnitOfMeasure><QtyInPackage>לא ידוע</QtyInPackage><UnitOfMeasurePrice>0.0130</UnitOfMeasurePrice><AllowDiscount>1</AllowDiscount><ItemStatus>1</ItemStatus><ItemPrice>6.50</ItemPrice></item><item><PriceUpdateDate>2016-05-01 08:14:08</PriceUpdateDate><ItemCode>8076809513388</ItemCode><ItemType>1</ItemType><ItemName>ברילה רוטב ארביאטה 4</ItemName><ManufacturerName>ברילה</ManufacturerName><ManufactureCountry>איטליה</ManufactureCountry><ManufacturerItemDescription>ג'ל רחצה        מוליב500</ManufacturerItemDescription><SoldByWeight/><Quantity>400.00</Quantity><UnitOfMeasure>גרם     </UnitOfMeasure><QtyInPackage>לא ידוע</QtyInPackage><UnitOfMeasurePrice>0.0380</UnitOfMeasurePrice><AllowDiscount>1</AllowDiscount><ItemStatus>1</ItemStatus><ItemPrice>15.20</ItemPrice></item><item><PriceUpdateDate>2016-05-01 08:14:09</PriceUpdateDate><ItemCode>8076809523561</ItemCode><ItemType>1</ItemType><ItemName>רוטב פסטה ברילה טעם</ItemName><ManufacturerName>ברילה</ManufacturerName><ManufactureCountry>איטליה</ManufactureCountry><ManufacturerItemDescription>נוטרילון שלב2-  80 גרם</ManufacturerItemDescription><SoldByWeight/><Quantity>400.00</Quantity><UnitOfMeasure>גרם     </UnitOfMeasure><QtyInPackage>לא ידוע</QtyInPackage><UnitOfMeasurePrice>0.0380</UnitOfMeasurePrice><AllowDiscount>1</AllowDiscount><ItemStatus>1</ItemStatus><ItemPrice>15.20</ItemPrice></item><item><PriceUpdateDate>2016-05-31 07:03:57</PriceUpdateDate><ItemCode>8076809537100</ItemCode><ItemType>1</ItemType><ItemName>ברילה פסטה סלנטיני 5</ItemName><ManufacturerName>ברילה</ManufacturerName><ManufactureCountry>איטליה</ManufactureCountry><ManufacturerItemDescription>פסטה ברילה סלנטיני 500 גר</ManufacturerItemDescription><SoldByWeight/><Quantity>500.00</Quantity><UnitOfMeasure>גרם     </UnitOfMeasure><QtyInPackage>לא ידוע</QtyInPackage><UnitOfMeasurePrice>0.0130</UnitOfMeasurePrice><AllowDiscount>1</AllowDiscount><ItemStatus>1</ItemStatus><ItemPrice>6.50</ItemPrice></item><item><PriceUpdateDate>2016-06-28 09:28:23</PriceUpdateDate><ItemCode>80768258</ItemCode><ItemType>1</ItemType><ItemName>ביצת הפתעה קינדר ג'ו</ItemName><ManufacturerName>קינדר</ManufacturerName><ManufactureCountry>פולין</ManufactureCountry><ManufacturerItemDescription>סוכריות מנטוס   64 גרם</ManufacturerItemDescription><SoldByWeight/><Quantity>0.00</Quantity><UnitOfMeasure>יח'</UnitOfMeasure><QtyInPackage>לא ידוע</QtyInPackage><UnitOfMeasurePrice>0.0000</UnitOfMeasurePrice><AllowDiscount>1</AllowDiscount><ItemStatus>1</ItemStatus><ItemPrice>6.90</ItemPrice></item><item><PriceUpdateDate>2016-08-10 08:22:57</PriceUpdateDate><ItemCode>80807049</ItemCode><ItemType>1</ItemType><ItemName>מסטיק מנטוס בטעם פיר</ItemName><ManufacturerName>מנטוס</ManufacturerName><ManufactureCountry>ישראל</ManufactureCountry><ManufacturerItemDescription>מסטיק מנטוס     ת אדומ28</ManufacturerItemDescription><SoldByWeight/><Quantity>28.00</Quantity><UnitOfMeasure>גרם     </UnitOfMeasure><QtyInPackage>לא ידוע</QtyInPackage><UnitOfMeasurePrice>0.2464</UnitOfMeasurePrice><AllowDiscount>1</AllowDiscount><ItemStatus>1</ItemStatus><ItemPrice>6.90</ItemPrice></item><item><PriceUpdateDate>2016-01-08 11:48:04</PriceUpdateDate><ItemCode>80850885</ItemCode><ItemType>1</ItemType><ItemName>מסטיק מנטוס ווייט בט</ItemName><ManufacturerName>מנטוס</ManufacturerName><ManufactureCountry>ישראל</ManufactureCountry><ManufacturerItemDescription>מסטיק מנטוס ויט טעם מנטה</ManufacturerItemDescription><SoldByWeight/><Quantity>60.00</Quantity><UnitOfMeasure>גרם     </UnitOfMeasure><QtyInPackage>לא ידוע</QtyInPackage><UnitOfMeasurePrice>0.1650</UnitOfMeasurePrice><AllowDiscount>1</AllowDiscount><ItemStatus>1</ItemStatus><ItemPrice>9.90</ItemPrice></item><item><PriceUpdateDate>2016-01-20 08:02:04</PriceUpdateDate><ItemCode>80859741</ItemCode><ItemType>1</ItemType><ItemName>בקבוקון מסטיק מנטוס</ItemName><ManufacturerName>מנטוס</ManufacturerName><ManufactureCountry>ישראל</ManufactureCountry><ManufacturerItemDescription>מנטוס וויט       מנטה60ג</ManufacturerItemDescription><SoldByWeight/><Quantity>60.00</Quantity><UnitOfMeasure>גרם     </UnitOfMeasure><QtyInPackage>לא ידוע</QtyInPackage><UnitOfMeasurePrice>0.1650</UnitOfMeasurePrice><AllowDiscount>1</AllowDiscount><ItemStatus>1</ItemStatus><ItemPrice>9.90</ItemPrice></item><item><PriceUpdateDate>2016-08-10 08:22:57</PriceUpdateDate><ItemCode>80923480</ItemCode><ItemType>1</ItemType><ItemName>מסטיק מנטוס בטעם מנט</ItemName><ManufacturerName>מנטוס</ManufacturerName><ManufactureCountry>ישראל</ManufactureCountry><ManufacturerItemDescription>מסטיק מנטוס בטעם מנט</ManufacturerItemDescription><SoldByWeight/><Quantity>28.00</Quantity><UnitOfMeasure>גרם     </UnitOfMeasure><QtyInPackage>לא ידוע</QtyInPackage><UnitOfMeasurePrice>0.2464</UnitOfMeasurePrice><AllowDiscount>1</AllowDiscount><ItemStatus>1</ItemStatus><ItemPrice>6.90</ItemPrice></item><item><PriceUpdateDate>2016-01-20 08:02:04</PriceUpdateDate><ItemCode>80927679</ItemCode><ItemType>1</ItemType><ItemName>בקבוקון מסטיק מנטוס</ItemName><ManufacturerName>מנטוס</ManufacturerName><ManufactureCountry>ישראל</ManufactureCountry><ManufacturerItemDescription>מנטוס וויט       מנטה60ג</ManufacturerItemDescription><SoldByWeight/><Quantity>60.00</Quantity><UnitOfMeasure>גרם     </UnitOfMeasure><QtyInPackage>לא ידוע</QtyInPackage><UnitOfMeasurePrice>0.1650</UnitOfMeasurePrice><AllowDiscount>1</AllowDiscount><ItemStatus>1</ItemStatus><ItemPrice>9.90</ItemPrice></item><item><PriceUpdateDate>2016-01-20 08:02:04</PriceUpdateDate><ItemCode>80949411</ItemCode><ItemType>1</ItemType><ItemName>בקבוקון מסטיק מנטוס</ItemName><ManufacturerName>מנטוס</ManufacturerName><ManufactureCountry>ישראל</ManufactureCountry><ManufacturerItemDescription>מנטוס וויט       מנטה60ג</ManufacturerItemDescription><SoldByWeight/><Quantity>60.00</Quantity><UnitOfMeasure>גרם     </UnitOfMeasure><QtyInPackage>לא ידוע</QtyInPackage><UnitOfMeasurePrice>0.1650</UnitOfMeasurePrice><AllowDiscount>1</AllowDiscount><ItemStatus>1</ItemStatus><ItemPrice>9.90</ItemPrice></item><item><PriceUpdateDate>2016-01-20 08:02:04</PriceUpdateDate><ItemCode>80949466</ItemCode><ItemType>1</ItemType><ItemName>בקבוקון מסטיק מנטוס</ItemName><ManufacturerName>מנטוס</ManufacturerName><ManufactureCountry>ישראל</ManufactureCountry><ManufacturerItemDescription>מנטוס וויט       מנטה60ג</ManufacturerItemDescription><SoldByWeight/><Quantity>60.00</Quantity><UnitOfMeasure>גרם     </UnitOfMeasure><QtyInPackage>לא ידוע</QtyInPackage><UnitOfMeasurePrice>0.1650</UnitOfMeasurePrice><AllowDiscount>1</AllowDiscount><ItemStatus>1</ItemStatus><ItemPrice>9.90</ItemPrice></item><item><PriceUpdateDate>2016-06-28 09:28:23</PriceUpdateDate><ItemCode>80974482</ItemCode><ItemType>1</ItemType><ItemName>ביצת הפתעה קינדר ג'ו</ItemName><ManufacturerName>קינדר</ManufacturerName><ManufactureCountry>פולין</ManufactureCountry><ManufacturerItemDescription>מנטוס מנטה 4 יח37.5'גרם</ManufacturerItemDescription><SoldByWeight/><Quantity>0.00</Quantity><UnitOfMeasure>יח'</UnitOfMeasure><QtyInPackage>לא ידוע</QtyInPackage><UnitOfMeasurePrice>0.0000</UnitOfMeasurePrice><AllowDiscount>1</AllowDiscount><ItemStatus>1</ItemStatus><ItemPrice>6.90</ItemPrice></item><item><PriceUpdateDate>2016-05-22 08:47:52</PriceUpdateDate><ItemCode>835811005384</ItemCode><ItemType>1</ItemType><ItemName>פירורי לחם 440 גרם מ</ItemName><ManufacturerName>לא ממותג</ManufacturerName><ManufactureCountry>ישראל</ManufactureCountry><ManufacturerItemDescription>פירורי לחם 440 גרם מ</ManufacturerItemDescription><SoldByWeight/><Quantity>440.00</Quantity><UnitOfMeasure>גרם     </UnitOfMeasure><QtyInPackage>לא ידוע</QtyInPackage><UnitOfMeasurePrice>0.0202</UnitOfMeasurePrice><AllowDiscount>1</AllowDiscount><ItemStatus>1</ItemStatus><ItemPrice>8.90</ItemPrice></item><item><PriceUpdateDate>2014-11-10 06:29:51</PriceUpdateDate><ItemCode>835811006411</ItemCode><ItemType>1</ItemType><ItemName>כוס משושה 250 סמ'ק 5</ItemName><ManufacturerName>הנמל</ManufacturerName><ManufactureCountry>ישראל</ManufactureCountry><ManufacturerItemDescription>כוס משושה 250 סמ'ק 5</ManufacturerItemDescription><SoldByWeight/><Quantity>1.00</Quantity><UnitOfMeasure>בודד</UnitOfMeasure><QtyInPackage>לא ידוע</QtyInPackage><UnitOfMeasurePrice>14.9000</UnitOfMeasurePrice><AllowDiscount>1</AllowDiscount><ItemStatus>1</ItemStatus><ItemPrice>14.90</ItemPrice></item><item><PriceUpdateDate>2015-08-04 10:37:24</PriceUpdateDate><ItemCode>835811006527</ItemCode><ItemType>1</ItemType><ItemName>קשיות שתיה למילק שיי</ItemName><ManufacturerName>הנמל</ManufacturerName><ManufactureCountry>ישראל</ManufactureCountry><ManufacturerItemDescription>קש שתיה מתקפלים 40 יח</ManufacturerItemDescription><SoldByWeight/><Quantity>0.00</Quantity><UnitOfMeasure>יח'</UnitOfMeasure><QtyInPackage>לא ידוע</QtyInPackage><UnitOfMeasurePrice>0.0000</UnitOfMeasurePrice><AllowDiscount>1</AllowDiscount><ItemStatus>1</ItemStatus><ItemPrice>6.50</ItemPrice></item><item><PriceUpdateDate>2016-05-31 06:54:07</PriceUpdateDate><ItemCode>835811007135</ItemCode><ItemType>1</ItemType><ItemName>קוקוס 500 גרם</ItemName><ManufacturerName>הנמל</ManufacturerName><ManufactureCountry>ישראל</ManufactureCountry><ManufacturerItemDescription>קוקוס 500 גרם</ManufacturerItemDescription><SoldByWeight/><Quantity>500.00</Quantity><UnitOfMeasure>גרם     </UnitOfMeasure><QtyInPackage>לא ידוע</QtyInPackage><UnitOfMeasurePrice>0.0278</UnitOfMeasurePrice><AllowDiscount>1</AllowDiscount><ItemStatus>1</ItemStatus><ItemPrice>13.90</ItemPrice></item><item><PriceUpdateDate>2016-05-31 06:54:07</PriceUpdateDate><ItemCode>835811007166</ItemCode><ItemType>1</ItemType><ItemName>כוסות חד פעמיות קרטו</ItemName><ManufacturerName>הנמל</ManufacturerName><ManufactureCountry>ישראל</ManufactureCountry><ManufacturerItemDescription>כוסות חד פעמיות קרטו</ManufacturerItemDescription><SoldByWeight/><Quantity>16.00</Quantity><UnitOfMeasure>בודד</UnitOfMeasure><QtyInPackage>לא ידוע</QtyInPackage><UnitOfMeasurePrice>0.7500</UnitOfMeasurePrice><AllowDiscount>1</AllowDiscount><ItemStatus>1</ItemStatus><ItemPrice>12.00</ItemPrice></item><item><PriceUpdateDate>2016-08-10 08:22:58</PriceUpdateDate><ItemCode>835811007357</ItemCode><ItemType>1</ItemType><ItemName>סלטינות לבן 25 יח'</ItemName><ManufacturerName>הנמל</ManufacturerName><ManufactureCountry>ישראל</ManufactureCountry><ManufacturerItemDescription>סלטינות לבן 25 יח'</ManufacturerItemDescription><SoldByWeight/><Quantity>25.00</Quantity><UnitOfMeasure>בודד</UnitOfMeasure><QtyInPackage>לא ידוע</QtyInPackage><UnitOfMeasurePrice>0.3000</UnitOfMeasurePrice><AllowDiscount>1</AllowDiscount><ItemStatus>1</ItemStatus><ItemPrice>7.50</ItemPrice></item><item><PriceUpdateDate>2015-11-18 13:58:02</PriceUpdateDate><ItemCode>835811008132</ItemCode><ItemType>1</ItemType><ItemName>ספוגי מתכת שישייה</ItemName><ManufacturerName>הנמל</ManufacturerName><ManufactureCountry>ישראל</ManufactureCountry><ManufacturerItemDescription>ספוגי מתכת שישייה</ManufacturerItemDescription><SoldByWeight/><Quantity>0.00</Quantity><UnitOfMeasure>יח'</UnitOfMeasure><QtyInPackage>לא ידוע</QtyInPackage><UnitOfMeasurePrice>0.0000</UnitOfMeasurePrice><AllowDiscount>1</AllowDiscount><ItemStatus>1</ItemStatus><ItemPrice>10.80</ItemPrice></item><item><PriceUpdateDate>2015-11-18 13:58:02</PriceUpdateDate><ItemCode>835811008347</ItemCode><ItemType>1</ItemType><ItemName>גפרור ענק</ItemName><ManufacturerName>לא ידוע</ManufacturerName><ManufactureCountry>ישראל</ManufactureCountry><ManufacturerItemDescription>גפרור מיוחד ענק</ManufacturerItemDescription><SoldByWeight/><Quantity>0.00</Quantity><UnitOfMeasure>יח'</UnitOfMeasure><QtyInPackage>לא ידוע</QtyInPackage><UnitOfMeasurePrice>0.0000</UnitOfMeasurePrice><AllowDiscount>1</AllowDiscount><ItemStatus>1</ItemStatus><ItemPrice>8.10</ItemPrice></item><item><PriceUpdateDate>2016-08-10 08:22:58</PriceUpdateDate><ItemCode>835811008934</ItemCode><ItemType>1</ItemType><ItemName>מזלגות חד פעמי שקוף</ItemName><ManufacturerName>הנמל</ManufacturerName><ManufactureCountry>ישראל</ManufactureCountry><ManufacturerItemDescription>מזלגות חד פעמי שקוף</ManufacturerItemDescription><SoldByWeight/><Quantity>50.00</Quantity><UnitOfMeasure>בודד</UnitOfMeasure><QtyInPackage>לא ידוע</QtyInPackage><UnitOfMeasurePrice>0.2380</UnitOfMeasurePrice><AllowDiscount>1</AllowDiscount><ItemStatus>1</ItemStatus><ItemPrice>11.90</ItemPrice></item><item><PriceUpdateDate>2016-08-10 08:22:58</PriceUpdateDate><ItemCode>835811008958</ItemCode><ItemType>1</ItemType><ItemName>כפיות חד פעמי שקוף 5</ItemName><ManufacturerName>הנמל</ManufacturerName><ManufactureCountry>ישראל</ManufactureCountry><ManufacturerItemDescription>כפיות חד פעמי שקוף 5</ManufacturerItemDescription><SoldByWeight/><Quantity>50.00</Quantity><UnitOfMeasure>בודד</UnitOfMeasure><QtyInPackage>לא ידוע</QtyInPackage><UnitOfMeasurePrice>0.2380</UnitOfMeasurePrice><AllowDiscount>1</AllowDiscount><ItemStatus>1</ItemStatus><ItemPrice>11.90</ItemPrice></item><item><PriceUpdateDate>2016-08-10 08:22:58</PriceUpdateDate><ItemCode>835811008996</ItemCode><ItemType>1</ItemType><ItemName>כוסות חד פעמי מקרטון</ItemName><ManufacturerName>הנמל</ManufacturerName><ManufactureCountry>ישראל</ManufactureCountry><ManufacturerItemDescription>כוסות חד פעמי מקרטון</ManufacturerItemDescription><SoldByWeight/><Quantity>1.00</Quantity><UnitOfMeasure>יח'</UnitOfMeasure><QtyInPackage>לא ידוע</QtyInPackage><UnitOfMeasurePrice>12.5000</UnitOfMeasurePrice><AllowDiscount>1</AllowDiscount><ItemStatus>1</ItemStatus><ItemPrice>12.50</ItemPrice></item><item><PriceUpdateDate>2016-08-02 07:38:29</PriceUpdateDate><ItemCode>835811009023</ItemCode><ItemType>1</ItemType><ItemName>מב כוסות חד פעמי מקר</ItemName><ManufacturerName>הנמל</ManufacturerName><ManufactureCountry>ישראל</ManufactureCountry><ManufacturerItemDescription>מב כוסות חד פעמי מקר</ManufacturerItemDescription><SoldByWeight/><Quantity>50.00</Quantity><UnitOfMeasure>יח'</UnitOfMeasure><QtyInPackage>לא ידוע</QtyInPackage><UnitOfMeasurePrice>0.1380</UnitOfMeasurePrice><AllowDiscount>1</AllowDiscount><ItemStatus>1</ItemStatus><ItemPrice>6.90</ItemPrice></item><item><PriceUpdateDate>2016-06-28 09:28:26</PriceUpdateDate><ItemCode>835811009436</ItemCode><ItemType>1</ItemType><ItemName>צלחות חד פעמי ענק צב</ItemName><ManufacturerName>הנמל</ManufacturerName><ManufactureCountry>ישראל</ManufactureCountry><ManufacturerItemDescription>צלחות חד פעמי ענק צב</ManufacturerItemDescription><SoldByWeight/><Quantity>25.00</Quantity><UnitOfMeasure>בודד</UnitOfMeasure><QtyInPackage>לא ידוע</QtyInPackage><UnitOfMeasurePrice>0.8640</UnitOfMeasurePrice><AllowDiscount>1</AllowDiscount><ItemStatus>1</ItemStatus><ItemPrice>21.60</ItemPrice></item><item><PriceUpdateDate>2015-11-18 13:58:02</PriceUpdateDate><ItemCode>835811009443</ItemCode><ItemType>1</ItemType><ItemName>מפיות ג'אט מודפסות 2</ItemName><ManufacturerName>הנמל</ManufacturerName><ManufactureCountry>ישראל</ManufactureCountry><ManufacturerItemDescription>מפיות ג'אט מודפסות 2</ManufacturerItemDescription><SoldByWeight/><Quantity>1.00</Quantity><UnitOfMeasure>יח'</UnitOfMeasure><QtyInPackage>לא ידוע</QtyInPackage><UnitOfMeasurePrice>8.1000</UnitOfMeasurePrice><AllowDiscount>1</AllowDiscount><ItemStatus>1</ItemStatus><ItemPrice>8.10</ItemPrice></item><item><PriceUpdateDate>2015-11-18 13:58:02</PriceUpdateDate><ItemCode>835811009689</ItemCode><ItemType>1</ItemType><ItemName>כוסות חד פעמי לשתיה</ItemName><ManufacturerName>הנמל</ManufacturerName><ManufactureCountry>ישראל</ManufactureCountry><ManufacturerItemDescription>כוסות חד פעמי לשתיה</ManufacturerItemDescription><SoldByWeight/><Quantity>50.00</Quantity><UnitOfMeasure>בודד</UnitOfMeasure><QtyInPackage>לא ידוע</QtyInPackage><UnitOfMeasurePrice>0.2480</UnitOfMeasurePrice><AllowDiscount>1</AllowDiscount><ItemStatus>1</ItemStatus><ItemPrice>12.40</ItemPrice></item><item><PriceUpdateDate>2016-06-30 06:41:18</PriceUpdateDate><ItemCode>8410076600622</ItemCode><ItemType>1</ItemType><ItemName>נייטשר וואלי קראנצ'י</ItemName><ManufacturerName>Nature Valley</ManufacturerName><ManufactureCountry>ספרד</ManufactureCountry><ManufacturerItemDescription>4 מברשות שיניים טרה קלין</ManufacturerItemDescription><SoldByWeight/><Quantity>210.00</Quantity><UnitOfMeasure>גרם     </UnitOfMeasure><QtyInPackage>לא ידוע</QtyInPackage><UnitOfMeasurePrice>0.0757</UnitOfMeasurePrice><AllowDiscount>1</AllowDiscount><ItemStatus>1</ItemStatus><ItemPrice>15.90</ItemPrice></item><item><PriceUpdateDate>2016-06-28 09:29:59</PriceUpdateDate><ItemCode>8410076620057</ItemCode><ItemType>1</ItemType><ItemName>חטיף פייבר 1 בטעם שו</ItemName><ManufacturerName>לא ממותג</ManufacturerName><ManufactureCountry>ארצות הברית</ManufactureCountry><ManufacturerItemDescription>חמצוצים תות      100 גרם</ManufacturerItemDescription><SoldByWeight/><Quantity>120.00</Quantity><UnitOfMeasure>גרם     </UnitOfMeasure><QtyInPackage>לא ידוע</QtyInPackage><UnitOfMeasurePrice>0.1825</UnitOfMeasurePrice><AllowDiscount>1</AllowDiscount><ItemStatus>1</ItemStatus><ItemPrice>21.90</ItemPrice></item><item><PriceUpdateDate>2016-01-28 09:31:24</PriceUpdateDate><ItemCode>8410196051380</ItemCode><ItemType>1</ItemType><ItemName>וירג'יניאס עוגיות ח.</ItemName><ManufacturerName>ק.א.שוקולד</ManufacturerName><ManufactureCountry>ספרד</ManufactureCountry><ManufacturerItemDescription>ביסקוויט ח.מלאה ללא סוכר</ManufacturerItemDescription><SoldByWeight/><Quantity>120.00</Quantity><UnitOfMeasure>גרם     </UnitOfMeasure><QtyInPackage>לא ידוע</QtyInPackage><UnitOfMeasurePrice>0.1492</UnitOfMeasurePrice><AllowDiscount>1</AllowDiscount><ItemStatus>1</ItemStatus><ItemPrice>17.90</ItemPrice></item><item><PriceUpdateDate>2014-12-30 12:07:59</PriceUpdateDate><ItemCode>8410196051663</ItemCode><ItemType>1</ItemType><ItemName>וירג'יניאס עוגיות בי</ItemName><ManufacturerName>ק.א.שוקולד</ManufacturerName><ManufactureCountry>ספרד</ManufactureCountry><ManufacturerItemDescription>עוגיות ביסאן חיטה מלאה ל.</ManufacturerItemDescription><SoldByWeight/><Quantity>180.00</Quantity><UnitOfMeasure>גרם     </UnitOfMeasure><QtyInPackage>לא ידוע</QtyInPackage><UnitOfMeasurePrice>0.0661</UnitOfMeasurePrice><AllowDiscount>1</AllowDiscount><ItemStatus>1</ItemStatus><ItemPrice>11.90</ItemPrice></item><item><PriceUpdateDate>2015-10-07 18:23:53</PriceUpdateDate><ItemCode>8410376017342</ItemCode><ItemType>1</ItemType><ItemName>גולון עוגיות ללא גלו</ItemName><ManufacturerName>ק.א.שוקולד</ManufacturerName><ManufactureCountry>ישראל</ManufactureCountry><ManufacturerItemDescription>גולון עוגיות ללא גלו</ManufacturerItemDescription><SoldByWeight/><Quantity>200.00</Quantity><UnitOfMeasure>גרם     </UnitOfMeasure><QtyInPackage>לא ידוע</QtyInPackage><UnitOfMeasurePrice>0.0845</UnitOfMeasurePrice><AllowDiscount>1</AllowDiscount><ItemStatus>1</ItemStatus><ItemPrice>16.90</ItemPrice></item><item><PriceUpdateDate>2015-11-18 14:00:44</PriceUpdateDate><ItemCode>8410376037883</ItemCode><ItemType>1</ItemType><ItemName>גולון שוקולד צ'יפס ל</ItemName><ManufacturerName>ק.א.שוקולד</ManufacturerName><ManufactureCountry>ספרד</ManufactureCountry><ManufacturerItemDescription>גולן שוקו ציפס ל.גלוטן130</ManufacturerItemDescription><SoldByWeight/><Quantity>130.00</Quantity><UnitOfMeasure>גרם     </UnitOfMeasure><QtyInPackage>לא ידוע</QtyInPackage><UnitOfMeasurePrice>0.0862</UnitOfMeasurePrice><AllowDiscount>1</AllowDiscount><ItemStatus>1</ItemStatus><ItemPrice>11.20</ItemPrice></item><item><PriceUpdateDate>2014-11-10 06:29:24</PriceUpdateDate><ItemCode>841058016007</ItemCode><ItemType>1</ItemType><ItemName>ג'ל גילוח שיק היידרו</ItemName><ManufacturerName>שיק</ManufacturerName><ManufactureCountry>ארצות הברית</ManufactureCountry><ManufacturerItemDescription>שיק הידרו גל גילוח לעור ר</ManufacturerItemDescription><SoldByWeight/><Quantity>240.00</Quantity><UnitOfMeasure>מ"ל</UnitOfMeasure><QtyInPackage>לא ידוע</QtyInPackage><UnitOfMeasurePrice>0.0925</UnitOfMeasurePrice><AllowDiscount>1</AllowDiscount><ItemStatus>1</ItemStatus><ItemPrice>22.20</ItemPrice></item><item><PriceUpdateDate>2015-06-01 13:04:24</PriceUpdateDate><ItemCode>8410644611210</ItemCode><ItemType>1</ItemType><ItemName>יין קאווה איבריקה חצ</ItemName><ManufacturerName>לא ממותג</ManufacturerName><ManufactureCountry>ישראל</ManufactureCountry><ManufacturerItemDescription>קאווה איבריקה חצי יבש 750</ManufacturerItemDescription><SoldByWeight/><Quantity>750.00</Quantity><UnitOfMeasure>מ"ל</UnitOfMeasure><QtyInPackage>לא ידוע</QtyInPackage><UnitOfMeasurePrice>0.0467</UnitOfMeasurePrice><AllowDiscount>1</AllowDiscount><ItemStatus>1</ItemStatus><ItemPrice>35.00</ItemPrice></item><item><PriceUpdateDate>2015-12-01 12:35:31</PriceUpdateDate><ItemCode>8410679086007</ItemCode><ItemType>1</ItemType><ItemName>שוקולד חלב 100 גרם ט</ItemName><ManufacturerName>טראפה</ManufacturerName><ManufactureCountry>לא ידוע</ManufactureCountry><ManufacturerItemDescription>שוקולד חלב 100 גרם ט</ManufacturerItemDescription><SoldByWeight/><Quantity>100.00</Quantity><UnitOfMeasure>גרם     </UnitOfMeasure><QtyInPackage>לא ידוע</QtyInPackage><UnitOfMeasurePrice>0.0390</UnitOfMeasurePrice><AllowDiscount>1</AllowDiscount><ItemStatus>1</ItemStatus><ItemPrice>3.90</ItemPrice></item><item><PriceUpdateDate>2016-02-01 20:45:42</PriceUpdateDate><ItemCode>8412674103727</ItemCode><ItemType>1</ItemType><ItemName>עוגיות גוגוס סנדוויץ</ItemName><ManufacturerName>מרבה</ManufacturerName><ManufactureCountry>הולנד</ManufactureCountry><ManufacturerItemDescription>עוגיות גוגו'ס   לד 176גר</ManufacturerItemDescription><SoldByWeight/><Quantity>176.00</Quantity><UnitOfMeasure>גרם     </UnitOfMeasure><QtyInPackage>לא ידוע</QtyInPackage><UnitOfMeasurePrice>0.0483</UnitOfMeasurePrice><AllowDiscount>1</AllowDiscount><ItemStatus>1</ItemStatus><ItemPrice>8.50</ItemPrice></item><item><PriceUpdateDate>2016-06-28 09:30:00</PriceUpdateDate><ItemCode>8423207206488</ItemCode><ItemType>1</ItemType><ItemName>מרבה סלים דליס מצופה</ItemName><ManufacturerName>מרבה</ManufacturerName><ManufactureCountry>ספרד</ManufactureCountry><ManufacturerItemDescription>אג'קס לניקוי    .ורוד1.5</ManufacturerItemDescription><SoldByWeight/><Quantity>120.00</Quantity><UnitOfMeasure>גרם     </UnitOfMeasure><QtyInPackage>לא ידוע</QtyInPackage><UnitOfMeasurePrice>0.1325</UnitOfMeasurePrice><AllowDiscount>1</AllowDiscount><ItemStatus>1</ItemStatus><ItemPrice>15.90</ItemPrice></item><item><PriceUpdateDate>2016-06-28 09:30:00</PriceUpdateDate><ItemCode>8423207207362</ItemCode><ItemType>1</ItemType><ItemName>מרבה סלים דליס פייבר</ItemName><ManufacturerName>מרבה</ManufacturerName><ManufactureCountry>ישראל</ManufactureCountry><ManufacturerItemDescription>מרבה סלים דליס פייבר</ManufacturerItemDescription><SoldByWeight/><Quantity>120.00</Quantity><UnitOfMeasure>גרם     </UnitOfMeasure><QtyInPackage>לא ידוע</QtyInPackage><UnitOfMeasurePrice>0.1325</UnitOfMeasurePrice><AllowDiscount>1</AllowDiscount><ItemStatus>1</ItemStatus><ItemPrice>15.90</ItemPrice></item><item><PriceUpdateDate>2016-06-28 09:30:00</PriceUpdateDate><ItemCode>8423207208260</ItemCode><ItemType>1</ItemType><ItemName>מרבה סלים דליס חלב ל</ItemName><ManufacturerName>מרבה</ManufacturerName><ManufactureCountry>ישראל</ManufactureCountry><ManufacturerItemDescription>מרבה סלים דליס חלב ל</ManufacturerItemDescription><SoldByWeight/><Quantity>78.00</Quantity><UnitOfMeasure>גרם     </UnitOfMeasure><QtyInPackage>לא ידוע</QtyInPackage><UnitOfMeasurePrice>0.2038</UnitOfMeasurePrice><AllowDiscount>1</AllowDiscount><ItemStatus>1</ItemStatus><ItemPrice>15.90</ItemPrice></item><item><PriceUpdateDate>2016-08-10 08:22:59</PriceUpdateDate><ItemCode>856591000116</ItemCode><ItemType>1</ItemType><ItemName>עוגיות מזרחיות שומשו</ItemName><ManufacturerName>עבאדי</ManufacturerName><ManufactureCountry>ישראל</ManufactureCountry><ManufacturerItemDescription>עוגיות מזרחיות עבאדי500 ג</ManufacturerItemDescription><SoldByWeight/><Quantity>350.00</Quantity><UnitOfMeasure>גרם     </UnitOfMeasure><QtyInPackage>לא ידוע</QtyInPackage><UnitOfMeasurePrice>0.0454</UnitOfMeasurePrice><AllowDiscount>1</AllowDiscount><ItemStatus>1</ItemStatus><ItemPrice>15.90</ItemPrice></item><item><PriceUpdateDate>2016-08-02 07:34:27</PriceUpdateDate><ItemCode>856591000550</ItemCode><ItemType>1</ItemType><ItemName>מיני מזרחיות בטעם טב</ItemName><ManufacturerName>עבאדי</ManufacturerName><ManufactureCountry>ישראל</ManufactureCountry><ManufacturerItemDescription>מיני נשנוש חריף בקטנה</ManufacturerItemDescription><SoldByWeight/><Quantity>200.00</Quantity><UnitOfMeasure>גרם     </UnitOfMeasure><QtyInPackage>לא ידוע</QtyInPackage><UnitOfMeasurePrice>0.0660</UnitOfMeasurePrice><AllowDiscount>1</AllowDiscount><ItemStatus>1</ItemStatus><ItemPrice>13.20</ItemPrice></item><item><PriceUpdateDate>2016-04-12 09:28:53</PriceUpdateDate><ItemCode>858</ItemCode><ItemType>3</ItemType><ItemName>תפוח אדמה אדום מוזל</ItemName><ManufacturerName>B.B.B</ManufacturerName><ManufactureCountry>ישראל</ManufactureCountry><ManufacturerItemDescription>תפוח אדמה אדום מוזל</ManufacturerItemDescription><SoldByWeight/><Quantity>1.00</Quantity><UnitOfMeasure>ק"ג</UnitOfMeasure><QtyInPackage>לא ידוע</QtyInPackage><UnitOfMeasurePrice>5.5000</UnitOfMeasurePrice><AllowDiscount>1</AllowDiscount><ItemStatus>1</ItemStatus><ItemPrice>5.50</ItemPrice></item><item><PriceUpdateDate>2016-06-30 06:41:18</PriceUpdateDate><ItemCode>8590160891652</ItemCode><ItemType>1</ItemType><ItemName>קפה ג'יקובס גולד 200</ItemName><ManufacturerName>ג'יקובס</ManufacturerName><ManufactureCountry>גרמניה</ManufactureCountry><ManufacturerItemDescription>משחת קולגייט    ף+הלבנ75</ManufacturerItemDescription><SoldByWeight/><Quantity>200.00</Quantity><UnitOfMeasure>גרם     </UnitOfMeasure><QtyInPackage>לא ידוע</QtyInPackage><UnitOfMeasurePrice>0.1495</UnitOfMeasurePrice><AllowDiscount>1</AllowDiscount><ItemStatus>1</ItemStatus><ItemPrice>29.90</ItemPrice></item><item><PriceUpdateDate>2016-03-16 18:09:04</PriceUpdateDate><ItemCode>8680763402017</ItemCode><ItemType>1</ItemType><ItemName>כוסות שתיה קרה ח.פ 1</ItemName><ManufacturerName>לא ממותג</ManufacturerName><ManufactureCountry>לא ידוע</ManufactureCountry><ManufacturerItemDescription>כוסות שתיה קרה ח.פ 1</ManufacturerItemDescription><SoldByWeight/><Quantity>100.00</Quantity><UnitOfMeasure>יח'</UnitOfMeasure><QtyInPackage>לא ידוע</QtyInPackage><UnitOfMeasurePrice>0.0390</UnitOfMeasurePrice><AllowDiscount>1</AllowDiscount><ItemStatus>1</ItemStatus><ItemPrice>3.90</ItemPrice></item><item><PriceUpdateDate>2016-05-31 06:57:32</PriceUpdateDate><ItemCode>8690521016943</ItemCode><ItemType>1</ItemType><ItemName>שמפו דאב לשיער צבוע</ItemName><ManufacturerName>דאב</ManufacturerName><ManufactureCountry>ישראל</ManufactureCountry><ManufacturerItemDescription>שמפו דאב לשיער צבוע</ManufacturerItemDescription><SoldByWeight/><Quantity>400.00</Quantity><UnitOfMeasure>מ"ל</UnitOfMeasure><QtyInPackage>לא ידוע</QtyInPackage><UnitOfMeasurePrice>0.0485</UnitOfMeasurePrice><AllowDiscount>1</AllowDiscount><ItemStatus>1</ItemStatus><ItemPrice>19.40</ItemPrice></item><item><PriceUpdateDate>2016-05-31 06:57:33</PriceUpdateDate><ItemCode>8690521017124</ItemCode><ItemType>1</ItemType><ItemName>מרכך דאב 400 מ''ל לש</ItemName><ManufacturerName>דאב</ManufacturerName><ManufactureCountry>ישראל</ManufactureCountry><ManufacturerItemDescription>מרכך דאב 400 מ''ל לש</ManufacturerItemDescription><SoldByWeight/><Quantity>400.00</Quantity><UnitOfMeasure>מ"ל</UnitOfMeasure><QtyInPackage>לא ידוע</QtyInPackage><UnitOfMeasurePrice>0.0485</UnitOfMeasurePrice><AllowDiscount>1</AllowDiscount><ItemStatus>1</ItemStatus><ItemPrice>19.40</ItemPrice></item><item><PriceUpdateDate>2015-11-17 14:06:42</PriceUpdateDate><ItemCode>8690637073434</ItemCode><ItemType>1</ItemType><ItemName>תה ליפטון ארל גריי 1</ItemName><ManufacturerName>ליפטון</ManufacturerName><ManufactureCountry>ישראל</ManufactureCountry><ManufacturerItemDescription>תה ליפטון ארל גריי 1</ManufacturerItemDescription><SoldByWeight/><Quantity>200.00</Quantity><UnitOfMeasure>גרם     </UnitOfMeasure><QtyInPackage>לא ידוע</QtyInPackage><UnitOfMeasurePrice>0.1525</UnitOfMeasurePrice><AllowDiscount>1</AllowDiscount><ItemStatus>1</ItemStatus><ItemPrice>30.50</ItemPrice></item><item><PriceUpdateDate>2016-05-31 07:03:57</PriceUpdateDate><ItemCode>8690637538858</ItemCode><ItemType>1</ItemType><ItemName>דאו' ספריי אקס שוק 1</ItemName><ManufacturerName>אקס</ManufacturerName><ManufactureCountry>גרמניה</ManufactureCountry><ManufacturerItemDescription>דאודורנט אקס    15 מ"ל</ManufacturerItemDescription><SoldByWeight/><Quantity>150.00</Quantity><UnitOfMeasure>מ"ל</UnitOfMeasure><QtyInPackage>לא ידוע</QtyInPackage><UnitOfMeasurePrice>0.1060</UnitOfMeasurePrice><AllowDiscount>1</AllowDiscount><ItemStatus>1</ItemStatus><ItemPrice>15.90</ItemPrice></item><item><PriceUpdateDate>2016-05-31 07:03:58</PriceUpdateDate><ItemCode>8690637611698</ItemCode><ItemType>1</ItemType><ItemName>דאו' ספריי אקס אנרכי</ItemName><ManufacturerName>אקס</ManufacturerName><ManufactureCountry>גרמניה</ManufactureCountry><ManufacturerItemDescription>דאודורנט אקס    כי 150 מ</ManufacturerItemDescription><SoldByWeight/><Quantity>150.00</Quantity><UnitOfMeasure>גרם     </UnitOfMeasure><QtyInPackage>לא ידוע</QtyInPackage><UnitOfMeasurePrice>0.1060</UnitOfMeasurePrice><AllowDiscount>1</AllowDiscount><ItemStatus>1</ItemStatus><ItemPrice>15.90</ItemPrice></item><item><PriceUpdateDate>2016-05-31 07:03:58</PriceUpdateDate><ItemCode>8690637631009</ItemCode><ItemType>1</ItemType><ItemName>דאו' ספריי אקס אפולו</ItemName><ManufacturerName>אקס</ManufacturerName><ManufactureCountry>גרמניה</ManufactureCountry><ManufacturerItemDescription>מברשת שיניים 2יחונד סופט</ManufacturerItemDescription><SoldByWeight/><Quantity>150.00</Quantity><UnitOfMeasure>גרם     </UnitOfMeasure><QtyInPackage>לא ידוע</QtyInPackage><UnitOfMeasurePrice>0.1060</UnitOfMeasurePrice><AllowDiscount>1</AllowDiscount><ItemStatus>1</ItemStatus><ItemPrice>15.90</ItemPrice></item><item><PriceUpdateDate>2016-08-02 07:36:12</PriceUpdateDate><ItemCode>8690637682537</ItemCode><ItemType>1</ItemType><ItemName>מרכך כביסה בדין אקסט</ItemName><ManufacturerName>בדין</ManufacturerName><ManufactureCountry>ישראל</ManufactureCountry><ManufacturerItemDescription>מרכך כביסה בדין אקסט</ManufacturerItemDescription><SoldByWeight/><Quantity>960.00</Quantity><UnitOfMeasure>מ"ל</UnitOfMeasure><QtyInPackage>לא ידוע</QtyInPackage><UnitOfMeasurePrice>0.0285</UnitOfMeasurePrice><AllowDiscount>1</AllowDiscount><ItemStatus>1</ItemStatus><ItemPrice>27.40</ItemPrice></item><item><PriceUpdateDate>2016-08-02 07:36:12</PriceUpdateDate><ItemCode>8690637682575</ItemCode><ItemType>1</ItemType><ItemName>מרכך כביסה בדין אקסט</ItemName><ManufacturerName>בדין</ManufacturerName><ManufactureCountry>ישראל</ManufactureCountry><ManufacturerItemDescription>מרכך כביסה בדין אקסט</ManufacturerItemDescription><SoldByWeight/><Quantity>960.00</Quantity><UnitOfMeasure>מ"ל</UnitOfMeasure><QtyInPackage>לא ידוע</QtyInPackage><UnitOfMeasurePrice>0.0285</UnitOfMeasurePrice><AllowDiscount>1</AllowDiscount><ItemStatus>1</ItemStatus><ItemPrice>27.40</ItemPrice></item><item><PriceUpdateDate>2016-05-31 07:03:58</PriceUpdateDate><ItemCode>8690637789472</ItemCode><ItemType>1</ItemType><ItemName>מרכך כביסה בדין אקסט</ItemName><ManufacturerName>בדין</ManufacturerName><ManufactureCountry>ישראל</ManufactureCountry><ManufacturerItemDescription>מרכך כביסה בדין  960 מ"ל</ManufacturerItemDescription><SoldByWeight/><Quantity>960.00</Quantity><UnitOfMeasure>מ"ל</UnitOfMeasure><QtyInPackage>לא ידוע</QtyInPackage><UnitOfMeasurePrice>0.0176</UnitOfMeasurePrice><AllowDiscount>0</AllowDiscount><ItemStatus>1</ItemStatus><ItemPrice>16.90</ItemPrice></item><item><PriceUpdateDate>2016-05-31 06:57:35</PriceUpdateDate><ItemCode>8690777203012</ItemCode><ItemType>1</ItemType><ItemName>פלפל ירוק כבוש לא חר</ItemName><ManufacturerName>וילי פוד</ManufacturerName><ManufactureCountry>ישראל</ManufactureCountry><ManufacturerItemDescription>פלפל ירוק כבוש לא חר</ManufacturerItemDescription><SoldByWeight/><Quantity>300.00</Quantity><UnitOfMeasure>גרם     </UnitOfMeasure><QtyInPackage>לא ידוע</QtyInPackage><UnitOfMeasurePrice>0.0543</UnitOfMeasurePrice><AllowDiscount>1</AllowDiscount><ItemStatus>1</ItemStatus><ItemPrice>16.30</ItemPrice></item><item><PriceUpdateDate>2016-05-31 06:57:35</PriceUpdateDate><ItemCode>8690777206051</ItemCode><ItemType>1</ItemType><ItemName>חצילים קלויים על האש</ItemName><ManufacturerName>Sera</ManufacturerName><ManufactureCountry>ישראל</ManufactureCountry><ManufacturerItemDescription>חציל קלוי על האש 650 גרם</ManufacturerItemDescription><SoldByWeight/><Quantity>650.00</Quantity><UnitOfMeasure>גרם     </UnitOfMeasure><QtyInPackage>לא ידוע</QtyInPackage><UnitOfMeasurePrice>0.0251</UnitOfMeasurePrice><AllowDiscount>1</AllowDiscount><ItemStatus>1</ItemStatus><ItemPrice>16.30</ItemPrice></item><item><PriceUpdateDate>2016-05-31 06:57:36</PriceUpdateDate><ItemCode>8690777221405</ItemCode><ItemType>1</ItemType><ItemName>פלפל אדום קלוי על הא</ItemName><ManufacturerName>.N.Y.C</ManufacturerName><ManufactureCountry>ישראל</ManufactureCountry><ManufacturerItemDescription>פלפל אדום קלוי על האש 650</ManufacturerItemDescription><SoldByWeight/><Quantity>400.00</Quantity><UnitOfMeasure>גרם     </UnitOfMeasure><QtyInPackage>לא ידוע</QtyInPackage><UnitOfMeasurePrice>0.0408</UnitOfMeasurePrice><AllowDiscount>1</AllowDiscount><ItemStatus>1</ItemStatus><ItemPrice>16.30</ItemPrice></item><item><PriceUpdateDate>2016-06-28 09:31:48</PriceUpdateDate><ItemCode>8690784212007</ItemCode><ItemType>1</ItemType><ItemName>מב גלייד ארוסול רעננ</ItemName><ManufacturerName>גלייד</ManufacturerName><ManufactureCountry>ישראל</ManufactureCountry><ManufacturerItemDescription>מב גלייד ארוסול רעננ</ManufacturerItemDescription><SoldByWeight/><Quantity>300.00</Quantity><UnitOfMeasure>מ"ל</UnitOfMeasure><QtyInPackage>לא ידוע</QtyInPackage><UnitOfMeasurePrice>0.0263</UnitOfMeasurePrice><AllowDiscount>1</AllowDiscount><ItemStatus>1</ItemStatus><ItemPrice>7.90</ItemPrice></item><item><PriceUpdateDate>2015-10-07 18:23:57</PriceUpdateDate><ItemCode>8691530010793</ItemCode><ItemType>1</ItemType><ItemName>רכז רימון טהור 345 ג</ItemName><ManufacturerName>לא ידוע</ManufacturerName><ManufactureCountry>ישראל</ManufactureCountry><ManufacturerItemDescription>רוטב רימונים 345 גרם</ManufacturerItemDescription><SoldByWeight/><Quantity>346.00</Quantity><UnitOfMeasure>מ"ל</UnitOfMeasure><QtyInPackage>לא ידוע</QtyInPackage><UnitOfMeasurePrice>0.0543</UnitOfMeasurePrice><AllowDiscount>1</AllowDiscount><ItemStatus>1</ItemStatus><ItemPrice>18.80</ItemPrice></item><item><PriceUpdateDate>2016-05-31 07:03:58</PriceUpdateDate><ItemCode>8693323001902</ItemCode><ItemType>1</ItemType><ItemName>מב סוכריות גומי בצור</ItemName><ManufacturerName>יוגטה</ManufacturerName><ManufactureCountry>ישראל</ManufactureCountry><ManufacturerItemDescription>סוכריות ג'לי    מניות250</ManufacturerItemDescription><SoldByWeight/><Quantity>250.00</Quantity><UnitOfMeasure>גרם     </UnitOfMeasure><QtyInPackage>לא ידוע</QtyInPackage><UnitOfMeasurePrice>0.0316</UnitOfMeasurePrice><AllowDiscount>1</AllowDiscount><ItemStatus>1</ItemStatus><ItemPrice>7.90</ItemPrice></item><item><PriceUpdateDate>2016-05-31 07:03:58</PriceUpdateDate><ItemCode>8693323003906</ItemCode><ItemType>1</ItemType><ItemName>מב סוכריות גומי בצור</ItemName><ManufacturerName>יוגטה</ManufacturerName><ManufactureCountry>ישראל</ManufactureCountry><ManufacturerItemDescription>ג'לי דובונים    ם 250</ManufacturerItemDescription><SoldByWeight/><Quantity>250.00</Quantity><UnitOfMeasure>גרם     </UnitOfMeasure><QtyInPackage>לא ידוע</QtyInPackage><UnitOfMeasurePrice>0.0316</UnitOfMeasurePrice><AllowDiscount>1</AllowDiscount><ItemStatus>1</ItemStatus><ItemPrice>7.90</ItemPrice></item><item><PriceUpdateDate>2016-05-31 07:03:58</PriceUpdateDate><ItemCode>8693323006907</ItemCode><ItemType>1</ItemType><ItemName>מב סוכריות גומי בצור</ItemName><ManufacturerName>יוגטה</ManufacturerName><ManufactureCountry>ישראל</ManufactureCountry><ManufacturerItemDescription>ג'לי לבבות       250 גרם</ManufacturerItemDescription><SoldByWeight/><Quantity>250.00</Quantity><UnitOfMeasure>גרם     </UnitOfMeasure><QtyInPackage>לא ידוע</QtyInPackage><UnitOfMeasurePrice>0.0316</UnitOfMeasurePrice><AllowDiscount>1</AllowDiscount><ItemStatus>1</ItemStatus><ItemPrice>7.90</ItemPrice></item><item><PriceUpdateDate>2016-06-28 09:30:01</PriceUpdateDate><ItemCode>8693323008901</ItemCode><ItemType>1</ItemType><ItemName>סוכריות גומי תולעים</ItemName><ManufacturerName>יוגטה</ManufacturerName><ManufactureCountry>ישראל</ManufactureCountry><ManufacturerItemDescription>סוכריות גומי תולעים</ManufacturerItemDescription><SoldByWeight/><Quantity>800.00</Quantity><UnitOfMeasure>גרם     </UnitOfMeasure><QtyInPackage>לא ידוע</QtyInPackage><UnitOfMeasurePrice>0.0292</UnitOfMeasurePrice><AllowDiscount>1</AllowDiscount><ItemStatus>1</ItemStatus><ItemPrice>23.40</ItemPrice></item><item><PriceUpdateDate>2015-11-18 14:00:46</PriceUpdateDate><ItemCode>8693323031909</ItemCode><ItemType>1</ItemType><ItemName>מרשמלו ממולא ג'לי יו</ItemName><ManufacturerName>יוגטה</ManufacturerName><ManufactureCountry>ישראל</ManufactureCountry><ManufacturerItemDescription>מרשמלו ממולא ג'לי יו</ManufacturerItemDescription><SoldByWeight/><Quantity>90.00</Quantity><UnitOfMeasure>גרם     </UnitOfMeasure><QtyInPackage>לא ידוע</QtyInPackage><UnitOfMeasurePrice>0.0556</UnitOfMeasurePrice><AllowDiscount>1</AllowDiscount><ItemStatus>1</ItemStatus><ItemPrice>5.00</ItemPrice></item><item><PriceUpdateDate>2016-06-30 06:41:18</PriceUpdateDate><ItemCode>8693323042028</ItemCode><ItemType>1</ItemType><ItemName>מרשמלו מגולגל ארוך ב</ItemName><ManufacturerName>יוגטה</ManufacturerName><ManufactureCountry>ישראל</ManufactureCountry><ManufacturerItemDescription>יוגטה מרשמלו    לגל 432ג</ManufacturerItemDescription><SoldByWeight/><Quantity>432.00</Quantity><UnitOfMeasure>גרם     </UnitOfMeasure><QtyInPackage>לא ידוע</QtyInPackage><UnitOfMeasurePrice>0.0470</UnitOfMeasurePrice><AllowDiscount>1</AllowDiscount><ItemStatus>1</ItemStatus><ItemPrice>20.30</ItemPrice></item><item><PriceUpdateDate>2015-11-18 14:00:47</PriceUpdateDate><ItemCode>8693495041249</ItemCode><ItemType>1</ItemType><ItemName>סבון נוזלי פלמוליב ל</ItemName><ManufacturerName>פלמוליב</ManufacturerName><ManufactureCountry>ישראל</ManufactureCountry><ManufacturerItemDescription>סבון נוזלי       לגבר500</ManufacturerItemDescription><SoldByWeight/><Quantity>500.00</Quantity><UnitOfMeasure>מ"ל</UnitOfMeasure><QtyInPackage>לא ידוע</QtyInPackage><UnitOfMeasurePrice>0.0468</UnitOfMeasurePrice><AllowDiscount>1</AllowDiscount><ItemStatus>1</ItemStatus><ItemPrice>23.40</ItemPrice></item><item><PriceUpdateDate>2016-08-03 11:58:35</PriceUpdateDate><ItemCode>8697530910743</ItemCode><ItemType>1</ItemType><ItemName>ס.פאל מאל כחול קצר ב</ItemName><ManufacturerName>פאל מאל</ManufacturerName><ManufactureCountry>ישראל</ManufactureCountry><ManufacturerItemDescription>פאל מאל חפ.     סה</ManufacturerItemDescription><SoldByWeight/><Quantity>0.00</Quantity><UnitOfMeasure>יח'</UnitOfMeasure><QtyInPackage>לא ידוע</QtyInPackage><UnitOfMeasurePrice>0.0000</UnitOfMeasurePrice><AllowDiscount>1</AllowDiscount><ItemStatus>1</ItemStatus><ItemPrice>27.90</ItemPrice></item><item><PriceUpdateDate>2016-08-03 11:58:35</PriceUpdateDate><ItemCode>8697530910750</ItemCode><ItemType>1</ItemType><ItemName>ס.פאל מאל כחול ארוך</ItemName><ManufacturerName>פאל מאל</ManufacturerName><ManufactureCountry>ישראל</ManufactureCountry><ManufacturerItemDescription>פאל מאל חפ.     ך חפ.</ManufacturerItemDescription><SoldByWeight/><Quantity>0.00</Quantity><UnitOfMeasure>יח'</UnitOfMeasure><QtyInPackage>לא ידוע</QtyInPackage><UnitOfMeasurePrice>0.0000</UnitOfMeasurePrice><AllowDiscount>1</AllowDiscount><ItemStatus>1</ItemStatus><ItemPrice>27.90</ItemPrice></item><item><PriceUpdateDate>2016-08-03 11:58:35</PriceUpdateDate><ItemCode>8697530910781</ItemCode><ItemType>1</ItemType><ItemName>ס.פאל מאל אדום בודד</ItemName><ManufacturerName>פאל מאל</ManufacturerName><ManufactureCountry>ישראל</ManufactureCountry><ManufacturerItemDescription>סיגריות פאל מל אדום בודד</ManufacturerItemDescription><SoldByWeight/><Quantity>0.00</Quantity><UnitOfMeasure>יח'</UnitOfMeasure><QtyInPackage>לא ידוע</QtyInPackage><UnitOfMeasurePrice>0.0000</UnitOfMeasurePrice><AllowDiscount>1</AllowDiscount><ItemStatus>1</ItemStatus><ItemPrice>27.90</ItemPrice></item><item><PriceUpdateDate>2015-12-11 07:48:53</PriceUpdateDate><ItemCode>8697781932211</ItemCode><ItemType>1</ItemType><ItemName>כוסות שתיה קרה ח.פ 1</ItemName><ManufacturerName>לא ממותג</ManufacturerName><ManufactureCountry>לא ידוע</ManufactureCountry><ManufacturerItemDescription>כוסות שתיה קרה ח.פ 1</ManufacturerItemDescription><SoldByWeight/><Quantity>100.00</Quantity><UnitOfMeasure>יח'</UnitOfMeasure><QtyInPackage>לא ידוע</QtyInPackage><UnitOfMeasurePrice>0.0390</UnitOfMeasurePrice><AllowDiscount>1</AllowDiscount><ItemStatus>1</ItemStatus><ItemPrice>3.90</ItemPrice></item><item><PriceUpdateDate>2016-08-10 08:23:34</PriceUpdateDate><ItemCode>8710445585100</ItemCode><ItemType>1</ItemType><ItemName>ביסקויט סנדביץ' וניל</ItemName><ManufacturerName>דאנש</ManufacturerName><ManufactureCountry>ישראל</ManufactureCountry><ManufacturerItemDescription>ביסקויט סנדביץ' וניל</ManufacturerItemDescription><SoldByWeight/><Quantity>300.00</Quantity><UnitOfMeasure>גרם     </UnitOfMeasure><QtyInPackage>לא ידוע</QtyInPackage><UnitOfMeasurePrice>0.0297</UnitOfMeasurePrice><AllowDiscount>1</AllowDiscount><ItemStatus>1</ItemStatus><ItemPrice>8.90</ItemPrice></item><item><PriceUpdateDate>2016-03-24 12:43:09</PriceUpdateDate><ItemCode>87108538</ItemCode><ItemType>1</ItemType><ItemName>סוכריות מנטוס גליל ב</ItemName><ManufacturerName>מנטוס</ManufacturerName><ManufactureCountry>הולנד</ManufactureCountry><ManufacturerItemDescription>מנטוס תות       37. גר</ManufacturerItemDescription><SoldByWeight/><Quantity>0.00</Quantity><UnitOfMeasure>יח'</UnitOfMeasure><QtyInPackage>לא ידוע</QtyInPackage><UnitOfMeasurePrice>0.0000</UnitOfMeasurePrice><AllowDiscount>1</AllowDiscount><ItemStatus>1</ItemStatus><ItemPrice>3.90</ItemPrice></item><item><PriceUpdateDate>2016-08-10 08:22:57</PriceUpdateDate><ItemCode>87108651</ItemCode><ItemType>1</ItemType><ItemName>סוכריות מנטוס מנטה ר</ItemName><ManufacturerName>מנטוס</ManufacturerName><ManufactureCountry>ישראל</ManufactureCountry><ManufacturerItemDescription>מנטוס מנטה 4 יח37.5'גרם</ManufacturerItemDescription><SoldByWeight/><Quantity>150.00</Quantity><UnitOfMeasure>גרם     </UnitOfMeasure><QtyInPackage>לא ידוע</QtyInPackage><UnitOfMeasurePrice>0.0927</UnitOfMeasurePrice><AllowDiscount>1</AllowDiscount><ItemStatus>1</ItemStatus><ItemPrice>13.90</ItemPrice></item><item><PriceUpdateDate>2016-08-02 07:51:26</PriceUpdateDate><ItemCode>8712400802499</ItemCode><ItemType>1</ItemType><ItemName>מב נוטרילון שלב 1 80</ItemName><ManufacturerName>נוטרילון</ManufacturerName><ManufactureCountry>ישראל</ManufactureCountry><ManufacturerItemDescription>נוטרילון שלה1-  80 גרם</ManufacturerItemDescription><SoldByWeight/><Quantity>800.00</Quantity><UnitOfMeasure>גרם     </UnitOfMeasure><QtyInPackage>לא ידוע</QtyInPackage><UnitOfMeasurePrice>0.0749</UnitOfMeasurePrice><AllowDiscount>1</AllowDiscount><ItemStatus>1</ItemStatus><ItemPrice>59.90</ItemPrice></item><item><PriceUpdateDate>2016-08-02 07:51:26</PriceUpdateDate><ItemCode>8712400802512</ItemCode><ItemType>1</ItemType><ItemName>מב נוטרילון שלב 2 80</ItemName><ManufacturerName>נוטרילון</ManufacturerName><ManufactureCountry>ישראל</ManufactureCountry><ManufacturerItemDescription>נוטרילון שלב2-  80 גרם</ManufacturerItemDescription><SoldByWeight/><Quantity>800.00</Quantity><UnitOfMeasure>גרם     </UnitOfMeasure><QtyInPackage>לא ידוע</QtyInPackage><UnitOfMeasurePrice>0.0749</UnitOfMeasurePrice><AllowDiscount>1</AllowDiscount><ItemStatus>1</ItemStatus><ItemPrice>59.90</ItemPrice></item><item><PriceUpdateDate>2016-08-02 07:51:26</PriceUpdateDate><ItemCode>8712400802536</ItemCode><ItemType>1</ItemType><ItemName>מב נוטרילון שלב 3 80</ItemName><ManufacturerName>נוטרילון</ManufacturerName><ManufactureCountry>ישראל</ManufactureCountry><ManufacturerItemDescription>נוטרילון שלב3-  80 גרם</ManufacturerItemDescription><SoldByWeight/><Quantity>800.00</Quantity><UnitOfMeasure>גרם     </UnitOfMeasure><QtyInPackage>לא ידוע</QtyInPackage><UnitOfMeasurePrice>0.0749</UnitOfMeasurePrice><AllowDiscount>1</AllowDiscount><ItemStatus>1</ItemStatus><ItemPrice>59.90</ItemPrice></item><item><PriceUpdateDate>2016-08-02 07:51:26</PriceUpdateDate><ItemCode>8712561650366</ItemCode><ItemType>1</ItemType><ItemName>מב גיל רחצה אקס בלק</ItemName><ManufacturerName>אקס</ManufacturerName><ManufactureCountry>ישראל</ManufactureCountry><ManufacturerItemDescription>מב גיל רחצה אקס בלק</ManufacturerItemDescription><SoldByWeight/><Quantity>400.00</Quantity><UnitOfMeasure>מ"ל</UnitOfMeasure><QtyInPackage>לא ידוע</QtyInPackage><UnitOfMeasurePrice>0.0250</UnitOfMeasurePrice><AllowDiscount>1</AllowDiscount><ItemStatus>1</ItemStatus><ItemPrice>10.00</ItemPrice></item><item><PriceUpdateDate>2016-08-02 07:51:27</PriceUpdateDate><ItemCode>8712561692595</ItemCode><ItemType>1</ItemType><ItemName>מב ואזלין ספריי קרם</ItemName><ManufacturerName>ואזלין אינטנסיב</ManufacturerName><ManufactureCountry>ישראל</ManufactureCountry><ManufacturerItemDescription>מב ואזלין ספריי קרם</ManufacturerItemDescription><SoldByWeight/><Quantity>190.00</Quantity><UnitOfMeasure>מ"ל</UnitOfMeasure><QtyInPackage>לא ידוע</QtyInPackage><UnitOfMeasurePrice>0.1311</UnitOfMeasurePrice><AllowDiscount>1</AllowDiscount><ItemStatus>1</ItemStatus><ItemPrice>24.90</ItemPrice></item><item><PriceUpdateDate>2016-06-30 06:41:18</PriceUpdateDate><ItemCode>8714599513781</ItemCode><ItemType>1</ItemType><ItemName>קפה ג'יקובס גולד 200</ItemName><ManufacturerName>ג'יקובס</ManufacturerName><ManufactureCountry>גרמניה</ManufactureCountry><ManufacturerItemDescription>משחת קולגייט    ף+הלבנ75</ManufacturerItemDescription><SoldByWeight/><Quantity>200.00</Quantity><UnitOfMeasure>גרם     </UnitOfMeasure><QtyInPackage>לא ידוע</QtyInPackage><UnitOfMeasurePrice>0.1495</UnitOfMeasurePrice><AllowDiscount>1</AllowDiscount><ItemStatus>1</ItemStatus><ItemPrice>29.90</ItemPrice></item><item><PriceUpdateDate>2016-08-02 07:51:27</PriceUpdateDate><ItemCode>8714599513866</ItemCode><ItemType>1</ItemType><ItemName>מב קפה ג'ייקובס קרונ</ItemName><ManufacturerName>ג'יקובס</ManufacturerName><ManufactureCountry>גרמניה</ManufactureCountry><ManufacturerItemDescription>נסטי אפרסק      יטר</ManufacturerItemDescription><SoldByWeight/><Quantity>200.00</Quantity><UnitOfMeasure>גרם     </UnitOfMeasure><QtyInPackage>לא ידוע</QtyInPackage><UnitOfMeasurePrice>0.1495</UnitOfMeasurePrice><AllowDiscount>1</AllowDiscount><ItemStatus>1</ItemStatus><ItemPrice>29.90</ItemPrice></item><item><PriceUpdateDate>2016-08-02 07:36:14</PriceUpdateDate><ItemCode>8714789132549</ItemCode><ItemType>1</ItemType><ItemName>מב משחת שיניים קולגי</ItemName><ManufacturerName>קולגייט</ManufacturerName><ManufactureCountry>ישראל</ManufactureCountry><ManufacturerItemDescription>משחת שיניים     בנה100מל</ManufacturerItemDescription><SoldByWeight/><Quantity>1000.00</Quantity><UnitOfMeasure>מ"ל</UnitOfMeasure><QtyInPackage>לא ידוע</QtyInPackage><UnitOfMeasurePrice>0.0109</UnitOfMeasurePrice><AllowDiscount>1</AllowDiscount><ItemStatus>1</ItemStatus><ItemPrice>10.90</ItemPrice></item><item><PriceUpdateDate>2016-06-28 09:30:02</PriceUpdateDate><ItemCode>8714789177229</ItemCode><ItemType>1</ItemType><ItemName>מב מברשת שיניים קולג</ItemName><ManufacturerName>קולגייט</ManufacturerName><ManufactureCountry>ישראל</ManufactureCountry><ManufacturerItemDescription>4 מברשות שיניים טרה קלין</ManufacturerItemDescription><SoldByWeight/><Quantity>1.00</Quantity><UnitOfMeasure>יח'</UnitOfMeasure><QtyInPackage>לא ידוע</QtyInPackage><UnitOfMeasurePrice>12.9000</UnitOfMeasurePrice><AllowDiscount>1</AllowDiscount><ItemStatus>1</ItemStatus><ItemPrice>12.90</ItemPrice></item><item><PriceUpdateDate>2016-08-02 07:36:14</PriceUpdateDate><ItemCode>8714789473970</ItemCode><ItemType>1</ItemType><ItemName>מב משחת שיניים קולגי</ItemName><ManufacturerName>קולגייט</ManufacturerName><ManufactureCountry>פולין</ManufactureCountry><ManufacturerItemDescription>קפוצ'ינו קרמל   רמל170גר</ManufacturerItemDescription><SoldByWeight/><Quantity>100.00</Quantity><UnitOfMeasure>מ"ל</UnitOfMeasure><QtyInPackage>לא ידוע</QtyInPackage><UnitOfMeasurePrice>0.1590</UnitOfMeasurePrice><AllowDiscount>1</AllowDiscount><ItemStatus>1</ItemStatus><ItemPrice>15.90</ItemPrice></item><item><PriceUpdateDate>2016-05-31 06:57:37</PriceUpdateDate><ItemCode>8714789529561</ItemCode><ItemType>1</ItemType><ItemName>משחת שיניים קולגייט</ItemName><ManufacturerName>קולגייט</ManufacturerName><ManufactureCountry>ישראל</ManufactureCountry><ManufacturerItemDescription>משחת קולגייט    ף+הלבנ75</ManufacturerItemDescription><SoldByWeight/><Quantity>75.00</Quantity><UnitOfMeasure>מ"ל</UnitOfMeasure><QtyInPackage>לא ידוע</QtyInPackage><UnitOfMeasurePrice>0.3653</UnitOfMeasurePrice><AllowDiscount>1</AllowDiscount><ItemStatus>1</ItemStatus><ItemPrice>27.40</ItemPrice></item><item><PriceUpdateDate>2016-08-02 07:36:15</PriceUpdateDate><ItemCode>8714789552897</ItemCode><ItemType>1</ItemType><ItemName>מב משחת שיניים קולגי</ItemName><ManufacturerName>קולגייט</ManufacturerName><ManufactureCountry>פולין</ManufactureCountry><ManufacturerItemDescription>קפוצ'ינו וניל   ניל185ג</ManufacturerItemDescription><SoldByWeight/><Quantity>100.00</Quantity><UnitOfMeasure>מ"ל</UnitOfMeasure><QtyInPackage>לא ידוע</QtyInPackage><UnitOfMeasurePrice>0.1590</UnitOfMeasurePrice><AllowDiscount>1</AllowDiscount><ItemStatus>1</ItemStatus><ItemPrice>15.90</ItemPrice></item><item><PriceUpdateDate>2016-05-31 06:57:38</PriceUpdateDate><ItemCode>8714789831275</ItemCode><ItemType>1</ItemType><ItemName>מברשת שיניים קולגייט</ItemName><ManufacturerName>קולגייט</ManufacturerName><ManufactureCountry>ישראל</ManufactureCountry><ManufacturerItemDescription>מברשת שיניים קולגייט</ManufacturerItemDescription><SoldByWeight/><Quantity>0.00</Quantity><UnitOfMeasure>יח'</UnitOfMeasure><QtyInPackage>לא ידוע</QtyInPackage><UnitOfMeasurePrice>0.0000</UnitOfMeasurePrice><AllowDiscount>1</AllowDiscount><ItemStatus>1</ItemStatus><ItemPrice>40.00</ItemPrice></item><item><PriceUpdateDate>2016-03-30 12:43:18</PriceUpdateDate><ItemCode>8714789855929</ItemCode><ItemType>1</ItemType><ItemName>משחת שיניים קולגייט</ItemName><ManufacturerName>קולגייט</ManufacturerName><ManufactureCountry>פולין</ManufactureCountry><ManufacturerItemDescription>קולגייט משחת שיניים טוטל</ManufacturerItemDescription><SoldByWeight/><Quantity>75.00</Quantity><UnitOfMeasure>גרם     </UnitOfMeasure><QtyInPackage>לא ידוע</QtyInPackage><UnitOfMeasurePrice>0.2920</UnitOfMeasurePrice><AllowDiscount>1</AllowDiscount><ItemStatus>1</ItemStatus><ItemPrice>21.90</ItemPrice></item><item><PriceUpdateDate>2016-08-02 07:51:27</PriceUpdateDate><ItemCode>8714789939797</ItemCode><ItemType>1</ItemType><ItemName>מב סבון נוזלי פלמולי</ItemName><ManufacturerName>פלמוליב</ManufacturerName><ManufactureCountry>איטליה</ManufactureCountry><ManufacturerItemDescription>פנה עתיר בסיבים 450ג</ManufacturerItemDescription><SoldByWeight/><Quantity>500.00</Quantity><UnitOfMeasure>מ"ל</UnitOfMeasure><QtyInPackage>לא ידוע</QtyInPackage><UnitOfMeasurePrice>0.0318</UnitOfMeasurePrice><AllowDiscount>1</AllowDiscount><ItemStatus>1</ItemStatus><ItemPrice>15.90</ItemPrice></item><item><PriceUpdateDate>2016-03-29 07:07:07</PriceUpdateDate><ItemCode>8715700419718</ItemCode><ItemType>1</ItemType><ItemName>מתבל עגבניות היינץ 7</ItemName><ManufacturerName>היינץ</ManufacturerName><ManufactureCountry>הולנד</ManufactureCountry><ManufacturerItemDescription>קטשופ היינץ 700 גרם</ManufacturerItemDescription><SoldByWeight/><Quantity>910.00</Quantity><UnitOfMeasure>גרם     </UnitOfMeasure><QtyInPackage>לא ידוע</QtyInPackage><UnitOfMeasurePrice>0.0156</UnitOfMeasurePrice><AllowDiscount>1</AllowDiscount><ItemStatus>1</ItemStatus><ItemPrice>14.20</ItemPrice></item><item><PriceUpdateDate>2016-05-04 10:18:24</PriceUpdateDate><ItemCode>8715700419732</ItemCode><ItemType>1</ItemType><ItemName>מתבל עגבניות היינץ 7</ItemName><ManufacturerName>היינץ</ManufacturerName><ManufactureCountry>הולנד</ManufactureCountry><ManufacturerItemDescription>קטשופ היינץ 700 גרם</ManufacturerItemDescription><SoldByWeight/><Quantity>700.00</Quantity><UnitOfMeasure>גרם     </UnitOfMeasure><QtyInPackage>לא ידוע</QtyInPackage><UnitOfMeasurePrice>0.0199</UnitOfMeasurePrice><AllowDiscount>1</AllowDiscount><ItemStatus>1</ItemStatus><ItemPrice>13.90</ItemPrice></item><item><PriceUpdateDate>2016-08-02 07:51:27</PriceUpdateDate><ItemCode>8715700420158</ItemCode><ItemType>1</ItemType><ItemName>מב מתבל עגבניות היינ</ItemName><ManufacturerName>היינץ</ManufacturerName><ManufactureCountry>הולנד</ManufactureCountry><ManufacturerItemDescription>מב מתבל עגבניות היינ</ManufacturerItemDescription><SoldByWeight/><Quantity>342.00</Quantity><UnitOfMeasure>גרם     </UnitOfMeasure><QtyInPackage>לא ידוע</QtyInPackage><UnitOfMeasurePrice>0.0173</UnitOfMeasurePrice><AllowDiscount>1</AllowDiscount><ItemStatus>1</ItemStatus><ItemPrice>5.90</ItemPrice></item><item><PriceUpdateDate>2016-08-02 07:51:27</PriceUpdateDate><ItemCode>8717644521120</ItemCode><ItemType>1</ItemType><ItemName>מב ג'ל  רחצה אקס 2ב-</ItemName><ManufacturerName>אקס</ManufacturerName><ManufactureCountry>ישראל</ManufactureCountry><ManufacturerItemDescription>מב ג'ל  רחצה אקס 2ב-</ManufacturerItemDescription><SoldByWeight/><Quantity>400.00</Quantity><UnitOfMeasure>מ"ל</UnitOfMeasure><QtyInPackage>לא ידוע</QtyInPackage><UnitOfMeasurePrice>0.0250</UnitOfMeasurePrice><AllowDiscount>1</AllowDiscount><ItemStatus>1</ItemStatus><ItemPrice>10.00</ItemPrice></item><item><PriceUpdateDate>2016-05-01 08:14:12</PriceUpdateDate><ItemCode>8718951001589</ItemCode><ItemType>1</ItemType><ItemName>אג'קס ספריי מסיר שומ</ItemName><ManufacturerName>אג'קס</ManufacturerName><ManufactureCountry>לא ידוע</ManufactureCountry><ManufacturerItemDescription>אג'קס ספריי מסיר שומ</ManufacturerItemDescription><SoldByWeight/><Quantity>600.00</Quantity><UnitOfMeasure>מ"ל</UnitOfMeasure><QtyInPackage>לא ידוע</QtyInPackage><UnitOfMeasurePrice>0.0282</UnitOfMeasurePrice><AllowDiscount>1</AllowDiscount><ItemStatus>1</ItemStatus><ItemPrice>16.90</ItemPrice></item><item><PriceUpdateDate>2016-05-01 08:14:12</PriceUpdateDate><ItemCode>8718951001596</ItemCode><ItemType>1</ItemType><ItemName>אג'קס ספריי אמבטיה 6</ItemName><ManufacturerName>אג'קס</ManufacturerName><ManufactureCountry>לא ידוע</ManufactureCountry><ManufacturerItemDescription>אג'קס ספריי אמבטיה 6</ManufacturerItemDescription><SoldByWeight/><Quantity>600.00</Quantity><UnitOfMeasure>מ"ל</UnitOfMeasure><QtyInPackage>לא ידוע</QtyInPackage><UnitOfMeasurePrice>0.0282</UnitOfMeasurePrice><AllowDiscount>1</AllowDiscount><ItemStatus>1</ItemStatus><ItemPrice>16.90</ItemPrice></item><item><PriceUpdateDate>2016-03-29 07:07:08</PriceUpdateDate><ItemCode>8718951038738</ItemCode><ItemType>1</ItemType><ItemName>אג'קס חגיגת הפרחים כ</ItemName><ManufacturerName>אג'קס</ManufacturerName><ManufactureCountry>ישראל</ManufactureCountry><ManufacturerItemDescription>אג'קס לניקוי    דום 1.5ל</ManufacturerItemDescription><SoldByWeight/><Quantity>1500.00</Quantity><UnitOfMeasure>מ"ל</UnitOfMeasure><QtyInPackage>לא ידוע</QtyInPackage><UnitOfMeasurePrice>0.0163</UnitOfMeasurePrice><AllowDiscount>1</AllowDiscount><ItemStatus>1</ItemStatus><ItemPrice>24.40</ItemPrice></item><item><PriceUpdateDate>2016-08-10 08:22:57</PriceUpdateDate><ItemCode>87304787</ItemCode><ItemType>1</ItemType><ItemName>סוכריות מנטוס בוקס פ</ItemName><ManufacturerName>מנטוס</ManufacturerName><ManufactureCountry>הולנד</ManufactureCountry><ManufacturerItemDescription>סוכריות מנטוס   64 גרם</ManufacturerItemDescription><SoldByWeight/><Quantity>14.00</Quantity><UnitOfMeasure>גרם     </UnitOfMeasure><QtyInPackage>לא ידוע</QtyInPackage><UnitOfMeasurePrice>0.5500</UnitOfMeasurePrice><AllowDiscount>1</AllowDiscount><ItemStatus>1</ItemStatus><ItemPrice>7.70</ItemPrice></item><item><PriceUpdateDate>2016-02-01 20:45:53</PriceUpdateDate><ItemCode>8801055706952</ItemCode><ItemType>1</ItemType><ItemName>נסקפה קפוצ'ינו קרמל</ItemName><ManufacturerName>לא ממותג</ManufacturerName><ManufactureCountry>ישראל</ManufactureCountry><ManufacturerItemDescription>קפוצ'ינו קרמל   רמל170גר</ManufacturerItemDescription><SoldByWeight/><Quantity>170.00</Quantity><UnitOfMeasure>גרם     </UnitOfMeasure><QtyInPackage>לא ידוע</QtyInPackage><UnitOfMeasurePrice>0.1229</UnitOfMeasurePrice><AllowDiscount>1</AllowDiscount><ItemStatus>1</ItemStatus><ItemPrice>20.90</ItemPrice></item><item><PriceUpdateDate>2016-02-01 20:45:53</PriceUpdateDate><ItemCode>8801055707010</ItemCode><ItemType>1</ItemType><ItemName>נס קפה קפוצ'ינו קלאס</ItemName><ManufacturerName>לא ממותג</ManufacturerName><ManufactureCountry>ישראל</ManufactureCountry><ManufacturerItemDescription>נס קפה קפוצ'ינו אסיק125ג</ManufacturerItemDescription><SoldByWeight/><Quantity>125.00</Quantity><UnitOfMeasure>גרם     </UnitOfMeasure><QtyInPackage>לא ידוע</QtyInPackage><UnitOfMeasurePrice>0.1672</UnitOfMeasurePrice><AllowDiscount>1</AllowDiscount><ItemStatus>1</ItemStatus><ItemPrice>20.90</ItemPrice></item><item><PriceUpdateDate>2016-02-01 20:45:53</PriceUpdateDate><ItemCode>8801055707188</ItemCode><ItemType>1</ItemType><ItemName>נסקפה קפוצ'ינו אגוזי</ItemName><ManufacturerName>לא ממותג</ManufacturerName><ManufactureCountry>ישראל</ManufactureCountry><ManufacturerItemDescription>נס קפה קפוצ'ינו גוזים180</ManufacturerItemDescription><SoldByWeight/><Quantity>180.00</Quantity><UnitOfMeasure>גרם     </UnitOfMeasure><QtyInPackage>לא ידוע</QtyInPackage><UnitOfMeasurePrice>0.1161</UnitOfMeasurePrice><AllowDiscount>1</AllowDiscount><ItemStatus>1</ItemStatus><ItemPrice>20.90</ItemPrice></item><item><PriceUpdateDate>2016-08-10 08:23:43</PriceUpdateDate><ItemCode>8808</ItemCode><ItemType>3</ItemType><ItemName>חציל מוזל</ItemName><ManufacturerName>B.B.B</ManufacturerName><ManufactureCountry>ישראל</ManufactureCountry><ManufacturerItemDescription>חציל מוזל</ManufacturerItemDescription><SoldByWeight/><Quantity>1.00</Quantity><UnitOfMeasure>ק"ג</UnitOfMeasure><QtyInPackage>לא ידוע</QtyInPackage><UnitOfMeasurePrice>6.9000</UnitOfMeasurePrice><AllowDiscount>1</AllowDiscount><ItemStatus>1</ItemStatus><ItemPrice>6.90</ItemPrice></item><item><PriceUpdateDate>2016-03-01 06:12:27</PriceUpdateDate><ItemCode>884912002372</ItemCode><ItemType>1</ItemType><ItemName>דגני בוקר פוסט סלקט</ItemName><ManufacturerName>פוסט</ManufacturerName><ManufactureCountry>ישראל</ManufactureCountry><ManufacturerItemDescription>דגני בוקר פוסט סלקט</ManufacturerItemDescription><SoldByWeight/><Quantity>368.00</Quantity><UnitOfMeasure>גרם     </UnitOfMeasure><QtyInPackage>לא ידוע</QtyInPackage><UnitOfMeasurePrice>0.0818</UnitOfMeasurePrice><AllowDiscount>1</AllowDiscount><ItemStatus>1</ItemStatus><ItemPrice>30.10</ItemPrice></item><item><PriceUpdateDate>2016-08-02 07:38:30</PriceUpdateDate><ItemCode>884912014252</ItemCode><ItemType>1</ItemType><ItemName>מב דגני בוקר האני בא</ItemName><ManufacturerName>פוסט</ManufacturerName><ManufactureCountry>ארצות הברית</ManufactureCountry><ManufacturerItemDescription>קפה פילטר מליטה 250 גרם</ManufacturerItemDescription><SoldByWeight/><Quantity>411.00</Quantity><UnitOfMeasure>גרם     </UnitOfMeasure><QtyInPackage>לא ידוע</QtyInPackage><UnitOfMeasurePrice>0.0436</UnitOfMeasurePrice><AllowDiscount>1</AllowDiscount><ItemStatus>1</ItemStatus><ItemPrice>17.90</ItemPrice></item><item><PriceUpdateDate>2016-06-28 09:30:03</PriceUpdateDate><ItemCode>8850389105825</ItemCode><ItemType>1</ItemType><ItemName>משקה סאפה ענבים 1 לי</ItemName><ManufacturerName>סאפה</ManufacturerName><ManufactureCountry>תאילנד</ManufactureCountry><ManufacturerItemDescription>סאפה ענבים      ם 1 ליטר</ManufacturerItemDescription><SoldByWeight/><Quantity>1000.00</Quantity><UnitOfMeasure>מ"ל</UnitOfMeasure><QtyInPackage>לא ידוע</QtyInPackage><UnitOfMeasurePrice>0.0132</UnitOfMeasurePrice><AllowDiscount>1</AllowDiscount><ItemStatus>1</ItemStatus><ItemPrice>13.20</ItemPrice></item><item><PriceUpdateDate>2016-06-28 09:30:03</PriceUpdateDate><ItemCode>8850389105849</ItemCode><ItemType>1</ItemType><ItemName>משקה סאפה אפרסק 1 לי</ItemName><ManufacturerName>סאפה</ManufacturerName><ManufactureCountry>תאילנד</ManufactureCountry><ManufacturerItemDescription>סאפה אפרסק      ק 1 ליטר</ManufacturerItemDescription><SoldByWeight/><Quantity>1000.00</Quantity><UnitOfMeasure>מ"ל</UnitOfMeasure><QtyInPackage>לא ידוע</QtyInPackage><UnitOfMeasurePrice>0.0132</UnitOfMeasurePrice><AllowDiscount>1</AllowDiscount><ItemStatus>1</ItemStatus><ItemPrice>13.20</ItemPrice></item><item><PriceUpdateDate>2016-08-10 08:23:34</PriceUpdateDate><ItemCode>8850632604259</ItemCode><ItemType>1</ItemType><ItemName>חמצוצים יוגטה בצורת</ItemName><ManufacturerName>יוגטה</ManufacturerName><ManufactureCountry>ישראל</ManufactureCountry><ManufacturerItemDescription>יוגטה ממתק חמוץ  תות 50ג</ManufacturerItemDescription><SoldByWeight/><Quantity>50.00</Quantity><UnitOfMeasure>גרם     </UnitOfMeasure><QtyInPackage>לא ידוע</QtyInPackage><UnitOfMeasurePrice>0.1160</UnitOfMeasurePrice><AllowDiscount>1</AllowDiscount><ItemStatus>1</ItemStatus><ItemPrice>5.80</ItemPrice></item><item><PriceUpdateDate>2016-08-10 08:23:34</PriceUpdateDate><ItemCode>8850632604266</ItemCode><ItemType>1</ItemType><ItemName>חמצוצים יוגטה בצורת</ItemName><ManufacturerName>יוגטה</ManufacturerName><ManufactureCountry>ישראל</ManufactureCountry><ManufacturerItemDescription>יוגטה ממתק חמוץ  קולה50ג</ManufacturerItemDescription><SoldByWeight/><Quantity>50.00</Quantity><UnitOfMeasure>גרם     </UnitOfMeasure><QtyInPackage>לא ידוע</QtyInPackage><UnitOfMeasurePrice>0.1160</UnitOfMeasurePrice><AllowDiscount>1</AllowDiscount><ItemStatus>1</ItemStatus><ItemPrice>5.80</ItemPrice></item><item><PriceUpdateDate>2016-08-10 08:23:34</PriceUpdateDate><ItemCode>8850632604372</ItemCode><ItemType>1</ItemType><ItemName>חמצוצים יוגטה בצורת</ItemName><ManufacturerName>יוגטה</ManufacturerName><ManufactureCountry>ישראל</ManufactureCountry><ManufacturerItemDescription>יוגטה ממתק תות שדה בצורת</ManufacturerItemDescription><SoldByWeight/><Quantity>50.00</Quantity><UnitOfMeasure>גרם     </UnitOfMeasure><QtyInPackage>לא ידוע</QtyInPackage><UnitOfMeasurePrice>0.1160</UnitOfMeasurePrice><AllowDiscount>1</AllowDiscount><ItemStatus>1</ItemStatus><ItemPrice>5.80</ItemPrice></item><item><PriceUpdateDate>2016-08-10 08:23:35</PriceUpdateDate><ItemCode>8850632604402</ItemCode><ItemType>1</ItemType><ItemName>חמצוצים יוגטה בצורת</ItemName><ManufacturerName>לא ידוע</ManufacturerName><ManufactureCountry>ישראל</ManufactureCountry><ManufacturerItemDescription>יוגטה ממתק תות ענבים בצור</ManufacturerItemDescription><SoldByWeight/><Quantity>50.00</Quantity><UnitOfMeasure>גרם     </UnitOfMeasure><QtyInPackage>לא ידוע</QtyInPackage><UnitOfMeasurePrice>0.1160</UnitOfMeasurePrice><AllowDiscount>1</AllowDiscount><ItemStatus>1</ItemStatus><ItemPrice>5.80</ItemPrice></item><item><PriceUpdateDate>2016-08-10 08:23:35</PriceUpdateDate><ItemCode>8850632606390</ItemCode><ItemType>1</ItemType><ItemName>יוגטה חיספוסים בטעם</ItemName><ManufacturerName>יוגטה</ManufacturerName><ManufactureCountry>ישראל</ManufactureCountry><ManufacturerItemDescription>יוגטה חיספוסים בטעם</ManufacturerItemDescription><SoldByWeight/><Quantity>50.00</Quantity><UnitOfMeasure>גרם     </UnitOfMeasure><QtyInPackage>לא ידוע</QtyInPackage><UnitOfMeasurePrice>0.1160</UnitOfMeasurePrice><AllowDiscount>1</AllowDiscount><ItemStatus>1</ItemStatus><ItemPrice>5.80</ItemPrice></item><item><PriceUpdateDate>2015-11-18 14:00:51</PriceUpdateDate><ItemCode>8852111005786</ItemCode><ItemType>1</ItemType><ItemName>דג סיירה במיץ טבעי 2</ItemName><ManufacturerName>לא ממותג</ManufacturerName><ManufactureCountry>ישראל</ManufactureCountry><ManufacturerItemDescription>דג סיירה במיץ טבעי 2</ManufacturerItemDescription><SoldByWeight/><Quantity>240.00</Quantity><UnitOfMeasure>גרם     </UnitOfMeasure><QtyInPackage>לא ידוע</QtyInPackage><UnitOfMeasurePrice>0.0321</UnitOfMeasurePrice><AllowDiscount>1</AllowDiscount><ItemStatus>1</ItemStatus><ItemPrice>7.70</ItemPrice></item><item><PriceUpdateDate>2016-05-31 06:57:39</PriceUpdateDate><ItemCode>8857101301008</ItemCode><ItemType>1</ItemType><ItemName>רוטב צ'ילי מתוק 700</ItemName><ManufacturerName>לא ממותג</ManufacturerName><ManufactureCountry>ישראל</ManufactureCountry><ManufacturerItemDescription>רוטב צ'ילי מתוק 700</ManufacturerItemDescription><SoldByWeight/><Quantity>700.00</Quantity><UnitOfMeasure>מ"ל</UnitOfMeasure><QtyInPackage>לא ידוע</QtyInPackage><UnitOfMeasurePrice>0.0170</UnitOfMeasurePrice><AllowDiscount>1</AllowDiscount><ItemStatus>1</ItemStatus><ItemPrice>11.90</ItemPrice></item><item><PriceUpdateDate>2015-03-19 08:26:45</PriceUpdateDate><ItemCode>8858271003075</ItemCode><ItemType>1</ItemType><ItemName>רוטב סויה מתוקה 700</ItemName><ManufacturerName>לא ממותג</ManufacturerName><ManufactureCountry>ישראל</ManufactureCountry><ManufacturerItemDescription>רוטב סויה מתוקה 700</ManufacturerItemDescription><SoldByWeight/><Quantity>700.00</Quantity><UnitOfMeasure>מ"ל</UnitOfMeasure><QtyInPackage>לא ידוע</QtyInPackage><UnitOfMeasurePrice>0.0284</UnitOfMeasurePrice><AllowDiscount>1</AllowDiscount><ItemStatus>1</ItemStatus><ItemPrice>19.90</ItemPrice></item><item><PriceUpdateDate>2016-08-03 11:58:27</PriceUpdateDate><ItemCode>8877</ItemCode><ItemType>3</ItemType><ItemName>בטטה מוזלת</ItemName><ManufacturerName>B.B.B</ManufacturerName><ManufactureCountry>ישראל</ManufactureCountry><ManufacturerItemDescription>בטטה מוזלת</ManufacturerItemDescription><SoldByWeight/><Quantity>1.00</Quantity><UnitOfMeasure>ק"ג</UnitOfMeasure><QtyInPackage>לא ידוע</QtyInPackage><UnitOfMeasurePrice>11.9000</UnitOfMeasurePrice><AllowDiscount>1</AllowDiscount><ItemStatus>1</ItemStatus><ItemPrice>11.90</ItemPrice></item><item><PriceUpdateDate>2015-01-01 00:00:00</PriceUpdateDate><ItemCode>88888034</ItemCode><ItemType>0</ItemType><ItemName>מזון מהיר</ItemName><ManufacturerName>לא ידוע</ManufacturerName><ManufactureCountry>לא ידוע</ManufactureCountry><ManufacturerItemDescription>מזון מהיר</ManufacturerItemDescription><SoldByWeight/><Quantity>0.00</Quantity><UnitOfMeasure>לא ידוע</UnitOfMeasure><QtyInPackage>לא ידוע</QtyInPackage><UnitOfMeasurePrice>0.0000</UnitOfMeasurePrice><AllowDiscount>1</AllowDiscount><ItemStatus>1</ItemStatus><ItemPrice>0.00</ItemPrice></item><item><PriceUpdateDate>2015-01-01 00:00:00</PriceUpdateDate><ItemCode>88888050</ItemCode><ItemType>0</ItemType><ItemName>בית קפה מעלה אדומים</ItemName><ManufacturerName>לא ידוע</ManufacturerName><ManufactureCountry>לא ידוע</ManufactureCountry><ManufacturerItemDescription>בית קפה מעלה אדומים</ManufacturerItemDescription><SoldByWeight/><Quantity>0.00</Quantity><UnitOfMeasure>לא ידוע</UnitOfMeasure><QtyInPackage>לא ידוע</QtyInPackage><UnitOfMeasurePrice>0.0000</UnitOfMeasurePrice><AllowDiscount>1</AllowDiscount><ItemStatus>1</ItemStatus><ItemPrice>0.00</ItemPrice></item><item><PriceUpdateDate>2015-01-01 00:00:00</PriceUpdateDate><ItemCode>88888053</ItemCode><ItemType>0</ItemType><ItemName>די לילדים - זכיינות</ItemName><ManufacturerName>לא ידוע</ManufacturerName><ManufactureCountry>לא ידוע</ManufactureCountry><ManufacturerItemDescription>די לילדים - זכיינות</ManufacturerItemDescription><SoldByWeight/><Quantity>0.00</Quantity><UnitOfMeasure>לא ידוע</UnitOfMeasure><QtyInPackage>לא ידוע</QtyInPackage><UnitOfMeasurePrice>0.0000</UnitOfMeasurePrice><AllowDiscount>1</AllowDiscount><ItemStatus>1</ItemStatus><ItemPrice>0.00</ItemPrice></item><item><PriceUpdateDate>2015-01-01 00:00:00</PriceUpdateDate><ItemCode>88888068</ItemCode><ItemType>0</ItemType><ItemName>זכיינות חגורות</ItemName><ManufacturerName>לא ידוע</ManufacturerName><ManufactureCountry>לא ידוע</ManufactureCountry><ManufacturerItemDescription>זכיינות חגורות</ManufacturerItemDescription><SoldByWeight/><Quantity>0.00</Quantity><UnitOfMeasure>לא ידוע</UnitOfMeasure><QtyInPackage>לא ידוע</QtyInPackage><UnitOfMeasurePrice>0.0000</UnitOfMeasurePrice><AllowDiscount>1</AllowDiscount><ItemStatus>1</ItemStatus><ItemPrice>0.00</ItemPrice></item><item><PriceUpdateDate>2015-01-01 00:00:00</PriceUpdateDate><ItemCode>88888086</ItemCode><ItemType>0</ItemType><ItemName>אביזרי עזר מכלת</ItemName><ManufacturerName>לא ידוע</ManufacturerName><ManufactureCountry>לא ידוע</ManufactureCountry><ManufacturerItemDescription>אביזרי עזר מכלת</ManufacturerItemDescription><SoldByWeight/><Quantity>0.00</Quantity><UnitOfMeasure>לא ידוע</UnitOfMeasure><QtyInPackage>לא ידוע</QtyInPackage><UnitOfMeasurePrice>0.0000</UnitOfMeasurePrice><AllowDiscount>1</AllowDiscount><ItemStatus>1</ItemStatus><ItemPrice>0.00</ItemPrice></item><item><PriceUpdateDate>2015-01-01 00:00:00</PriceUpdateDate><ItemCode>88888106</ItemCode><ItemType>0</ItemType><ItemName>זכיינות עולם הבית</ItemName><ManufacturerName>לא ידוע</ManufacturerName><ManufactureCountry>לא ידוע</ManufactureCountry><ManufacturerItemDescription>זכיינות עולם הבית</ManufacturerItemDescription><SoldByWeight/><Quantity>0.00</Quantity><UnitOfMeasure>לא ידוע</UnitOfMeasure><QtyInPackage>לא ידוע</QtyInPackage><UnitOfMeasurePrice>0.0000</UnitOfMeasurePrice><AllowDiscount>1</AllowDiscount><ItemStatus>1</ItemStatus><ItemPrice>0.00</ItemPrice></item><item><PriceUpdateDate>2016-05-31 06:57:39</PriceUpdateDate><ItemCode>8901537024014</ItemCode><ItemType>1</ItemType><ItemName>אורז בסמטי מובחר 1 ק</ItemName><ManufacturerName>לא ממותג</ManufacturerName><ManufactureCountry>ישראל</ManufactureCountry><ManufacturerItemDescription>אורז בסמטי 1 קג</ManufacturerItemDescription><SoldByWeight/><Quantity>1000.00</Quantity><UnitOfMeasure>גרם     </UnitOfMeasure><QtyInPackage>לא ידוע</QtyInPackage><UnitOfMeasurePrice>0.0159</UnitOfMeasurePrice><AllowDiscount>1</AllowDiscount><ItemStatus>1</ItemStatus><ItemPrice>15.90</ItemPrice></item><item><PriceUpdateDate>2016-07-13 10:37:19</PriceUpdateDate><ItemCode>8902335006189</ItemCode><ItemType>1</ItemType><ItemName>עוגיות בטעם חמאה ביי</ItemName><ManufacturerName>לא ממותג</ManufacturerName><ManufactureCountry>לא ידוע</ManufactureCountry><ManufacturerItemDescription>עוגיות בטעם חמאה ביי</ManufacturerItemDescription><SoldByWeight/><Quantity>114.00</Quantity><UnitOfMeasure>גרם     </UnitOfMeasure><QtyInPackage>לא ידוע</QtyInPackage><UnitOfMeasurePrice>0.0605</UnitOfMeasurePrice><AllowDiscount>1</AllowDiscount><ItemStatus>1</ItemStatus><ItemPrice>6.90</ItemPrice></item><item><PriceUpdateDate>2016-03-29 07:07:10</PriceUpdateDate><ItemCode>8992760221028</ItemCode><ItemType>1</ItemType><ItemName>אוראו קרם וניל 137 ג</ItemName><ManufacturerName>אוראו</ManufacturerName><ManufactureCountry>ספרד</ManufactureCountry><ManufacturerItemDescription>דפי לזניה       ם</ManufacturerItemDescription><SoldByWeight/><Quantity>137.00</Quantity><UnitOfMeasure>גרם     </UnitOfMeasure><QtyInPackage>לא ידוע</QtyInPackage><UnitOfMeasurePrice>0.0620</UnitOfMeasurePrice><AllowDiscount>1</AllowDiscount><ItemStatus>1</ItemStatus><ItemPrice>8.50</ItemPrice></item><item><PriceUpdateDate>2016-08-02 07:36:17</PriceUpdateDate><ItemCode>9002859067143</ItemCode><ItemType>1</ItemType><ItemName>גונץ בונבוניירה אצבע</ItemName><ManufacturerName>גונץ</ManufacturerName><ManufactureCountry>גרמניה</ManufactureCountry><ManufacturerItemDescription>טמפוני קוטקס    נורמל</ManufacturerItemDescription><SoldByWeight/><Quantity>200.00</Quantity><UnitOfMeasure>גרם     </UnitOfMeasure><QtyInPackage>לא ידוע</QtyInPackage><UnitOfMeasurePrice>0.0745</UnitOfMeasurePrice><AllowDiscount>1</AllowDiscount><ItemStatus>1</ItemStatus><ItemPrice>14.90</ItemPrice></item><item><PriceUpdateDate>2015-11-18 13:57:55</PriceUpdateDate><ItemCode>90087974</ItemCode><ItemType>1</ItemType><ItemName>חומץ טבעי מתפוחים 75</ItemName><ManufacturerName>תומר</ManufacturerName><ManufactureCountry>ישראל</ManufactureCountry><ManufacturerItemDescription>חומץ טבעי מתפוחים 75</ManufacturerItemDescription><SoldByWeight/><Quantity>750.00</Quantity><UnitOfMeasure>מ"ל</UnitOfMeasure><QtyInPackage>לא ידוע</QtyInPackage><UnitOfMeasurePrice>0.0180</UnitOfMeasurePrice><AllowDiscount>1</AllowDiscount><ItemStatus>1</ItemStatus><ItemPrice>13.50</ItemPrice></item><item><PriceUpdateDate>2016-05-26 11:45:51</PriceUpdateDate><ItemCode>9034</ItemCode><ItemType>3</ItemType><ItemName>אגס מוזל</ItemName><ManufacturerName>B.B.B</ManufacturerName><ManufactureCountry>ישראל</ManufactureCountry><ManufacturerItemDescription>אגס מוזל</ManufacturerItemDescription><SoldByWeight/><Quantity>1.00</Quantity><UnitOfMeasure>ק"ג</UnitOfMeasure><QtyInPackage>לא ידוע</QtyInPackage><UnitOfMeasurePrice>11.9000</UnitOfMeasurePrice><AllowDiscount>1</AllowDiscount><ItemStatus>1</ItemStatus><ItemPrice>11.90</ItemPrice></item><item><PriceUpdateDate>2016-07-19 10:03:16</PriceUpdateDate><ItemCode>9041</ItemCode><ItemType>3</ItemType><ItemName>אפרסק גודל 6 מוזל</ItemName><ManufacturerName>B.B.B</ManufacturerName><ManufactureCountry>ישראל</ManufactureCountry><ManufacturerItemDescription>אפרסק גודל 6 מוזל</ManufacturerItemDescription><SoldByWeight/><Quantity>1.00</Quantity><UnitOfMeasure>ק"ג</UnitOfMeasure><QtyInPackage>לא ידוע</QtyInPackage><UnitOfMeasurePrice>11.9000</UnitOfMeasurePrice><AllowDiscount>1</AllowDiscount><ItemStatus>1</ItemStatus><ItemPrice>11.90</ItemPrice></item><item><PriceUpdateDate>2016-08-10 08:23:43</PriceUpdateDate><ItemCode>9065</ItemCode><ItemType>3</ItemType><ItemName>נקטרינה גודל 6 מוזל</ItemName><ManufacturerName>B.B.B</ManufacturerName><ManufactureCountry>ישראל</ManufactureCountry><ManufacturerItemDescription>נקטרינה גודל 6 מוזל</ManufacturerItemDescription><SoldByWeight/><Quantity>1.00</Quantity><UnitOfMeasure>ק"ג</UnitOfMeasure><QtyInPackage>לא ידוע</QtyInPackage><UnitOfMeasurePrice>11.9000</UnitOfMeasurePrice><AllowDiscount>1</AllowDiscount><ItemStatus>1</ItemStatus><ItemPrice>11.90</ItemPrice></item><item><PriceUpdateDate>2016-07-27 09:34:55</PriceUpdateDate><ItemCode>9072</ItemCode><ItemType>3</ItemType><ItemName>בננות מוזל</ItemName><ManufacturerName>B.B.B</ManufacturerName><ManufactureCountry>ישראל</ManufactureCountry><ManufacturerItemDescription>בננות מוזל</ManufacturerItemDescription><SoldByWeight/><Quantity>1.00</Quantity><UnitOfMeasure>ק"ג</UnitOfMeasure><QtyInPackage>לא ידוע</QtyInPackage><UnitOfMeasurePrice>11.9000</UnitOfMeasurePrice><AllowDiscount>1</AllowDiscount><ItemStatus>1</ItemStatus><ItemPrice>11.90</ItemPrice></item><item><PriceUpdateDate>2016-08-11 10:17:55</PriceUpdateDate><ItemCode>9140</ItemCode><ItemType>3</ItemType><ItemName>לימון מוזל</ItemName><ManufacturerName>B.B.B</ManufacturerName><ManufactureCountry>ישראל</ManufactureCountry><ManufacturerItemDescription>לימון מוזל</ManufacturerItemDescription><SoldByWeight/><Quantity>1.00</Quantity><UnitOfMeasure>ק"ג</UnitOfMeasure><QtyInPackage>לא ידוע</QtyInPackage><UnitOfMeasurePrice>11.9000</UnitOfMeasurePrice><AllowDiscount>1</AllowDiscount><ItemStatus>1</ItemStatus><ItemPrice>11.90</ItemPrice></item><item><PriceUpdateDate>2016-06-28 09:30:14</PriceUpdateDate><ItemCode>9157</ItemCode><ItemType>3</ItemType><ItemName>קיווי מוזל</ItemName><ManufacturerName>B.B.B</ManufacturerName><ManufactureCountry>ישראל</ManufactureCountry><ManufacturerItemDescription>קיווי מוזל</ManufacturerItemDescription><SoldByWeight/><Quantity>1.00</Quantity><UnitOfMeasure>ק"ג</UnitOfMeasure><QtyInPackage>לא ידוע</QtyInPackage><UnitOfMeasurePrice>31.9000</UnitOfMeasurePrice><AllowDiscount>1</AllowDiscount><ItemStatus>1</ItemStatus><ItemPrice>31.90</ItemPrice></item><item><PriceUpdateDate>2016-06-28 09:30:04</PriceUpdateDate><ItemCode>9310072013855</ItemCode><ItemType>1</ItemType><ItemName>עוגיות טים טם שוקולד</ItemName><ManufacturerName>TIM TAM</ManufacturerName><ManufactureCountry>אוסטרליה</ManufactureCountry><ManufacturerItemDescription>ביסקויט טים טם  אבל 200ג</ManufacturerItemDescription><SoldByWeight/><Quantity>200.00</Quantity><UnitOfMeasure>גרם     </UnitOfMeasure><QtyInPackage>לא ידוע</QtyInPackage><UnitOfMeasurePrice>0.1095</UnitOfMeasurePrice><AllowDiscount>1</AllowDiscount><ItemStatus>1</ItemStatus><ItemPrice>21.90</ItemPrice></item><item><PriceUpdateDate>2016-05-31 07:04:04</PriceUpdateDate><ItemCode>9322969000015</ItemCode><ItemType>1</ItemType><ItemName>פריכיות תירס אוריגינ</ItemName><ManufacturerName>Realfoods</ManufacturerName><ManufactureCountry>ישראל</ManufactureCountry><ManufacturerItemDescription>פריכיות תירס טעם טבעי -15</ManufacturerItemDescription><SoldByWeight/><Quantity>150.00</Quantity><UnitOfMeasure>גרם     </UnitOfMeasure><QtyInPackage>לא ידוע</QtyInPackage><UnitOfMeasurePrice>0.0860</UnitOfMeasurePrice><AllowDiscount>1</AllowDiscount><ItemStatus>1</ItemStatus><ItemPrice>12.90</ItemPrice></item><item><PriceUpdateDate>2016-08-10 08:22:47</PriceUpdateDate><ItemCode>9416</ItemCode><ItemType>3</ItemType><ItemName>תפוח גאלה 6.50 מוזל</ItemName><ManufacturerName>B.B.B</ManufacturerName><ManufactureCountry>ישראל</ManufactureCountry><ManufacturerItemDescription>תפוח גאלה 6.50 מוזל</ManufacturerItemDescription><SoldByWeight/><Quantity>1.00</Quantity><UnitOfMeasure>ק"ג</UnitOfMeasure><QtyInPackage>לא ידוע</QtyInPackage><UnitOfMeasurePrice>12.9000</UnitOfMeasurePrice><AllowDiscount>1</AllowDiscount><ItemStatus>1</ItemStatus><ItemPrice>12.90</ItemPrice></item><item><PriceUpdateDate>2016-03-29 07:01:59</PriceUpdateDate><ItemCode>9423</ItemCode><ItemType>3</ItemType><ItemName>תפוח זהוב מוזל</ItemName><ManufacturerName>B.B.B</ManufacturerName><ManufactureCountry>ישראל</ManufactureCountry><ManufacturerItemDescription>תפוח זהוב מוזל</ManufacturerItemDescription><SoldByWeight/><Quantity>1.00</Quantity><UnitOfMeasure>ק"ג</UnitOfMeasure><QtyInPackage>לא ידוע</QtyInPackage><UnitOfMeasurePrice>9.9000</UnitOfMeasurePrice><AllowDiscount>1</AllowDiscount><ItemStatus>1</ItemStatus><ItemPrice>9.90</ItemPrice></item><item><PriceUpdateDate>2016-05-26 11:45:51</PriceUpdateDate><ItemCode>9430</ItemCode><ItemType>3</ItemType><ItemName>תפוח חרמון מוזל</ItemName><ManufacturerName>B.B.B</ManufacturerName><ManufactureCountry>ישראל</ManufactureCountry><ManufacturerItemDescription>תפוח חרמון מוזל</ManufacturerItemDescription><SoldByWeight/><Quantity>1.00</Quantity><UnitOfMeasure>ק"ג</UnitOfMeasure><QtyInPackage>לא ידוע</QtyInPackage><UnitOfMeasurePrice>13.9000</UnitOfMeasurePrice><AllowDiscount>1</AllowDiscount><ItemStatus>1</ItemStatus><ItemPrice>13.90</ItemPrice></item><item><PriceUpdateDate>2016-03-29 07:02:00</PriceUpdateDate><ItemCode>9447</ItemCode><ItemType>3</ItemType><ItemName>תפוח גרנד סמית מוזל</ItemName><ManufacturerName>B.B.B</ManufacturerName><ManufactureCountry>ישראל</ManufactureCountry><ManufacturerItemDescription>תפוח גרנד סמית מוזל</ManufacturerItemDescription><SoldByWeight/><Quantity>1.00</Quantity><UnitOfMeasure>ק"ג</UnitOfMeasure><QtyInPackage>לא ידוע</QtyInPackage><UnitOfMeasurePrice>9.9000</UnitOfMeasurePrice><AllowDiscount>1</AllowDiscount><ItemStatus>1</ItemStatus><ItemPrice>9.90</ItemPrice></item><item><PriceUpdateDate>2016-04-15 09:17:33</PriceUpdateDate><ItemCode>9448</ItemCode><ItemType>3</ItemType><ItemName>תפוח עץ קירפס פינק 6</ItemName><ManufacturerName>B.B.B</ManufacturerName><ManufactureCountry>ישראל</ManufactureCountry><ManufacturerItemDescription>תפוח עץ קירפס פינק 6</ManufacturerItemDescription><SoldByWeight/><Quantity>1.00</Quantity><UnitOfMeasure>ק"ג</UnitOfMeasure><QtyInPackage>לא ידוע</QtyInPackage><UnitOfMeasurePrice>16.9000</UnitOfMeasurePrice><AllowDiscount>1</AllowDiscount><ItemStatus>1</ItemStatus><ItemPrice>16.90</ItemPrice></item><item><PriceUpdateDate>2016-08-11 10:17:55</PriceUpdateDate><ItemCode>9454</ItemCode><ItemType>3</ItemType><ItemName>תפוח יונתן 6.5 מוזל</ItemName><ManufacturerName>B.B.B</ManufacturerName><ManufactureCountry>ישראל</ManufactureCountry><ManufacturerItemDescription>תפוח יונתן 6.5 מוזל</ManufacturerItemDescription><SoldByWeight/><Quantity>1.00</Quantity><UnitOfMeasure>ק"ג</UnitOfMeasure><QtyInPackage>לא ידוע</QtyInPackage><UnitOfMeasurePrice>11.9000</UnitOfMeasurePrice><AllowDiscount>1</AllowDiscount><ItemStatus>1</ItemStatus><ItemPrice>11.90</ItemPrice></item><item><PriceUpdateDate>2015-09-02 08:14:00</PriceUpdateDate><ItemCode>9771565038319</ItemCode><ItemType>1</ItemType><ItemName>עיתון רגיל יום א'</ItemName><ManufacturerName>ידיעות אחרונות</ManufacturerName><ManufactureCountry>ישראל</ManufactureCountry><ManufacturerItemDescription>עיתון רגיל יום א'</ManufacturerItemDescription><SoldByWeight/><Quantity>0.00</Quantity><UnitOfMeasure>יח'</UnitOfMeasure><QtyInPackage>לא ידוע</QtyInPackage><UnitOfMeasurePrice>0.0000</UnitOfMeasurePrice><AllowDiscount>1</AllowDiscount><ItemStatus>1</ItemStatus><ItemPrice>2.00</ItemPrice></item><item><PriceUpdateDate>2015-09-02 08:14:00</PriceUpdateDate><ItemCode>9771565038326</ItemCode><ItemType>1</ItemType><ItemName>עיתון רגיל יום ב'</ItemName><ManufacturerName>ידיעות אחרונות</ManufacturerName><ManufactureCountry>ישראל</ManufactureCountry><ManufacturerItemDescription>עיתון רגיל יום ב'</ManufacturerItemDescription><SoldByWeight/><Quantity>0.00</Quantity><UnitOfMeasure>יח'</UnitOfMeasure><QtyInPackage>לא ידוע</QtyInPackage><UnitOfMeasurePrice>0.0000</UnitOfMeasurePrice><AllowDiscount>1</AllowDiscount><ItemStatus>1</ItemStatus><ItemPrice>2.00</ItemPrice></item><item><PriceUpdateDate>2015-09-02 08:14:00</PriceUpdateDate><ItemCode>9771565038333</ItemCode><ItemType>1</ItemType><ItemName>עיתון רגיל יום ג'</ItemName><ManufacturerName>לא ידוע</ManufacturerName><ManufactureCountry>ישראל</ManufactureCountry><ManufacturerItemDescription>עיתון רגיל יום ג'</ManufacturerItemDescription><SoldByWeight/><Quantity>0.00</Quantity><UnitOfMeasure>יח'</UnitOfMeasure><QtyInPackage>לא ידוע</QtyInPackage><UnitOfMeasurePrice>0.0000</UnitOfMeasurePrice><AllowDiscount>1</AllowDiscount><ItemStatus>1</ItemStatus><ItemPrice>2.00</ItemPrice></item><item><PriceUpdateDate>2015-09-02 08:14:00</PriceUpdateDate><ItemCode>9771565038357</ItemCode><ItemType>1</ItemType><ItemName>עיתון רגיל יום ה'</ItemName><ManufacturerName>ידיעות אחרונות</ManufacturerName><ManufactureCountry>ישראל</ManufactureCountry><ManufacturerItemDescription>עיתון רגיל יום ה'</ManufacturerItemDescription><SoldByWeight/><Quantity>0.00</Quantity><UnitOfMeasure>יח'</UnitOfMeasure><QtyInPackage>לא ידוע</QtyInPackage><UnitOfMeasurePrice>0.0000</UnitOfMeasurePrice><AllowDiscount>1</AllowDiscount><ItemStatus>1</ItemStatus><ItemPrice>2.00</ItemPrice></item><item><PriceUpdateDate>2014-11-10 06:30:02</PriceUpdateDate><ItemCode>9771565051066</ItemCode><ItemType>1</ItemType><ItemName>עיתון ידיעות  יום ו'</ItemName><ManufacturerName>לא ידוע</ManufacturerName><ManufactureCountry>ישראל</ManufactureCountry><ManufacturerItemDescription>עיתון ידיעות  יום ו'</ManufacturerItemDescription><SoldByWeight/><Quantity>0.00</Quantity><UnitOfMeasure>יח'</UnitOfMeasure><QtyInPackage>לא ידוע</QtyInPackage><UnitOfMeasurePrice>0.0000</UnitOfMeasurePrice><AllowDiscount>1</AllowDiscount><ItemStatus>1</ItemStatus><ItemPrice>15.00</ItemPrice></item><item><PriceUpdateDate>2015-09-02 08:14:00</PriceUpdateDate><ItemCode>9771565058317</ItemCode><ItemType>1</ItemType><ItemName>עיתון רגיל יום א'</ItemName><ManufacturerName>ידיעות אחרונות</ManufacturerName><ManufactureCountry>ישראל</ManufactureCountry><ManufacturerItemDescription>עיתון רגיל יום א'</ManufacturerItemDescription><SoldByWeight/><Quantity>0.00</Quantity><UnitOfMeasure>יח'</UnitOfMeasure><QtyInPackage>לא ידוע</QtyInPackage><UnitOfMeasurePrice>0.0000</UnitOfMeasurePrice><AllowDiscount>1</AllowDiscount><ItemStatus>1</ItemStatus><ItemPrice>2.00</ItemPrice></item><item><PriceUpdateDate>2016-02-19 08:15:51</PriceUpdateDate><ItemCode>9771565062642</ItemCode><ItemType>1</ItemType><ItemName>פנאי פלוס יום ד'</ItemName><ManufacturerName>פנאי פלוס</ManufacturerName><ManufactureCountry>ישראל</ManufactureCountry><ManufacturerItemDescription>פנאי פלוס יום ד'</ManufacturerItemDescription><SoldByWeight/><Quantity>0.00</Quantity><UnitOfMeasure>יח'</UnitOfMeasure><QtyInPackage>לא ידוע</QtyInPackage><UnitOfMeasurePrice>0.0000</UnitOfMeasurePrice><AllowDiscount>1</AllowDiscount><ItemStatus>1</ItemStatus><ItemPrice>10.00</ItemPrice></item></Items></root>
