<Root>
  <XmlDocVersion>19</XmlDocVersion>
  <ChainId>7290103152017</ChainId>
  <SubChainId>1</SubChainId>
  <StoreId>16</StoreId>
  <BikoretNo>8</BikoretNo>
  <DllVerNo>9.4.0.21</DllVerNo>
  <Items Count="5108">
    <Item>
      <PriceUpdateDate>2015-01-01 00:00:00</PriceUpdateDate>
      <ItemCode>1041017</ItemCode>
      <ItemType>0</ItemType>
      <ItemName>חוואיג תימני 50 גרם</ItemName>
      <ManufacturerName>מיה תעשיות מזון בעמ</ManufacturerName>
      <ManufactureCountry>ישראל</ManufactureCountry>
      <ManufacturerItemDescription>חוואיג תימני 50 גרם צנצנת</ManufacturerItemDescription>
      <UnitQty>גרמים</UnitQty>
      <Quantity>50.00</Quantity>
      <UnitOfMeasure>100 גרם</UnitOfMeasure>
      <bIsWeighted>0</bIsWeighted>
      <QtyInPackage>1</QtyInPackage>
      <ItemPrice>5.80</ItemPrice>
      <UnitOfMeasurePrice>11.6000</UnitOfMeasurePrice>
      <AllowDiscount>1</AllowDiscount>
      <ItemStatus>1</ItemStatus>
      <ItemId>221729</ItemId>
    </Item>
    <Item>
      <PriceUpdateDate>2015-01-01 00:00:00</PriceUpdateDate>
      <ItemCode>1041031</ItemCode>
      <ItemType>0</ItemType>
      <ItemName>תבלין לקציצות 50 גרם</ItemName>
      <ManufacturerName>מיה תעשיות מזון בעמ</ManufacturerName>
      <ManufactureCountry>ישראל</ManufactureCountry>
      <ManufacturerItemDescription>תבלין לקציצות 50 גרם צנצנת</ManufacturerItemDescription>
      <UnitQty>גרמים</UnitQty>
      <Quantity>50.00</Quantity>
      <UnitOfMeasure>100 גרם</UnitOfMeasure>
      <bIsWeighted>0</bIsWeighted>
      <QtyInPackage>1</QtyInPackage>
      <ItemPrice>5.80</ItemPrice>
      <UnitOfMeasurePrice>11.6000</UnitOfMeasurePrice>
      <AllowDiscount>1</AllowDiscount>
      <ItemStatus>1</ItemStatus>
      <ItemId>221731</ItemId>
    </Item>
    <Item>
      <PriceUpdateDate>2015-01-01 00:00:00</PriceUpdateDate>
      <ItemCode>1041048</ItemCode>
      <ItemType>0</ItemType>
      <ItemName>תבלין על האש 50 גרם</ItemName>
      <ManufacturerName>מיה תעשיות מזון בעמ</ManufacturerName>
      <ManufactureCountry>ישראל</ManufactureCountry>
      <ManufacturerItemDescription>תבלין על האש 50 גרם צנצנת</ManufacturerItemDescription>
      <UnitQty>גרמים</UnitQty>
      <Quantity>50.00</Quantity>
      <UnitOfMeasure>100 גרם</UnitOfMeasure>
      <bIsWeighted>0</bIsWeighted>
      <QtyInPackage>1</QtyInPackage>
      <ItemPrice>5.80</ItemPrice>
      <UnitOfMeasurePrice>11.6000</UnitOfMeasurePrice>
      <AllowDiscount>1</AllowDiscount>
      <ItemStatus>1</ItemStatus>
      <ItemId>221732</ItemId>
    </Item>
    <Item>
      <PriceUpdateDate>2015-01-01 00:00:00</PriceUpdateDate>
      <ItemCode>1041123</ItemCode>
      <ItemType>0</ItemType>
      <ItemName>שקד מולבן פרוס 100 ג</ItemName>
      <ManufacturerName>מיה תעשיות מזון בעמ</ManufacturerName>
      <ManufactureCountry>ישראל</ManufactureCountry>
      <ManufacturerItemDescription>שקד מולבן פרוס 100 גרם</ManufacturerItemDescription>
      <UnitQty>גרמים</UnitQty>
      <Quantity>100.00</Quantity>
      <UnitOfMeasure>100 גרם</UnitOfMeasure>
      <bIsWeighted>0</bIsWeighted>
      <QtyInPackage>1</QtyInPackage>
      <ItemPrice>11.90</ItemPrice>
      <UnitOfMeasurePrice>11.9000</UnitOfMeasurePrice>
      <AllowDiscount>1</AllowDiscount>
      <ItemStatus>1</ItemStatus>
      <ItemId>221735</ItemId>
    </Item>
    <Item>
      <PriceUpdateDate>2015-01-01 00:00:00</PriceUpdateDate>
      <ItemCode>1041291</ItemCode>
      <ItemType>0</ItemType>
      <ItemName>לקקן סוכריה על מקל</ItemName>
      <ManufacturerName>מיה תעשיות מזון בעמ</ManufacturerName>
      <ManufactureCountry>לא ידוע</ManufactureCountry>
      <ManufacturerItemDescription>לקקן סוכריה על מקל 70 יח</ManufacturerItemDescription>
      <UnitQty>גרמים</UnitQty>
      <Quantity>600.00</Quantity>
      <UnitOfMeasure>100 גרם</UnitOfMeasure>
      <bIsWeighted>0</bIsWeighted>
      <QtyInPackage>1</QtyInPackage>
      <ItemPrice>14.90</ItemPrice>
      <UnitOfMeasurePrice>2.4833</UnitOfMeasurePrice>
      <AllowDiscount>1</AllowDiscount>
      <ItemStatus>1</ItemStatus>
      <ItemId>221740</ItemId>
    </Item>
    <Item>
      <PriceUpdateDate>2015-01-01 00:00:00</PriceUpdateDate>
      <ItemCode>1041482</ItemCode>
      <ItemType>0</ItemType>
      <ItemName>זנגוויל 50 גרם צנצנת</ItemName>
      <ManufacturerName>מיה תעשיות מזון בעמ</ManufacturerName>
      <ManufactureCountry>ישראל</ManufactureCountry>
      <ManufacturerItemDescription>זנגוויל 50 גרם צנצנת</ManufacturerItemDescription>
      <UnitQty>גרמים</UnitQty>
      <Quantity>50.00</Quantity>
      <UnitOfMeasure>100 גרם</UnitOfMeasure>
      <bIsWeighted>0</bIsWeighted>
      <QtyInPackage>1</QtyInPackage>
      <ItemPrice>5.80</ItemPrice>
      <UnitOfMeasurePrice>11.6000</UnitOfMeasurePrice>
      <AllowDiscount>1</AllowDiscount>
      <ItemStatus>1</ItemStatus>
      <ItemId>221741</ItemId>
    </Item>
    <Item>
      <PriceUpdateDate>2015-01-01 00:00:00</PriceUpdateDate>
      <ItemCode>1041659</ItemCode>
      <ItemType>0</ItemType>
      <ItemName>תמר 400 גרם</ItemName>
      <ManufacturerName>מיה תעשיות מזון בעמ</ManufacturerName>
      <ManufactureCountry>ישראל</ManufactureCountry>
      <ManufacturerItemDescription>תמר 400 גרם</ManufacturerItemDescription>
      <UnitQty>גרמים</UnitQty>
      <Quantity>400.00</Quantity>
      <UnitOfMeasure>100 גרם</UnitOfMeasure>
      <bIsWeighted>0</bIsWeighted>
      <QtyInPackage>1</QtyInPackage>
      <ItemPrice>7.90</ItemPrice>
      <UnitOfMeasurePrice>1.9750</UnitOfMeasurePrice>
      <AllowDiscount>1</AllowDiscount>
      <ItemStatus>1</ItemStatus>
      <ItemId>221744</ItemId>
    </Item>
    <Item>
      <PriceUpdateDate>2015-12-24 12:17:55</PriceUpdateDate>
      <ItemCode>1041888</ItemCode>
      <ItemType>0</ItemType>
      <ItemName>פפריקה מתוקה 300 גרם</ItemName>
      <ManufacturerName>מיה תעשיות מזון בעמ</ManufacturerName>
      <ManufactureCountry>לא ידוע</ManufactureCountry>
      <ManufacturerItemDescription>פפריקה מתוקה 300 גרם</ManufacturerItemDescription>
      <UnitQty>גרמים</UnitQty>
      <Quantity>300.00</Quantity>
      <UnitOfMeasure>100 גרם</UnitOfMeasure>
      <bIsWeighted>0</bIsWeighted>
      <QtyInPackage>1</QtyInPackage>
      <ItemPrice>9.90</ItemPrice>
      <UnitOfMeasurePrice>3.3000</UnitOfMeasurePrice>
      <AllowDiscount>1</AllowDiscount>
      <ItemStatus>1</ItemStatus>
      <ItemId>221746</ItemId>
    </Item>
    <Item>
      <PriceUpdateDate>2015-01-01 00:00:00</PriceUpdateDate>
      <ItemCode>1041895</ItemCode>
      <ItemType>0</ItemType>
      <ItemName>פלפל שחור צנצנת 300</ItemName>
      <ManufacturerName>מיה תעשיות מזון בעמ</ManufacturerName>
      <ManufactureCountry>לא ידוע</ManufactureCountry>
      <ManufacturerItemDescription>פלפל שחור צנצנת 300 גרם</ManufacturerItemDescription>
      <UnitQty>גרמים</UnitQty>
      <Quantity>300.00</Quantity>
      <UnitOfMeasure>100 גרם</UnitOfMeasure>
      <bIsWeighted>0</bIsWeighted>
      <QtyInPackage>1</QtyInPackage>
      <ItemPrice>32.90</ItemPrice>
      <UnitOfMeasurePrice>10.9667</UnitOfMeasurePrice>
      <AllowDiscount>1</AllowDiscount>
      <ItemStatus>1</ItemStatus>
      <ItemId>221747</ItemId>
    </Item>
    <Item>
      <PriceUpdateDate>2015-01-01 00:00:00</PriceUpdateDate>
      <ItemCode>1041956</ItemCode>
      <ItemType>0</ItemType>
      <ItemName>שקד טבעי 200 גרם</ItemName>
      <ManufacturerName>מיה תעשיות מזון בעמ</ManufacturerName>
      <ManufactureCountry>ישראל</ManufactureCountry>
      <ManufacturerItemDescription>שקד טבעי 200 גרם</ManufacturerItemDescription>
      <UnitQty>גרמים</UnitQty>
      <Quantity>200.00</Quantity>
      <UnitOfMeasure>100 גרם</UnitOfMeasure>
      <bIsWeighted>0</bIsWeighted>
      <QtyInPackage>1</QtyInPackage>
      <ItemPrice>19.90</ItemPrice>
      <UnitOfMeasurePrice>9.9500</UnitOfMeasurePrice>
      <AllowDiscount>1</AllowDiscount>
      <ItemStatus>1</ItemStatus>
      <ItemId>221748</ItemId>
    </Item>
    <Item>
      <PriceUpdateDate>2015-01-01 00:00:00</PriceUpdateDate>
      <ItemCode>1041987</ItemCode>
      <ItemType>0</ItemType>
      <ItemName>סוכר חום 1 ק"ג</ItemName>
      <ManufacturerName>מיה תעשיות מזון בעמ</ManufacturerName>
      <ManufactureCountry>לא ידוע</ManufactureCountry>
      <ManufacturerItemDescription>סוכר חום 1 ק"ג</ManufacturerItemDescription>
      <UnitQty>קילוגרמים</UnitQty>
      <Quantity>1.00</Quantity>
      <UnitOfMeasure>ק"ג     </UnitOfMeasure>
      <bIsWeighted>0</bIsWeighted>
      <QtyInPackage>1</QtyInPackage>
      <ItemPrice>11.90</ItemPrice>
      <UnitOfMeasurePrice>11.9000</UnitOfMeasurePrice>
      <AllowDiscount>1</AllowDiscount>
      <ItemStatus>1</ItemStatus>
      <ItemId>221749</ItemId>
    </Item>
    <Item>
      <PriceUpdateDate>2015-01-01 00:00:00</PriceUpdateDate>
      <ItemCode>104218</ItemCode>
      <ItemType>0</ItemType>
      <ItemName>במיה מוקפאת 600 גרם</ItemName>
      <ManufacturerName>סנפרוסט בעמ</ManufacturerName>
      <ManufactureCountry>לא ידוע</ManufactureCountry>
      <ManufacturerItemDescription>במיה מוקפאת 600 גרם</ManufacturerItemDescription>
      <UnitQty>גרמים</UnitQty>
      <Quantity>600.00</Quantity>
      <UnitOfMeasure>100 גרם</UnitOfMeasure>
      <bIsWeighted>0</bIsWeighted>
      <QtyInPackage>1</QtyInPackage>
      <ItemPrice>16.90</ItemPrice>
      <UnitOfMeasurePrice>2.8167</UnitOfMeasurePrice>
      <AllowDiscount>1</AllowDiscount>
      <ItemStatus>1</ItemStatus>
      <ItemId>221752</ItemId>
    </Item>
    <Item>
      <PriceUpdateDate>2015-09-21 08:40:10</PriceUpdateDate>
      <ItemCode>1045763</ItemCode>
      <ItemType>0</ItemType>
      <ItemName>מיץ תפוחים סחוט 2 לי</ItemName>
      <ManufacturerName>גניר</ManufacturerName>
      <ManufactureCountry>לא ידוע</ManufactureCountry>
      <ManufacturerItemDescription>מיץ תפוחים סחוט 2 ליטר</ManufacturerItemDescription>
      <UnitQty>ליטרים</UnitQty>
      <Quantity>2.00</Quantity>
      <UnitOfMeasure>ליטר    </UnitOfMeasure>
      <bIsWeighted>0</bIsWeighted>
      <QtyInPackage>1</QtyInPackage>
      <ItemPrice>21.90</ItemPrice>
      <UnitOfMeasurePrice>10.9500</UnitOfMeasurePrice>
      <AllowDiscount>1</AllowDiscount>
      <ItemStatus>1</ItemStatus>
      <ItemId>221755</ItemId>
    </Item>
    <Item>
      <PriceUpdateDate>2015-01-01 00:00:00</PriceUpdateDate>
      <ItemCode>104706</ItemCode>
      <ItemType>0</ItemType>
      <ItemName>גזר גמדי מוקפא 800 ג</ItemName>
      <ManufacturerName>סנפרוסט בעמ</ManufacturerName>
      <ManufactureCountry>לא ידוע</ManufactureCountry>
      <ManufacturerItemDescription>גזר גמדי מוקפא 800 גרם</ManufacturerItemDescription>
      <UnitQty>גרמים</UnitQty>
      <Quantity>800.00</Quantity>
      <UnitOfMeasure>100 גרם</UnitOfMeasure>
      <bIsWeighted>0</bIsWeighted>
      <QtyInPackage>1</QtyInPackage>
      <ItemPrice>16.90</ItemPrice>
      <UnitOfMeasurePrice>2.1125</UnitOfMeasurePrice>
      <AllowDiscount>1</AllowDiscount>
      <ItemStatus>1</ItemStatus>
      <ItemId>221759</ItemId>
    </Item>
    <Item>
      <PriceUpdateDate>2015-01-01 00:00:00</PriceUpdateDate>
      <ItemCode>104713</ItemCode>
      <ItemType>0</ItemType>
      <ItemName>פול ירוק מוקפא 800 ג</ItemName>
      <ManufacturerName>סנפרוסט בעמ</ManufacturerName>
      <ManufactureCountry>לא ידוע</ManufactureCountry>
      <ManufacturerItemDescription>פול ירוק מוקפא 800 גרם</ManufacturerItemDescription>
      <UnitQty>גרמים</UnitQty>
      <Quantity>800.00</Quantity>
      <UnitOfMeasure>100 גרם</UnitOfMeasure>
      <bIsWeighted>0</bIsWeighted>
      <QtyInPackage>1</QtyInPackage>
      <ItemPrice>23.90</ItemPrice>
      <UnitOfMeasurePrice>2.9875</UnitOfMeasurePrice>
      <AllowDiscount>1</AllowDiscount>
      <ItemStatus>1</ItemStatus>
      <ItemId>221760</ItemId>
    </Item>
    <Item>
      <PriceUpdateDate>2015-01-01 00:00:00</PriceUpdateDate>
      <ItemCode>107189</ItemCode>
      <ItemType>0</ItemType>
      <ItemName>תחתיות ארטישוק 400 ג</ItemName>
      <ManufacturerName>סנפרוסט בעמ</ManufacturerName>
      <ManufactureCountry>לא ידוע</ManufactureCountry>
      <ManufacturerItemDescription>תחתיות ארטישוק 400 גרם</ManufacturerItemDescription>
      <UnitQty>גרמים</UnitQty>
      <Quantity>400.00</Quantity>
      <UnitOfMeasure>100 גרם</UnitOfMeasure>
      <bIsWeighted>0</bIsWeighted>
      <QtyInPackage>1</QtyInPackage>
      <ItemPrice>20.90</ItemPrice>
      <UnitOfMeasurePrice>5.2250</UnitOfMeasurePrice>
      <AllowDiscount>1</AllowDiscount>
      <ItemStatus>1</ItemStatus>
      <ItemId>221769</ItemId>
    </Item>
    <Item>
      <PriceUpdateDate>2016-04-07 10:20:40</PriceUpdateDate>
      <ItemCode>9000115</ItemCode>
      <ItemType>0</ItemType>
      <ItemName>עגבניות שרי קג</ItemName>
      <ManufacturerName>,</ManufacturerName>
      <ManufactureCountry>לא ידוע</ManufactureCountry>
      <ManufacturerItemDescription>עגבניות שרי ק"ג</ManufacturerItemDescription>
      <UnitQty>קילוגרמים</UnitQty>
      <Quantity>1.00</Quantity>
      <UnitOfMeasure>ק"ג</UnitOfMeasure>
      <bIsWeighted>1</bIsWeighted>
      <QtyInPackage>לא ידוע</QtyInPackage>
      <ItemPrice>9.90</ItemPrice>
      <UnitOfMeasurePrice>9.9000</UnitOfMeasurePrice>
      <AllowDiscount>1</AllowDiscount>
      <ItemStatus>1</ItemStatus>
      <ItemId>221770</ItemId>
    </Item>
    <Item>
      <PriceUpdateDate>2016-05-19 08:10:22</PriceUpdateDate>
      <ItemCode>9001105</ItemCode>
      <ItemType>0</ItemType>
      <ItemName>בטטות מובחרת</ItemName>
      <ManufacturerName>,</ManufacturerName>
      <ManufactureCountry>לא ידוע</ManufactureCountry>
      <ManufacturerItemDescription>בטטות מובחרת</ManufacturerItemDescription>
      <UnitQty>קילוגרמים</UnitQty>
      <Quantity>1.00</Quantity>
      <UnitOfMeasure>ק"ג</UnitOfMeasure>
      <bIsWeighted>1</bIsWeighted>
      <QtyInPackage>לא ידוע</QtyInPackage>
      <ItemPrice>7.90</ItemPrice>
      <UnitOfMeasurePrice>7.9000</UnitOfMeasurePrice>
      <AllowDiscount>1</AllowDiscount>
      <ItemStatus>1</ItemStatus>
      <ItemId>221771</ItemId>
    </Item>
    <Item>
      <PriceUpdateDate>2015-01-01 00:00:00</PriceUpdateDate>
      <ItemCode>110035</ItemCode>
      <ItemType>0</ItemType>
      <ItemName>מרגרינה בלובנד 200 ג</ItemName>
      <ManufacturerName>יוניליוור</ManufacturerName>
      <ManufactureCountry>ישראל</ManufactureCountry>
      <ManufacturerItemDescription>מרגרינה בלובנד 200 גרם</ManufacturerItemDescription>
      <UnitQty>גרמים</UnitQty>
      <Quantity>200.00</Quantity>
      <UnitOfMeasure>100 גרם</UnitOfMeasure>
      <bIsWeighted>0</bIsWeighted>
      <QtyInPackage>1</QtyInPackage>
      <ItemPrice>4.60</ItemPrice>
      <UnitOfMeasurePrice>2.3000</UnitOfMeasurePrice>
      <AllowDiscount>1</AllowDiscount>
      <ItemStatus>1</ItemStatus>
      <ItemId>221772</ItemId>
    </Item>
    <Item>
      <PriceUpdateDate>2015-01-01 00:00:00</PriceUpdateDate>
      <ItemCode>110059</ItemCode>
      <ItemType>0</ItemType>
      <ItemName>מרגרינה בלי מלח 200</ItemName>
      <ManufacturerName>יוניליוור</ManufacturerName>
      <ManufactureCountry>ישראל</ManufactureCountry>
      <ManufacturerItemDescription>מרגרינה בלי מלח 200 גרם</ManufacturerItemDescription>
      <UnitQty>גרמים</UnitQty>
      <Quantity>200.00</Quantity>
      <UnitOfMeasure>100 גרם</UnitOfMeasure>
      <bIsWeighted>0</bIsWeighted>
      <QtyInPackage>1</QtyInPackage>
      <ItemPrice>4.60</ItemPrice>
      <UnitOfMeasurePrice>2.3000</UnitOfMeasurePrice>
      <AllowDiscount>1</AllowDiscount>
      <ItemStatus>1</ItemStatus>
      <ItemId>221773</ItemId>
    </Item>
    <Item>
      <PriceUpdateDate>2015-01-01 00:00:00</PriceUpdateDate>
      <ItemCode>110073</ItemCode>
      <ItemType>0</ItemType>
      <ItemName>מרגרינה בטעם חמאה 20</ItemName>
      <ManufacturerName>יוניליוור</ManufacturerName>
      <ManufactureCountry>ישראל</ManufactureCountry>
      <ManufacturerItemDescription>מרגרינה בטעם חמאה 200 גרם</ManufacturerItemDescription>
      <UnitQty>גרמים</UnitQty>
      <Quantity>200.00</Quantity>
      <UnitOfMeasure>100 גרם</UnitOfMeasure>
      <bIsWeighted>0</bIsWeighted>
      <QtyInPackage>1</QtyInPackage>
      <ItemPrice>4.60</ItemPrice>
      <UnitOfMeasurePrice>2.3000</UnitOfMeasurePrice>
      <AllowDiscount>1</AllowDiscount>
      <ItemStatus>1</ItemStatus>
      <ItemId>221774</ItemId>
    </Item>
    <Item>
      <PriceUpdateDate>2015-01-01 00:00:00</PriceUpdateDate>
      <ItemCode>111117</ItemCode>
      <ItemType>0</ItemType>
      <ItemName>מרכך כביסה בדין לבן</ItemName>
      <ManufacturerName>,</ManufacturerName>
      <ManufactureCountry>לא ידוע</ManufactureCountry>
      <ManufacturerItemDescription>מ.כביסה בדין לבן 4 ליטר</ManufacturerItemDescription>
      <UnitQty>ליטרים</UnitQty>
      <Quantity>4.00</Quantity>
      <UnitOfMeasure>ליטר    </UnitOfMeasure>
      <bIsWeighted>0</bIsWeighted>
      <QtyInPackage>1</QtyInPackage>
      <ItemPrice>16.90</ItemPrice>
      <UnitOfMeasurePrice>4.2250</UnitOfMeasurePrice>
      <AllowDiscount>1</AllowDiscount>
      <ItemStatus>1</ItemStatus>
      <ItemId>221776</ItemId>
    </Item>
    <Item>
      <PriceUpdateDate>2015-09-20 12:48:02</PriceUpdateDate>
      <ItemCode>111353</ItemCode>
      <ItemType>0</ItemType>
      <ItemName>מיונז 1 קג</ItemName>
      <ManufacturerName>יוניליוור</ManufacturerName>
      <ManufactureCountry>ישראל</ManufactureCountry>
      <ManufacturerItemDescription>מיונז 1 קג</ManufacturerItemDescription>
      <UnitQty>קילוגרמים</UnitQty>
      <Quantity>1.00</Quantity>
      <UnitOfMeasure>ק"ג     </UnitOfMeasure>
      <bIsWeighted>0</bIsWeighted>
      <QtyInPackage>1</QtyInPackage>
      <ItemPrice>16.90</ItemPrice>
      <UnitOfMeasurePrice>16.9000</UnitOfMeasurePrice>
      <AllowDiscount>1</AllowDiscount>
      <ItemStatus>1</ItemStatus>
      <ItemId>221780</ItemId>
    </Item>
    <Item>
      <PriceUpdateDate>2015-01-01 00:00:00</PriceUpdateDate>
      <ItemCode>111384</ItemCode>
      <ItemType>0</ItemType>
      <ItemName>חרדל חריף 550 גרם</ItemName>
      <ManufacturerName>יוניליוור</ManufacturerName>
      <ManufactureCountry>ישראל</ManufactureCountry>
      <ManufacturerItemDescription>חרדל חריף 550 גרם</ManufacturerItemDescription>
      <UnitQty>גרמים</UnitQty>
      <Quantity>550.00</Quantity>
      <UnitOfMeasure>100 גרם</UnitOfMeasure>
      <bIsWeighted>0</bIsWeighted>
      <QtyInPackage>1</QtyInPackage>
      <ItemPrice>7.90</ItemPrice>
      <UnitOfMeasurePrice>1.4364</UnitOfMeasurePrice>
      <AllowDiscount>1</AllowDiscount>
      <ItemStatus>1</ItemStatus>
      <ItemId>221782</ItemId>
    </Item>
    <Item>
      <PriceUpdateDate>2015-12-06 12:59:34</PriceUpdateDate>
      <ItemCode>1123041</ItemCode>
      <ItemType>0</ItemType>
      <ItemName>בשר מס 5 חלק</ItemName>
      <ManufacturerName>פריזא</ManufacturerName>
      <ManufactureCountry>לא ידוע</ManufactureCountry>
      <ManufacturerItemDescription>בשר מס 5 חלק</ManufacturerItemDescription>
      <UnitQty>קילוגרמים</UnitQty>
      <Quantity>1.00</Quantity>
      <UnitOfMeasure>ק"ג</UnitOfMeasure>
      <bIsWeighted>1</bIsWeighted>
      <QtyInPackage>לא ידוע</QtyInPackage>
      <ItemPrice>49.90</ItemPrice>
      <UnitOfMeasurePrice>49.9000</UnitOfMeasurePrice>
      <AllowDiscount>1</AllowDiscount>
      <ItemStatus>1</ItemStatus>
      <ItemId>221786</ItemId>
    </Item>
    <Item>
      <PriceUpdateDate>2016-02-24 13:59:11</PriceUpdateDate>
      <ItemCode>1123072</ItemCode>
      <ItemType>0</ItemType>
      <ItemName>בשר מס 8 חלק</ItemName>
      <ManufacturerName>טאק טורו</ManufacturerName>
      <ManufactureCountry>ישראל</ManufactureCountry>
      <ManufacturerItemDescription>בשר מס 8 חלק</ManufacturerItemDescription>
      <UnitQty>קילוגרמים</UnitQty>
      <Quantity>1.00</Quantity>
      <UnitOfMeasure>ק"ג</UnitOfMeasure>
      <bIsWeighted>1</bIsWeighted>
      <QtyInPackage>1</QtyInPackage>
      <ItemPrice>29.90</ItemPrice>
      <UnitOfMeasurePrice>29.9000</UnitOfMeasurePrice>
      <AllowDiscount>1</AllowDiscount>
      <ItemStatus>1</ItemStatus>
      <ItemId>221788</ItemId>
    </Item>
    <Item>
      <PriceUpdateDate>2015-12-06 12:59:34</PriceUpdateDate>
      <ItemCode>1124680</ItemCode>
      <ItemType>0</ItemType>
      <ItemName>לשון קפוא טאק טורו</ItemName>
      <ManufacturerName>קונספסיון פניסקור</ManufacturerName>
      <ManufactureCountry>לא ידוע</ManufactureCountry>
      <ManufacturerItemDescription>לשון קפוא טאק טורו</ManufacturerItemDescription>
      <UnitQty>קילוגרמים</UnitQty>
      <Quantity>1.00</Quantity>
      <UnitOfMeasure>ק"ג</UnitOfMeasure>
      <bIsWeighted>1</bIsWeighted>
      <QtyInPackage>לא ידוע</QtyInPackage>
      <ItemPrice>39.90</ItemPrice>
      <UnitOfMeasurePrice>39.9000</UnitOfMeasurePrice>
      <AllowDiscount>1</AllowDiscount>
      <ItemStatus>1</ItemStatus>
      <ItemId>221791</ItemId>
    </Item>
    <Item>
      <PriceUpdateDate>2015-01-01 00:00:00</PriceUpdateDate>
      <ItemCode>2706915</ItemCode>
      <ItemType>0</ItemType>
      <ItemName>נסיכת הנילוס פילה לא</ItemName>
      <ManufacturerName>דלידג</ManufacturerName>
      <ManufactureCountry>לא ידוע</ManufactureCountry>
      <ManufacturerItemDescription>נסיכת הנילוס פילה לא מעובד</ManufacturerItemDescription>
      <UnitQty>קילוגרמים</UnitQty>
      <Quantity>1.00</Quantity>
      <UnitOfMeasure>ק"ג</UnitOfMeasure>
      <bIsWeighted>1</bIsWeighted>
      <QtyInPackage>לא ידוע</QtyInPackage>
      <ItemPrice>34.90</ItemPrice>
      <UnitOfMeasurePrice>34.9000</UnitOfMeasurePrice>
      <AllowDiscount>1</AllowDiscount>
      <ItemStatus>1</ItemStatus>
      <ItemId>248412</ItemId>
    </Item>
    <Item>
      <PriceUpdateDate>2015-09-20 12:48:02</PriceUpdateDate>
      <ItemCode>113180</ItemCode>
      <ItemType>0</ItemType>
      <ItemName>כיפלי ציפס בד"צ 50 ג</ItemName>
      <ManufacturerName>יוניליוור</ManufacturerName>
      <ManufactureCountry>ישראל</ManufactureCountry>
      <ManufacturerItemDescription>כיפלי ציפס בדצ 50 גרם</ManufacturerItemDescription>
      <UnitQty>גרמים</UnitQty>
      <Quantity>50.00</Quantity>
      <UnitOfMeasure>100 גרם</UnitOfMeasure>
      <bIsWeighted>0</bIsWeighted>
      <QtyInPackage>1</QtyInPackage>
      <ItemPrice>3.90</ItemPrice>
      <UnitOfMeasurePrice>7.8000</UnitOfMeasurePrice>
      <AllowDiscount>1</AllowDiscount>
      <ItemStatus>1</ItemStatus>
      <ItemId>221794</ItemId>
    </Item>
    <Item>
      <PriceUpdateDate>2015-09-20 12:48:03</PriceUpdateDate>
      <ItemCode>113203</ItemCode>
      <ItemType>0</ItemType>
      <ItemName>כיפלי ציפס קטשופ בד"</ItemName>
      <ManufacturerName>יוניליוור</ManufacturerName>
      <ManufactureCountry>ישראל</ManufactureCountry>
      <ManufacturerItemDescription>כיפלי ציפס קטשופ בדצ 50 גרם</ManufacturerItemDescription>
      <UnitQty>גרמים</UnitQty>
      <Quantity>50.00</Quantity>
      <UnitOfMeasure>100 גרם</UnitOfMeasure>
      <bIsWeighted>0</bIsWeighted>
      <QtyInPackage>1</QtyInPackage>
      <ItemPrice>3.90</ItemPrice>
      <UnitOfMeasurePrice>7.8000</UnitOfMeasurePrice>
      <AllowDiscount>1</AllowDiscount>
      <ItemStatus>1</ItemStatus>
      <ItemId>221795</ItemId>
    </Item>
    <Item>
      <PriceUpdateDate>2015-01-01 00:00:00</PriceUpdateDate>
      <ItemCode>1136287</ItemCode>
      <ItemType>0</ItemType>
      <ItemName>שמפו נקה 7 רגיל 750</ItemName>
      <ManufacturerName>אמיליה קוסמטיקס</ManufacturerName>
      <ManufactureCountry>לא ידוע</ManufactureCountry>
      <ManufacturerItemDescription>שמפו נקה 7 רגיל 750 מ"ל</ManufacturerItemDescription>
      <UnitQty>מיליליטרים</UnitQty>
      <Quantity>750.00</Quantity>
      <UnitOfMeasure>100 מ"ל</UnitOfMeasure>
      <bIsWeighted>0</bIsWeighted>
      <QtyInPackage>1</QtyInPackage>
      <ItemPrice>8.90</ItemPrice>
      <UnitOfMeasurePrice>1.1867</UnitOfMeasurePrice>
      <AllowDiscount>1</AllowDiscount>
      <ItemStatus>1</ItemStatus>
      <ItemId>221796</ItemId>
    </Item>
    <Item>
      <PriceUpdateDate>2015-01-01 00:00:00</PriceUpdateDate>
      <ItemCode>1136294</ItemCode>
      <ItemType>0</ItemType>
      <ItemName>שמפו נקה 7 יבש צבוע</ItemName>
      <ManufacturerName>אמיליה קוסמטיקס</ManufacturerName>
      <ManufactureCountry>לא ידוע</ManufactureCountry>
      <ManufacturerItemDescription>שמפו נקה 7 יבש/צבוע750 מ"ל</ManufacturerItemDescription>
      <UnitQty>מיליליטרים</UnitQty>
      <Quantity>750.00</Quantity>
      <UnitOfMeasure>100 מ"ל</UnitOfMeasure>
      <bIsWeighted>0</bIsWeighted>
      <QtyInPackage>1</QtyInPackage>
      <ItemPrice>8.90</ItemPrice>
      <UnitOfMeasurePrice>1.1867</UnitOfMeasurePrice>
      <AllowDiscount>1</AllowDiscount>
      <ItemStatus>1</ItemStatus>
      <ItemId>221797</ItemId>
    </Item>
    <Item>
      <PriceUpdateDate>2015-01-01 00:00:00</PriceUpdateDate>
      <ItemCode>1136362</ItemCode>
      <ItemType>0</ItemType>
      <ItemName>אל סבון ארומה 1 ליטר</ItemName>
      <ManufacturerName>אמיליה קוסמטיקס</ManufacturerName>
      <ManufactureCountry>לא ידוע</ManufactureCountry>
      <ManufacturerItemDescription>אל סבון ארומה 1 ליטר ירוק</ManufacturerItemDescription>
      <UnitQty>ליטרים</UnitQty>
      <Quantity>1.00</Quantity>
      <UnitOfMeasure>ליטר    </UnitOfMeasure>
      <bIsWeighted>0</bIsWeighted>
      <QtyInPackage>1</QtyInPackage>
      <ItemPrice>9.90</ItemPrice>
      <UnitOfMeasurePrice>9.9000</UnitOfMeasurePrice>
      <AllowDiscount>1</AllowDiscount>
      <ItemStatus>1</ItemStatus>
      <ItemId>221799</ItemId>
    </Item>
    <Item>
      <PriceUpdateDate>2015-01-01 00:00:00</PriceUpdateDate>
      <ItemCode>1136683</ItemCode>
      <ItemType>0</ItemType>
      <ItemName>מרכך נקה 7 ס"ש 750 מ</ItemName>
      <ManufacturerName>אמיליה קוסמטיקס</ManufacturerName>
      <ManufactureCountry>לא ידוע</ManufactureCountry>
      <ManufacturerItemDescription>מרכך נקה 7 ס"ש 750 מ"ל</ManufacturerItemDescription>
      <UnitQty>מיליליטרים</UnitQty>
      <Quantity>750.00</Quantity>
      <UnitOfMeasure>100 מ"ל</UnitOfMeasure>
      <bIsWeighted>0</bIsWeighted>
      <QtyInPackage>1</QtyInPackage>
      <ItemPrice>8.90</ItemPrice>
      <UnitOfMeasurePrice>1.1867</UnitOfMeasurePrice>
      <AllowDiscount>1</AllowDiscount>
      <ItemStatus>1</ItemStatus>
      <ItemId>221801</ItemId>
    </Item>
    <Item>
      <PriceUpdateDate>2015-01-01 00:00:00</PriceUpdateDate>
      <ItemCode>1136799</ItemCode>
      <ItemType>0</ItemType>
      <ItemName>אל סבון ארומה 1 ליטר</ItemName>
      <ManufacturerName>אמיליה קוסמטיקס</ManufacturerName>
      <ManufactureCountry>לא ידוע</ManufactureCountry>
      <ManufacturerItemDescription>אל סבון ארומה 1 ליטר ורוד</ManufacturerItemDescription>
      <UnitQty>ליטרים</UnitQty>
      <Quantity>1.00</Quantity>
      <UnitOfMeasure>ליטר    </UnitOfMeasure>
      <bIsWeighted>0</bIsWeighted>
      <QtyInPackage>1</QtyInPackage>
      <ItemPrice>9.90</ItemPrice>
      <UnitOfMeasurePrice>9.9000</UnitOfMeasurePrice>
      <AllowDiscount>1</AllowDiscount>
      <ItemStatus>1</ItemStatus>
      <ItemId>221802</ItemId>
    </Item>
    <Item>
      <PriceUpdateDate>2015-01-01 00:00:00</PriceUpdateDate>
      <ItemCode>1136973</ItemCode>
      <ItemType>0</ItemType>
      <ItemName>אל סבון ארומה 1 ליטר</ItemName>
      <ManufacturerName>אמיליה קוסמטיקס</ManufacturerName>
      <ManufactureCountry>לא ידוע</ManufactureCountry>
      <ManufacturerItemDescription>אל סבון ארומה 1 ליטר לבן</ManufacturerItemDescription>
      <UnitQty>ליטרים</UnitQty>
      <Quantity>1.00</Quantity>
      <UnitOfMeasure>ליטר    </UnitOfMeasure>
      <bIsWeighted>0</bIsWeighted>
      <QtyInPackage>1</QtyInPackage>
      <ItemPrice>9.90</ItemPrice>
      <UnitOfMeasurePrice>9.9000</UnitOfMeasurePrice>
      <AllowDiscount>1</AllowDiscount>
      <ItemStatus>1</ItemStatus>
      <ItemId>221803</ItemId>
    </Item>
    <Item>
      <PriceUpdateDate>2015-01-01 00:00:00</PriceUpdateDate>
      <ItemCode>116204</ItemCode>
      <ItemType>0</ItemType>
      <ItemName>מרק דגש בשקית קנור 1</ItemName>
      <ManufacturerName>יוניליוור</ManufacturerName>
      <ManufactureCountry>ישראל</ManufactureCountry>
      <ManufacturerItemDescription>מרק דגש בשקית קנור 1 קג בדצ</ManufacturerItemDescription>
      <UnitQty>קילוגרמים</UnitQty>
      <Quantity>1.00</Quantity>
      <UnitOfMeasure>ק"ג     </UnitOfMeasure>
      <bIsWeighted>0</bIsWeighted>
      <QtyInPackage>1</QtyInPackage>
      <ItemPrice>14.90</ItemPrice>
      <UnitOfMeasurePrice>14.9000</UnitOfMeasurePrice>
      <AllowDiscount>1</AllowDiscount>
      <ItemStatus>1</ItemStatus>
      <ItemId>221805</ItemId>
    </Item>
    <Item>
      <PriceUpdateDate>2015-09-20 12:48:03</PriceUpdateDate>
      <ItemCode>117386</ItemCode>
      <ItemType>0</ItemType>
      <ItemName>חטיפי דגנים שוגי שוק</ItemName>
      <ManufacturerName>יוניליוור</ManufacturerName>
      <ManufactureCountry>ישראל</ManufactureCountry>
      <ManufacturerItemDescription>חטיפי דגנים שוגי שוקו 8 יח</ManufacturerItemDescription>
      <UnitQty>גרמים</UnitQty>
      <Quantity>168.00</Quantity>
      <UnitOfMeasure>100 גרם</UnitOfMeasure>
      <bIsWeighted>0</bIsWeighted>
      <QtyInPackage>8</QtyInPackage>
      <ItemPrice>8.90</ItemPrice>
      <UnitOfMeasurePrice>5.2976</UnitOfMeasurePrice>
      <AllowDiscount>1</AllowDiscount>
      <ItemStatus>1</ItemStatus>
      <ItemId>221810</ItemId>
    </Item>
    <Item>
      <PriceUpdateDate>2015-09-20 12:48:03</PriceUpdateDate>
      <ItemCode>117393</ItemCode>
      <ItemType>0</ItemType>
      <ItemName>חטיפי דגנים שוקו שוג</ItemName>
      <ManufacturerName>יוניליוור</ManufacturerName>
      <ManufactureCountry>ישראל</ManufactureCountry>
      <ManufacturerItemDescription>חטיפי דגנים שוקו שוגי 8 יח</ManufacturerItemDescription>
      <UnitQty>גרמים</UnitQty>
      <Quantity>168.00</Quantity>
      <UnitOfMeasure>100 גרם</UnitOfMeasure>
      <bIsWeighted>0</bIsWeighted>
      <QtyInPackage>8</QtyInPackage>
      <ItemPrice>8.90</ItemPrice>
      <UnitOfMeasurePrice>5.2976</UnitOfMeasurePrice>
      <AllowDiscount>1</AllowDiscount>
      <ItemStatus>1</ItemStatus>
      <ItemId>221811</ItemId>
    </Item>
    <Item>
      <PriceUpdateDate>2015-09-20 12:48:03</PriceUpdateDate>
      <ItemCode>117430</ItemCode>
      <ItemType>0</ItemType>
      <ItemName>חטיפי דגנים קוקו 8 י</ItemName>
      <ManufacturerName>יוניליוור</ManufacturerName>
      <ManufactureCountry>ישראל</ManufactureCountry>
      <ManufacturerItemDescription>חטיפי דגנים קוקו 8 יח</ManufacturerItemDescription>
      <UnitQty>גרמים</UnitQty>
      <Quantity>168.00</Quantity>
      <UnitOfMeasure>100 גרם</UnitOfMeasure>
      <bIsWeighted>0</bIsWeighted>
      <QtyInPackage>8</QtyInPackage>
      <ItemPrice>8.90</ItemPrice>
      <UnitOfMeasurePrice>5.2976</UnitOfMeasurePrice>
      <AllowDiscount>1</AllowDiscount>
      <ItemStatus>1</ItemStatus>
      <ItemId>221812</ItemId>
    </Item>
    <Item>
      <PriceUpdateDate>2016-05-19 10:48:57</PriceUpdateDate>
      <ItemCode>9000122</ItemCode>
      <ItemType>0</ItemType>
      <ItemName>עגבניות חממה</ItemName>
      <ManufacturerName>,</ManufacturerName>
      <ManufactureCountry>לא ידוע</ManufactureCountry>
      <ManufacturerItemDescription>עגבניות חממה</ManufacturerItemDescription>
      <UnitQty>קילוגרמים</UnitQty>
      <Quantity>1.00</Quantity>
      <UnitOfMeasure>ק"ג</UnitOfMeasure>
      <bIsWeighted>1</bIsWeighted>
      <QtyInPackage>לא ידוע</QtyInPackage>
      <ItemPrice>3.90</ItemPrice>
      <UnitOfMeasurePrice>3.9000</UnitOfMeasurePrice>
      <AllowDiscount>1</AllowDiscount>
      <ItemStatus>1</ItemStatus>
      <ItemId>221815</ItemId>
    </Item>
    <Item>
      <PriceUpdateDate>2015-01-01 00:00:00</PriceUpdateDate>
      <ItemCode>120560</ItemCode>
      <ItemType>0</ItemType>
      <ItemName>שוקולד קליק חלב עוגי</ItemName>
      <ManufacturerName>יוניליוור</ManufacturerName>
      <ManufactureCountry>ישראל</ManufactureCountry>
      <ManufacturerItemDescription>שוקולד קליק חלב עוגיות 100 גרם</ManufacturerItemDescription>
      <UnitQty>גרמים</UnitQty>
      <Quantity>100.00</Quantity>
      <UnitOfMeasure>100 גרם</UnitOfMeasure>
      <bIsWeighted>0</bIsWeighted>
      <QtyInPackage>1</QtyInPackage>
      <ItemPrice>4.90</ItemPrice>
      <UnitOfMeasurePrice>4.9000</UnitOfMeasurePrice>
      <AllowDiscount>1</AllowDiscount>
      <ItemStatus>1</ItemStatus>
      <ItemId>221817</ItemId>
    </Item>
    <Item>
      <PriceUpdateDate>2015-01-01 00:00:00</PriceUpdateDate>
      <ItemCode>120577</ItemCode>
      <ItemType>0</ItemType>
      <ItemName>שוקולד קליק לבן שקד</ItemName>
      <ManufacturerName>יוניליוור</ManufacturerName>
      <ManufactureCountry>ישראל</ManufactureCountry>
      <ManufacturerItemDescription>שוקולד קליק לבן שקד דגנים 90 גרם</ManufacturerItemDescription>
      <UnitQty>גרמים</UnitQty>
      <Quantity>100.00</Quantity>
      <UnitOfMeasure>100 גרם</UnitOfMeasure>
      <bIsWeighted>0</bIsWeighted>
      <QtyInPackage>1</QtyInPackage>
      <ItemPrice>4.90</ItemPrice>
      <UnitOfMeasurePrice>4.9000</UnitOfMeasurePrice>
      <AllowDiscount>1</AllowDiscount>
      <ItemStatus>1</ItemStatus>
      <ItemId>221818</ItemId>
    </Item>
    <Item>
      <PriceUpdateDate>2016-07-10 17:15:32</PriceUpdateDate>
      <ItemCode>8710908101069</ItemCode>
      <ItemType>1</ItemType>
      <ItemName>דאו אקס אפריקה</ItemName>
      <ManufacturerName>,</ManufacturerName>
      <ManufactureCountry>לא ידוע</ManufactureCountry>
      <ManufacturerItemDescription>דאו אקס אפריקה</ManufacturerItemDescription>
      <UnitQty>מיליליטרים</UnitQty>
      <Quantity>150.00</Quantity>
      <UnitOfMeasure>100 מ"ל</UnitOfMeasure>
      <bIsWeighted>0</bIsWeighted>
      <QtyInPackage>1</QtyInPackage>
      <ItemPrice>9.90</ItemPrice>
      <UnitOfMeasurePrice>6.6000</UnitOfMeasurePrice>
      <AllowDiscount>1</AllowDiscount>
      <ItemStatus>1</ItemStatus>
      <ItemId>268826</ItemId>
    </Item>
    <Item>
      <PriceUpdateDate>2015-09-20 12:48:03</PriceUpdateDate>
      <ItemCode>120836</ItemCode>
      <ItemType>0</ItemType>
      <ItemName>מיונז הלמנס 394 גרם</ItemName>
      <ManufacturerName>יוניליוור</ManufacturerName>
      <ManufactureCountry>ארצות הברית</ManufactureCountry>
      <ManufacturerItemDescription>מיונז הלמנס 394 גרם</ManufacturerItemDescription>
      <UnitQty>גרמים</UnitQty>
      <Quantity>394.00</Quantity>
      <UnitOfMeasure>100 גרם</UnitOfMeasure>
      <bIsWeighted>0</bIsWeighted>
      <QtyInPackage>1</QtyInPackage>
      <ItemPrice>7.50</ItemPrice>
      <UnitOfMeasurePrice>1.9036</UnitOfMeasurePrice>
      <AllowDiscount>1</AllowDiscount>
      <ItemStatus>1</ItemStatus>
      <ItemId>221819</ItemId>
    </Item>
    <Item>
      <PriceUpdateDate>2015-09-20 12:48:03</PriceUpdateDate>
      <ItemCode>120874</ItemCode>
      <ItemType>0</ItemType>
      <ItemName>מיונז הלמנס לייט 424</ItemName>
      <ManufacturerName>יוניליוור</ManufacturerName>
      <ManufactureCountry>לא ידוע</ManufactureCountry>
      <ManufacturerItemDescription>מיונז הלמנס לייט 424 גרם</ManufacturerItemDescription>
      <UnitQty>גרמים</UnitQty>
      <Quantity>424.00</Quantity>
      <UnitOfMeasure>100 גרם</UnitOfMeasure>
      <bIsWeighted>0</bIsWeighted>
      <QtyInPackage>1</QtyInPackage>
      <ItemPrice>7.50</ItemPrice>
      <UnitOfMeasurePrice>1.7689</UnitOfMeasurePrice>
      <AllowDiscount>1</AllowDiscount>
      <ItemStatus>1</ItemStatus>
      <ItemId>221820</ItemId>
    </Item>
    <Item>
      <PriceUpdateDate>2015-01-01 00:00:00</PriceUpdateDate>
      <ItemCode>1209059</ItemCode>
      <ItemType>0</ItemType>
      <ItemName>צלי עגל ברשת עטרה</ItemName>
      <ManufacturerName>עטרה</ManufacturerName>
      <ManufactureCountry>לא ידוע</ManufactureCountry>
      <ManufacturerItemDescription>צלי עגל ברשת עטרה</ManufacturerItemDescription>
      <UnitQty>קילוגרמים</UnitQty>
      <Quantity>1.00</Quantity>
      <UnitOfMeasure>ק"ג</UnitOfMeasure>
      <bIsWeighted>1</bIsWeighted>
      <QtyInPackage>לא ידוע</QtyInPackage>
      <ItemPrice>46.90</ItemPrice>
      <UnitOfMeasurePrice>46.9000</UnitOfMeasurePrice>
      <AllowDiscount>1</AllowDiscount>
      <ItemStatus>1</ItemStatus>
      <ItemId>221822</ItemId>
    </Item>
    <Item>
      <PriceUpdateDate>2015-01-01 00:00:00</PriceUpdateDate>
      <ItemCode>1209103</ItemCode>
      <ItemType>0</ItemType>
      <ItemName>טחון עוף עטרה 500 גר</ItemName>
      <ManufacturerName>עטרה</ManufacturerName>
      <ManufactureCountry>לא ידוע</ManufactureCountry>
      <ManufacturerItemDescription>טחון עוף עטרה 500 גרם</ManufacturerItemDescription>
      <UnitQty>גרמים</UnitQty>
      <Quantity>500.00</Quantity>
      <UnitOfMeasure>100 גרם</UnitOfMeasure>
      <bIsWeighted>0</bIsWeighted>
      <QtyInPackage>1</QtyInPackage>
      <ItemPrice>12.90</ItemPrice>
      <UnitOfMeasurePrice>2.5800</UnitOfMeasurePrice>
      <AllowDiscount>1</AllowDiscount>
      <ItemStatus>1</ItemStatus>
      <ItemId>221824</ItemId>
    </Item>
    <Item>
      <PriceUpdateDate>2015-01-01 00:00:00</PriceUpdateDate>
      <ItemCode>1209158</ItemCode>
      <ItemType>0</ItemType>
      <ItemName>שניצל עוף קפוא עטרה</ItemName>
      <ManufacturerName>עטרה</ManufacturerName>
      <ManufactureCountry>לא ידוע</ManufactureCountry>
      <ManufacturerItemDescription>חזה עוף פרוס קפוא עטרה ק"ג</ManufacturerItemDescription>
      <UnitQty>קילוגרמים</UnitQty>
      <Quantity>1.00</Quantity>
      <UnitOfMeasure>ק"ג</UnitOfMeasure>
      <bIsWeighted>1</bIsWeighted>
      <QtyInPackage>לא ידוע</QtyInPackage>
      <ItemPrice>33.90</ItemPrice>
      <UnitOfMeasurePrice>33.9000</UnitOfMeasurePrice>
      <AllowDiscount>1</AllowDiscount>
      <ItemStatus>1</ItemStatus>
      <ItemId>221825</ItemId>
    </Item>
    <Item>
      <PriceUpdateDate>2015-01-01 00:00:00</PriceUpdateDate>
      <ItemCode>1209189</ItemCode>
      <ItemType>0</ItemType>
      <ItemName>נקניקיות חריפות 400</ItemName>
      <ManufacturerName>עטרה</ManufacturerName>
      <ManufactureCountry>לא ידוע</ManufactureCountry>
      <ManufacturerItemDescription>נקניקיות חריפות 400 גרם עטרה</ManufacturerItemDescription>
      <UnitQty>גרמים</UnitQty>
      <Quantity>400.00</Quantity>
      <UnitOfMeasure>100 גרם</UnitOfMeasure>
      <bIsWeighted>0</bIsWeighted>
      <QtyInPackage>1</QtyInPackage>
      <ItemPrice>11.90</ItemPrice>
      <UnitOfMeasurePrice>2.9750</UnitOfMeasurePrice>
      <AllowDiscount>1</AllowDiscount>
      <ItemStatus>1</ItemStatus>
      <ItemId>221826</ItemId>
    </Item>
    <Item>
      <PriceUpdateDate>2015-01-01 00:00:00</PriceUpdateDate>
      <ItemCode>1209264</ItemCode>
      <ItemType>0</ItemType>
      <ItemName>טחון בקר 100% עטרה 5</ItemName>
      <ManufacturerName>,</ManufacturerName>
      <ManufactureCountry>לא ידוע</ManufactureCountry>
      <ManufacturerItemDescription>טחון בקר 100% עטרה 500 גרם</ManufacturerItemDescription>
      <UnitQty>גרמים</UnitQty>
      <Quantity>500.00</Quantity>
      <UnitOfMeasure>100 גרם</UnitOfMeasure>
      <bIsWeighted>0</bIsWeighted>
      <QtyInPackage>1</QtyInPackage>
      <ItemPrice>24.90</ItemPrice>
      <UnitOfMeasurePrice>4.9800</UnitOfMeasurePrice>
      <AllowDiscount>1</AllowDiscount>
      <ItemStatus>1</ItemStatus>
      <ItemId>221827</ItemId>
    </Item>
    <Item>
      <PriceUpdateDate>2015-01-01 00:00:00</PriceUpdateDate>
      <ItemCode>1209509</ItemCode>
      <ItemType>0</ItemType>
      <ItemName>סטייק עוף 800 גרם עט</ItemName>
      <ManufacturerName>עטרה</ManufacturerName>
      <ManufactureCountry>לא ידוע</ManufactureCountry>
      <ManufacturerItemDescription>סטייק עוף 800 גרם עטרה</ManufacturerItemDescription>
      <UnitQty>גרמים</UnitQty>
      <Quantity>800.00</Quantity>
      <UnitOfMeasure>100 גרם</UnitOfMeasure>
      <bIsWeighted>0</bIsWeighted>
      <QtyInPackage>1</QtyInPackage>
      <ItemPrice>19.90</ItemPrice>
      <UnitOfMeasurePrice>2.4875</UnitOfMeasurePrice>
      <AllowDiscount>1</AllowDiscount>
      <ItemStatus>1</ItemStatus>
      <ItemId>221836</ItemId>
    </Item>
    <Item>
      <PriceUpdateDate>2015-01-01 00:00:00</PriceUpdateDate>
      <ItemCode>1209516</ItemCode>
      <ItemType>0</ItemType>
      <ItemName>סטייק עין 800 גרם עט</ItemName>
      <ManufacturerName>עטרה</ManufacturerName>
      <ManufactureCountry>לא ידוע</ManufactureCountry>
      <ManufacturerItemDescription>סטייק עין 800 גרם עטרה</ManufacturerItemDescription>
      <UnitQty>גרמים</UnitQty>
      <Quantity>800.00</Quantity>
      <UnitOfMeasure>100 גרם</UnitOfMeasure>
      <bIsWeighted>0</bIsWeighted>
      <QtyInPackage>1</QtyInPackage>
      <ItemPrice>39.90</ItemPrice>
      <UnitOfMeasurePrice>4.9875</UnitOfMeasurePrice>
      <AllowDiscount>1</AllowDiscount>
      <ItemStatus>1</ItemStatus>
      <ItemId>221837</ItemId>
    </Item>
    <Item>
      <PriceUpdateDate>2015-01-01 00:00:00</PriceUpdateDate>
      <ItemCode>121079</ItemCode>
      <ItemType>0</ItemType>
      <ItemName>גבינת מון בלאן שמיר</ItemName>
      <ManufacturerName>גהשאן</ManufacturerName>
      <ManufactureCountry>לא ידוע</ManufactureCountry>
      <ManufacturerItemDescription>גבינת מון בלאן שמיר 120 גרם</ManufacturerItemDescription>
      <UnitQty>גרמים</UnitQty>
      <Quantity>120.00</Quantity>
      <UnitOfMeasure>100 גרם</UnitOfMeasure>
      <bIsWeighted>0</bIsWeighted>
      <QtyInPackage>1</QtyInPackage>
      <ItemPrice>10.90</ItemPrice>
      <UnitOfMeasurePrice>9.0833</UnitOfMeasurePrice>
      <AllowDiscount>1</AllowDiscount>
      <ItemStatus>1</ItemStatus>
      <ItemId>221844</ItemId>
    </Item>
    <Item>
      <PriceUpdateDate>2015-01-01 00:00:00</PriceUpdateDate>
      <ItemCode>121093</ItemCode>
      <ItemType>0</ItemType>
      <ItemName>גבינה מון בלאן שויצר</ItemName>
      <ManufacturerName>גהשאן</ManufacturerName>
      <ManufactureCountry>לא ידוע</ManufactureCountry>
      <ManufacturerItemDescription>גבינה מון בלאן שויצרי 120 גרם</ManufacturerItemDescription>
      <UnitQty>גרמים</UnitQty>
      <Quantity>120.00</Quantity>
      <UnitOfMeasure>100 גרם</UnitOfMeasure>
      <bIsWeighted>0</bIsWeighted>
      <QtyInPackage>1</QtyInPackage>
      <ItemPrice>10.90</ItemPrice>
      <UnitOfMeasurePrice>9.0833</UnitOfMeasurePrice>
      <AllowDiscount>1</AllowDiscount>
      <ItemStatus>1</ItemStatus>
      <ItemId>221845</ItemId>
    </Item>
    <Item>
      <PriceUpdateDate>2015-01-01 00:00:00</PriceUpdateDate>
      <ItemCode>121109</ItemCode>
      <ItemType>0</ItemType>
      <ItemName>גבינה מון בלאן+זיתים</ItemName>
      <ManufacturerName>גהשאן</ManufacturerName>
      <ManufactureCountry>לא ידוע</ManufactureCountry>
      <ManufacturerItemDescription>גבינה מון בלאן+זיתים 120 גרם</ManufacturerItemDescription>
      <UnitQty>גרמים</UnitQty>
      <Quantity>120.00</Quantity>
      <UnitOfMeasure>100 גרם</UnitOfMeasure>
      <bIsWeighted>0</bIsWeighted>
      <QtyInPackage>1</QtyInPackage>
      <ItemPrice>10.90</ItemPrice>
      <UnitOfMeasurePrice>9.0833</UnitOfMeasurePrice>
      <AllowDiscount>1</AllowDiscount>
      <ItemStatus>1</ItemStatus>
      <ItemId>221846</ItemId>
    </Item>
    <Item>
      <PriceUpdateDate>2015-01-01 00:00:00</PriceUpdateDate>
      <ItemCode>122687</ItemCode>
      <ItemType>0</ItemType>
      <ItemName>סירופ שוקולד 600 גרם</ItemName>
      <ManufacturerName>יוניליוור</ManufacturerName>
      <ManufactureCountry>ישראל</ManufactureCountry>
      <ManufacturerItemDescription>סירופ שוקולד 600 גרם</ManufacturerItemDescription>
      <UnitQty>מיליליטרים</UnitQty>
      <Quantity>600.00</Quantity>
      <UnitOfMeasure>100 מ"ל</UnitOfMeasure>
      <bIsWeighted>0</bIsWeighted>
      <QtyInPackage>1</QtyInPackage>
      <ItemPrice>14.90</ItemPrice>
      <UnitOfMeasurePrice>2.4833</UnitOfMeasurePrice>
      <AllowDiscount>1</AllowDiscount>
      <ItemStatus>1</ItemStatus>
      <ItemId>221851</ItemId>
    </Item>
    <Item>
      <PriceUpdateDate>2015-01-01 00:00:00</PriceUpdateDate>
      <ItemCode>122700</ItemCode>
      <ItemType>0</ItemType>
      <ItemName>סירופ מייפל 600 גרם</ItemName>
      <ManufacturerName>יוניליוור</ManufacturerName>
      <ManufactureCountry>ישראל</ManufactureCountry>
      <ManufacturerItemDescription>סירופ מייפל 600 גרם</ManufacturerItemDescription>
      <UnitQty>מיליליטרים</UnitQty>
      <Quantity>600.00</Quantity>
      <UnitOfMeasure>100 מ"ל</UnitOfMeasure>
      <bIsWeighted>0</bIsWeighted>
      <QtyInPackage>1</QtyInPackage>
      <ItemPrice>14.90</ItemPrice>
      <UnitOfMeasurePrice>2.4833</UnitOfMeasurePrice>
      <AllowDiscount>1</AllowDiscount>
      <ItemStatus>1</ItemStatus>
      <ItemId>221852</ItemId>
    </Item>
    <Item>
      <PriceUpdateDate>2015-01-01 00:00:00</PriceUpdateDate>
      <ItemCode>123110</ItemCode>
      <ItemType>0</ItemType>
      <ItemName>מזולה לייט למריחה</ItemName>
      <ManufacturerName>יוניליוור</ManufacturerName>
      <ManufactureCountry>ישראל</ManufactureCountry>
      <ManufacturerItemDescription>מזולה לייט למריחה 250 גרם</ManufacturerItemDescription>
      <UnitQty>גרמים</UnitQty>
      <Quantity>250.00</Quantity>
      <UnitOfMeasure>100 גרם</UnitOfMeasure>
      <bIsWeighted>0</bIsWeighted>
      <QtyInPackage>1</QtyInPackage>
      <ItemPrice>9.70</ItemPrice>
      <UnitOfMeasurePrice>3.8800</UnitOfMeasurePrice>
      <AllowDiscount>1</AllowDiscount>
      <ItemStatus>1</ItemStatus>
      <ItemId>221853</ItemId>
    </Item>
    <Item>
      <PriceUpdateDate>2015-01-01 00:00:00</PriceUpdateDate>
      <ItemCode>123158</ItemCode>
      <ItemType>0</ItemType>
      <ItemName>מזולה טעם חמאה 250 ג</ItemName>
      <ManufacturerName>יוניליוור</ManufacturerName>
      <ManufactureCountry>ישראל</ManufactureCountry>
      <ManufacturerItemDescription>מזולה טעם חמאה 250 גרם</ManufacturerItemDescription>
      <UnitQty>גרמים</UnitQty>
      <Quantity>250.00</Quantity>
      <UnitOfMeasure>100 גרם</UnitOfMeasure>
      <bIsWeighted>0</bIsWeighted>
      <QtyInPackage>1</QtyInPackage>
      <ItemPrice>9.90</ItemPrice>
      <UnitOfMeasurePrice>3.9600</UnitOfMeasurePrice>
      <AllowDiscount>1</AllowDiscount>
      <ItemStatus>1</ItemStatus>
      <ItemId>221854</ItemId>
    </Item>
    <Item>
      <PriceUpdateDate>2015-01-01 00:00:00</PriceUpdateDate>
      <ItemCode>123172</ItemCode>
      <ItemType>0</ItemType>
      <ItemName>מזולה למריחה 250 גרם</ItemName>
      <ManufacturerName>יוניליוור</ManufacturerName>
      <ManufactureCountry>ישראל</ManufactureCountry>
      <ManufacturerItemDescription>מזולה למריחה 250 גרם</ManufacturerItemDescription>
      <UnitQty>גרמים</UnitQty>
      <Quantity>250.00</Quantity>
      <UnitOfMeasure>100 גרם</UnitOfMeasure>
      <bIsWeighted>0</bIsWeighted>
      <QtyInPackage>1</QtyInPackage>
      <ItemPrice>9.70</ItemPrice>
      <UnitOfMeasurePrice>3.8800</UnitOfMeasurePrice>
      <AllowDiscount>1</AllowDiscount>
      <ItemStatus>1</ItemStatus>
      <ItemId>221855</ItemId>
    </Item>
    <Item>
      <PriceUpdateDate>2015-01-01 00:00:00</PriceUpdateDate>
      <ItemCode>123363</ItemCode>
      <ItemType>0</ItemType>
      <ItemName>צמקאו אפיכל 500 גרם</ItemName>
      <ManufacturerName>יוניליוור</ManufacturerName>
      <ManufactureCountry>לא ידוע</ManufactureCountry>
      <ManufacturerItemDescription>צמקאו אפיכל 500 גרם</ManufacturerItemDescription>
      <UnitQty>גרמים</UnitQty>
      <Quantity>500.00</Quantity>
      <UnitOfMeasure>100 גרם</UnitOfMeasure>
      <bIsWeighted>0</bIsWeighted>
      <QtyInPackage>1</QtyInPackage>
      <ItemPrice>13.90</ItemPrice>
      <UnitOfMeasurePrice>2.7800</UnitOfMeasurePrice>
      <AllowDiscount>1</AllowDiscount>
      <ItemStatus>1</ItemStatus>
      <ItemId>221856</ItemId>
    </Item>
    <Item>
      <PriceUpdateDate>2015-01-01 00:00:00</PriceUpdateDate>
      <ItemCode>1247006</ItemCode>
      <ItemType>0</ItemType>
      <ItemName>קריסטל קולה 2 ליטר</ItemName>
      <ManufacturerName>יפאורה תבורי</ManufacturerName>
      <ManufactureCountry>ישראל</ManufactureCountry>
      <ManufacturerItemDescription>קריסטל קולה 2 ליטר</ManufacturerItemDescription>
      <UnitQty>ליטרים</UnitQty>
      <Quantity>2.00</Quantity>
      <UnitOfMeasure>ליטר    </UnitOfMeasure>
      <bIsWeighted>0</bIsWeighted>
      <QtyInPackage>1</QtyInPackage>
      <ItemPrice>3.30</ItemPrice>
      <UnitOfMeasurePrice>1.6500</UnitOfMeasurePrice>
      <AllowDiscount>1</AllowDiscount>
      <ItemStatus>1</ItemStatus>
      <ItemId>221858</ItemId>
    </Item>
    <Item>
      <PriceUpdateDate>2015-01-01 00:00:00</PriceUpdateDate>
      <ItemCode>1247020</ItemCode>
      <ItemType>0</ItemType>
      <ItemName>קריסטל אורנג 2 ליטר</ItemName>
      <ManufacturerName>יפאורה תבורי</ManufacturerName>
      <ManufactureCountry>ישראל</ManufactureCountry>
      <ManufacturerItemDescription>קריסטל אורנג 2 ליטר</ManufacturerItemDescription>
      <UnitQty>ליטרים</UnitQty>
      <Quantity>2.00</Quantity>
      <UnitOfMeasure>ליטר    </UnitOfMeasure>
      <bIsWeighted>0</bIsWeighted>
      <QtyInPackage>1</QtyInPackage>
      <ItemPrice>3.30</ItemPrice>
      <UnitOfMeasurePrice>1.6500</UnitOfMeasurePrice>
      <AllowDiscount>1</AllowDiscount>
      <ItemStatus>1</ItemStatus>
      <ItemId>221859</ItemId>
    </Item>
    <Item>
      <PriceUpdateDate>2015-01-01 00:00:00</PriceUpdateDate>
      <ItemCode>1247037</ItemCode>
      <ItemType>0</ItemType>
      <ItemName>קריסטל מנטה 2 ליטר</ItemName>
      <ManufacturerName>יפאורה תבורי</ManufacturerName>
      <ManufactureCountry>ישראל</ManufactureCountry>
      <ManufacturerItemDescription>קריסטל מנטה 2 ליטר</ManufacturerItemDescription>
      <UnitQty>ליטרים</UnitQty>
      <Quantity>2.00</Quantity>
      <UnitOfMeasure>ליטר    </UnitOfMeasure>
      <bIsWeighted>0</bIsWeighted>
      <QtyInPackage>1</QtyInPackage>
      <ItemPrice>3.30</ItemPrice>
      <UnitOfMeasurePrice>1.6500</UnitOfMeasurePrice>
      <AllowDiscount>1</AllowDiscount>
      <ItemStatus>1</ItemStatus>
      <ItemId>221860</ItemId>
    </Item>
    <Item>
      <PriceUpdateDate>2015-01-01 00:00:00</PriceUpdateDate>
      <ItemCode>1247044</ItemCode>
      <ItemType>0</ItemType>
      <ItemName>קריסטל תות מוגז 2 לי</ItemName>
      <ManufacturerName>יפאורה תבורי</ManufacturerName>
      <ManufactureCountry>ישראל</ManufactureCountry>
      <ManufacturerItemDescription>קריסטל תות מוגז 2 ליטר</ManufacturerItemDescription>
      <UnitQty>ליטרים</UnitQty>
      <Quantity>2.00</Quantity>
      <UnitOfMeasure>ליטר    </UnitOfMeasure>
      <bIsWeighted>0</bIsWeighted>
      <QtyInPackage>1</QtyInPackage>
      <ItemPrice>3.30</ItemPrice>
      <UnitOfMeasurePrice>1.6500</UnitOfMeasurePrice>
      <AllowDiscount>1</AllowDiscount>
      <ItemStatus>1</ItemStatus>
      <ItemId>221861</ItemId>
    </Item>
    <Item>
      <PriceUpdateDate>2015-01-01 00:00:00</PriceUpdateDate>
      <ItemCode>1247051</ItemCode>
      <ItemType>0</ItemType>
      <ItemName>קריסטל למון ליים 2 ל</ItemName>
      <ManufacturerName>יפאורה תבורי</ManufacturerName>
      <ManufactureCountry>ישראל</ManufactureCountry>
      <ManufacturerItemDescription>קריסטל למון ליים 2 ליטר</ManufacturerItemDescription>
      <UnitQty>ליטרים</UnitQty>
      <Quantity>2.00</Quantity>
      <UnitOfMeasure>ליטר    </UnitOfMeasure>
      <bIsWeighted>0</bIsWeighted>
      <QtyInPackage>1</QtyInPackage>
      <ItemPrice>3.30</ItemPrice>
      <UnitOfMeasurePrice>1.6500</UnitOfMeasurePrice>
      <AllowDiscount>1</AllowDiscount>
      <ItemStatus>1</ItemStatus>
      <ItemId>221862</ItemId>
    </Item>
    <Item>
      <PriceUpdateDate>2015-01-01 00:00:00</PriceUpdateDate>
      <ItemCode>1247068</ItemCode>
      <ItemType>0</ItemType>
      <ItemName>נקטר ספרינג תות בננה</ItemName>
      <ManufacturerName>יפאורה תבורי</ManufacturerName>
      <ManufactureCountry>לא ידוע</ManufactureCountry>
      <ManufacturerItemDescription>נקטר ספרינג תות בננה 1 ליטר</ManufacturerItemDescription>
      <UnitQty>ליטרים</UnitQty>
      <Quantity>1.00</Quantity>
      <UnitOfMeasure>ליטר    </UnitOfMeasure>
      <bIsWeighted>0</bIsWeighted>
      <QtyInPackage>1</QtyInPackage>
      <ItemPrice>4.80</ItemPrice>
      <UnitOfMeasurePrice>4.8000</UnitOfMeasurePrice>
      <AllowDiscount>1</AllowDiscount>
      <ItemStatus>1</ItemStatus>
      <ItemId>221863</ItemId>
    </Item>
    <Item>
      <PriceUpdateDate>2015-01-01 00:00:00</PriceUpdateDate>
      <ItemCode>1247082</ItemCode>
      <ItemType>0</ItemType>
      <ItemName>נקטר ספרינג עגבניות</ItemName>
      <ManufacturerName>יפאורה תבורי</ManufacturerName>
      <ManufactureCountry>לא ידוע</ManufactureCountry>
      <ManufacturerItemDescription>נקטר ספרינג עגבניות 1 ליטר</ManufacturerItemDescription>
      <UnitQty>ליטרים</UnitQty>
      <Quantity>1.00</Quantity>
      <UnitOfMeasure>ליטר    </UnitOfMeasure>
      <bIsWeighted>0</bIsWeighted>
      <QtyInPackage>1</QtyInPackage>
      <ItemPrice>4.80</ItemPrice>
      <UnitOfMeasurePrice>4.8000</UnitOfMeasurePrice>
      <AllowDiscount>1</AllowDiscount>
      <ItemStatus>1</ItemStatus>
      <ItemId>221865</ItemId>
    </Item>
    <Item>
      <PriceUpdateDate>2015-01-01 00:00:00</PriceUpdateDate>
      <ItemCode>1247099</ItemCode>
      <ItemType>0</ItemType>
      <ItemName>נקטר ספרינג מנגו 1 ל</ItemName>
      <ManufacturerName>יפאורה תבורי</ManufacturerName>
      <ManufactureCountry>לא ידוע</ManufactureCountry>
      <ManufacturerItemDescription>נקטר ספרינג מנגו 1 ליטר</ManufacturerItemDescription>
      <UnitQty>ליטרים</UnitQty>
      <Quantity>1.00</Quantity>
      <UnitOfMeasure>ליטר    </UnitOfMeasure>
      <bIsWeighted>0</bIsWeighted>
      <QtyInPackage>1</QtyInPackage>
      <ItemPrice>4.80</ItemPrice>
      <UnitOfMeasurePrice>4.8000</UnitOfMeasurePrice>
      <AllowDiscount>1</AllowDiscount>
      <ItemStatus>1</ItemStatus>
      <ItemId>221866</ItemId>
    </Item>
    <Item>
      <PriceUpdateDate>2015-01-01 00:00:00</PriceUpdateDate>
      <ItemCode>1247105</ItemCode>
      <ItemType>0</ItemType>
      <ItemName>נקטר ספרינג אפרסק 1</ItemName>
      <ManufacturerName>יפאורה תבורי</ManufacturerName>
      <ManufactureCountry>לא ידוע</ManufactureCountry>
      <ManufacturerItemDescription>נקטר ספרינג אפרסק 1 ליטר</ManufacturerItemDescription>
      <UnitQty>ליטרים</UnitQty>
      <Quantity>1.00</Quantity>
      <UnitOfMeasure>ליטר    </UnitOfMeasure>
      <bIsWeighted>0</bIsWeighted>
      <QtyInPackage>1</QtyInPackage>
      <ItemPrice>4.80</ItemPrice>
      <UnitOfMeasurePrice>4.8000</UnitOfMeasurePrice>
      <AllowDiscount>1</AllowDiscount>
      <ItemStatus>1</ItemStatus>
      <ItemId>221867</ItemId>
    </Item>
    <Item>
      <PriceUpdateDate>2015-01-01 00:00:00</PriceUpdateDate>
      <ItemCode>1247112</ItemCode>
      <ItemType>0</ItemType>
      <ItemName>נקטר ספרינג לימון 1</ItemName>
      <ManufacturerName>יפאורה תבורי</ManufacturerName>
      <ManufactureCountry>לא ידוע</ManufactureCountry>
      <ManufacturerItemDescription>נקטר ספרינג לימון 1 ליטר</ManufacturerItemDescription>
      <UnitQty>ליטרים</UnitQty>
      <Quantity>1.00</Quantity>
      <UnitOfMeasure>ליטר    </UnitOfMeasure>
      <bIsWeighted>0</bIsWeighted>
      <QtyInPackage>1</QtyInPackage>
      <ItemPrice>4.80</ItemPrice>
      <UnitOfMeasurePrice>4.8000</UnitOfMeasurePrice>
      <AllowDiscount>1</AllowDiscount>
      <ItemStatus>1</ItemStatus>
      <ItemId>221868</ItemId>
    </Item>
    <Item>
      <PriceUpdateDate>2015-01-01 00:00:00</PriceUpdateDate>
      <ItemCode>1247129</ItemCode>
      <ItemType>0</ItemType>
      <ItemName>נקטר ספרינג תפוז 1 ל</ItemName>
      <ManufacturerName>יפאורה תבורי</ManufacturerName>
      <ManufactureCountry>לא ידוע</ManufactureCountry>
      <ManufacturerItemDescription>נקטר ספרינג תפוז 1 ליטר</ManufacturerItemDescription>
      <UnitQty>ליטרים</UnitQty>
      <Quantity>1.00</Quantity>
      <UnitOfMeasure>ליטר    </UnitOfMeasure>
      <bIsWeighted>0</bIsWeighted>
      <QtyInPackage>1</QtyInPackage>
      <ItemPrice>4.80</ItemPrice>
      <UnitOfMeasurePrice>4.8000</UnitOfMeasurePrice>
      <AllowDiscount>1</AllowDiscount>
      <ItemStatus>1</ItemStatus>
      <ItemId>221869</ItemId>
    </Item>
    <Item>
      <PriceUpdateDate>2015-01-01 00:00:00</PriceUpdateDate>
      <ItemCode>1247143</ItemCode>
      <ItemType>0</ItemType>
      <ItemName>נקטר ספרינג תפוח 1 ל</ItemName>
      <ManufacturerName>יפאורה תבורי</ManufacturerName>
      <ManufactureCountry>לא ידוע</ManufactureCountry>
      <ManufacturerItemDescription>נקטר ספרינג תפוח 1 ליטר</ManufacturerItemDescription>
      <UnitQty>ליטרים</UnitQty>
      <Quantity>1.00</Quantity>
      <UnitOfMeasure>ליטר    </UnitOfMeasure>
      <bIsWeighted>0</bIsWeighted>
      <QtyInPackage>1</QtyInPackage>
      <ItemPrice>4.80</ItemPrice>
      <UnitOfMeasurePrice>4.8000</UnitOfMeasurePrice>
      <AllowDiscount>1</AllowDiscount>
      <ItemStatus>1</ItemStatus>
      <ItemId>221871</ItemId>
    </Item>
    <Item>
      <PriceUpdateDate>2015-01-01 00:00:00</PriceUpdateDate>
      <ItemCode>1247211</ItemCode>
      <ItemType>0</ItemType>
      <ItemName>קריסטל ענבים מוגז 2</ItemName>
      <ManufacturerName>יפאורה תבורי</ManufacturerName>
      <ManufactureCountry>ישראל</ManufactureCountry>
      <ManufacturerItemDescription>קריסטל ענבים מוגז 2 ליטר</ManufacturerItemDescription>
      <UnitQty>ליטרים</UnitQty>
      <Quantity>2.00</Quantity>
      <UnitOfMeasure>ליטר    </UnitOfMeasure>
      <bIsWeighted>0</bIsWeighted>
      <QtyInPackage>1</QtyInPackage>
      <ItemPrice>3.30</ItemPrice>
      <UnitOfMeasurePrice>1.6500</UnitOfMeasurePrice>
      <AllowDiscount>1</AllowDiscount>
      <ItemStatus>1</ItemStatus>
      <ItemId>221873</ItemId>
    </Item>
    <Item>
      <PriceUpdateDate>2015-01-01 00:00:00</PriceUpdateDate>
      <ItemCode>1247952</ItemCode>
      <ItemType>0</ItemType>
      <ItemName>תפוזינה ענבינה 1.5 ל</ItemName>
      <ManufacturerName>יפאורה תבורי</ManufacturerName>
      <ManufactureCountry>לא ידוע</ManufactureCountry>
      <ManufacturerItemDescription>תפוזינה ענבינה 1.5 ליטר</ManufacturerItemDescription>
      <UnitQty>ליטרים</UnitQty>
      <Quantity>1.50</Quantity>
      <UnitOfMeasure>ליטר    </UnitOfMeasure>
      <bIsWeighted>0</bIsWeighted>
      <QtyInPackage>1</QtyInPackage>
      <ItemPrice>5.90</ItemPrice>
      <UnitOfMeasurePrice>3.9333</UnitOfMeasurePrice>
      <AllowDiscount>1</AllowDiscount>
      <ItemStatus>1</ItemStatus>
      <ItemId>221874</ItemId>
    </Item>
    <Item>
      <PriceUpdateDate>2015-01-01 00:00:00</PriceUpdateDate>
      <ItemCode>124841</ItemCode>
      <ItemType>0</ItemType>
      <ItemName>שוקולד חלב 3*100 גרם</ItemName>
      <ManufacturerName>יוניליוור</ManufacturerName>
      <ManufactureCountry>לא ידוע</ManufactureCountry>
      <ManufacturerItemDescription>שוקולד חלב 3*100 גרם בד"צ ורד הגליל</ManufacturerItemDescription>
      <UnitQty>גרמים</UnitQty>
      <Quantity>300.00</Quantity>
      <UnitOfMeasure>100 גרם</UnitOfMeasure>
      <bIsWeighted>0</bIsWeighted>
      <QtyInPackage>1</QtyInPackage>
      <ItemPrice>12.90</ItemPrice>
      <UnitOfMeasurePrice>4.3000</UnitOfMeasurePrice>
      <AllowDiscount>1</AllowDiscount>
      <ItemStatus>1</ItemStatus>
      <ItemId>221876</ItemId>
    </Item>
    <Item>
      <PriceUpdateDate>2015-01-01 00:00:00</PriceUpdateDate>
      <ItemCode>1252086</ItemCode>
      <ItemType>0</ItemType>
      <ItemName>טישו מארז ניילון  10</ItemName>
      <ManufacturerName>,</ManufacturerName>
      <ManufactureCountry>לא ידוע</ManufactureCountry>
      <ManufacturerItemDescription>טישו מארז ניילון  10 יח</ManufacturerItemDescription>
      <UnitQty>Unknown </UnitQty>
      <Quantity>0.00</Quantity>
      <UnitOfMeasure>Unknown </UnitOfMeasure>
      <bIsWeighted>0</bIsWeighted>
      <QtyInPackage>1</QtyInPackage>
      <ItemPrice>16.90</ItemPrice>
      <UnitOfMeasurePrice>0.0000</UnitOfMeasurePrice>
      <AllowDiscount>1</AllowDiscount>
      <ItemStatus>1</ItemStatus>
      <ItemId>221877</ItemId>
    </Item>
    <Item>
      <PriceUpdateDate>2015-01-01 00:00:00</PriceUpdateDate>
      <ItemCode>127705</ItemCode>
      <ItemType>0</ItemType>
      <ItemName>שוקולד מריר פרווה 6</ItemName>
      <ManufacturerName>יוניליוור</ManufacturerName>
      <ManufactureCountry>לא ידוע</ManufactureCountry>
      <ManufacturerItemDescription>שוקולד מריר פרווה 6 יח ורד הגליל</ManufacturerItemDescription>
      <UnitQty>גרמים</UnitQty>
      <Quantity>600.00</Quantity>
      <UnitOfMeasure>100 גרם</UnitOfMeasure>
      <bIsWeighted>0</bIsWeighted>
      <QtyInPackage>1</QtyInPackage>
      <ItemPrice>18.90</ItemPrice>
      <UnitOfMeasurePrice>3.1500</UnitOfMeasurePrice>
      <AllowDiscount>1</AllowDiscount>
      <ItemStatus>1</ItemStatus>
      <ItemId>221887</ItemId>
    </Item>
    <Item>
      <PriceUpdateDate>2015-01-01 00:00:00</PriceUpdateDate>
      <ItemCode>129235</ItemCode>
      <ItemType>0</ItemType>
      <ItemName>שוקולד קליק ופל אגוז</ItemName>
      <ManufacturerName>,</ManufacturerName>
      <ManufactureCountry>לא ידוע</ManufactureCountry>
      <ManufacturerItemDescription>שוקולד קליק ופל אגוז 85 גרם</ManufacturerItemDescription>
      <UnitQty>גרמים</UnitQty>
      <Quantity>85.00</Quantity>
      <UnitOfMeasure>100 גרם</UnitOfMeasure>
      <bIsWeighted>0</bIsWeighted>
      <QtyInPackage>1</QtyInPackage>
      <ItemPrice>4.90</ItemPrice>
      <UnitOfMeasurePrice>5.7647</UnitOfMeasurePrice>
      <AllowDiscount>1</AllowDiscount>
      <ItemStatus>1</ItemStatus>
      <ItemId>221888</ItemId>
    </Item>
    <Item>
      <PriceUpdateDate>2015-01-01 00:00:00</PriceUpdateDate>
      <ItemCode>129785</ItemCode>
      <ItemType>0</ItemType>
      <ItemName>מרכך בדין ירוק 4 ליט</ItemName>
      <ManufacturerName>,</ManufacturerName>
      <ManufactureCountry>לא ידוע</ManufactureCountry>
      <ManufacturerItemDescription>מ.כביסה בדין ירוק 4 ליטר</ManufacturerItemDescription>
      <UnitQty>ליטרים</UnitQty>
      <Quantity>4.00</Quantity>
      <UnitOfMeasure>ליטר    </UnitOfMeasure>
      <bIsWeighted>0</bIsWeighted>
      <QtyInPackage>1</QtyInPackage>
      <ItemPrice>16.90</ItemPrice>
      <UnitOfMeasurePrice>4.2250</UnitOfMeasurePrice>
      <AllowDiscount>1</AllowDiscount>
      <ItemStatus>1</ItemStatus>
      <ItemId>221890</ItemId>
    </Item>
    <Item>
      <PriceUpdateDate>2015-05-28 13:14:21</PriceUpdateDate>
      <ItemCode>9001303</ItemCode>
      <ItemType>0</ItemType>
      <ItemName>דלעת</ItemName>
      <ManufacturerName>,</ManufacturerName>
      <ManufactureCountry>לא ידוע</ManufactureCountry>
      <ManufacturerItemDescription>דלעת</ManufacturerItemDescription>
      <UnitQty>קילוגרמים</UnitQty>
      <Quantity>1.00</Quantity>
      <UnitOfMeasure>ק"ג</UnitOfMeasure>
      <bIsWeighted>1</bIsWeighted>
      <QtyInPackage>לא ידוע</QtyInPackage>
      <ItemPrice>9.90</ItemPrice>
      <UnitOfMeasurePrice>9.9000</UnitOfMeasurePrice>
      <AllowDiscount>1</AllowDiscount>
      <ItemStatus>1</ItemStatus>
      <ItemId>221891</ItemId>
    </Item>
    <Item>
      <PriceUpdateDate>2015-06-30 16:57:48</PriceUpdateDate>
      <ItemCode>9001310</ItemCode>
      <ItemType>0</ItemType>
      <ItemName>דלורית</ItemName>
      <ManufacturerName>,</ManufacturerName>
      <ManufactureCountry>לא ידוע</ManufactureCountry>
      <ManufacturerItemDescription>דלורית</ManufacturerItemDescription>
      <UnitQty>קילוגרמים</UnitQty>
      <Quantity>1.00</Quantity>
      <UnitOfMeasure>ק"ג</UnitOfMeasure>
      <bIsWeighted>1</bIsWeighted>
      <QtyInPackage>לא ידוע</QtyInPackage>
      <ItemPrice>2.90</ItemPrice>
      <UnitOfMeasurePrice>2.9000</UnitOfMeasurePrice>
      <AllowDiscount>1</AllowDiscount>
      <ItemStatus>1</ItemStatus>
      <ItemId>221892</ItemId>
    </Item>
    <Item>
      <PriceUpdateDate>2015-01-01 00:00:00</PriceUpdateDate>
      <ItemCode>1327029</ItemCode>
      <ItemType>0</ItemType>
      <ItemName>מאגדת טעמקור+שוקו בר</ItemName>
      <ManufacturerName>שטראוס</ManufacturerName>
      <ManufactureCountry>ישראל</ManufactureCountry>
      <ManufacturerItemDescription>מאגדת טעמקור+שוקו בר+קורנטו</ManufacturerItemDescription>
      <UnitQty>Unknown </UnitQty>
      <Quantity>0.00</Quantity>
      <UnitOfMeasure>Unknown </UnitOfMeasure>
      <bIsWeighted>0</bIsWeighted>
      <QtyInPackage>לא ידוע</QtyInPackage>
      <ItemPrice>24.90</ItemPrice>
      <UnitOfMeasurePrice>0.0000</UnitOfMeasurePrice>
      <AllowDiscount>1</AllowDiscount>
      <ItemStatus>1</ItemStatus>
      <ItemId>221896</ItemId>
    </Item>
    <Item>
      <PriceUpdateDate>2015-09-20 12:28:02</PriceUpdateDate>
      <ItemCode>1327180</ItemCode>
      <ItemType>0</ItemType>
      <ItemName>גלידת קרמיסימו וניל</ItemName>
      <ManufacturerName>שטראוס</ManufacturerName>
      <ManufactureCountry>ישראל</ManufactureCountry>
      <ManufacturerItemDescription>גלידת קרמיסימו וניל ציפ 1.33 ליטר</ManufacturerItemDescription>
      <UnitQty>ליטרים</UnitQty>
      <Quantity>1.33</Quantity>
      <UnitOfMeasure>ליטר    </UnitOfMeasure>
      <bIsWeighted>0</bIsWeighted>
      <QtyInPackage>1</QtyInPackage>
      <ItemPrice>15.90</ItemPrice>
      <UnitOfMeasurePrice>11.9549</UnitOfMeasurePrice>
      <AllowDiscount>1</AllowDiscount>
      <ItemStatus>1</ItemStatus>
      <ItemId>221897</ItemId>
    </Item>
    <Item>
      <PriceUpdateDate>2015-09-20 12:28:02</PriceUpdateDate>
      <ItemCode>1327197</ItemCode>
      <ItemType>0</ItemType>
      <ItemName>גלידת קרמיסימו שוקו</ItemName>
      <ManufacturerName>שטראוס</ManufacturerName>
      <ManufactureCountry>ישראל</ManufactureCountry>
      <ManufacturerItemDescription>גלידת קרמיסימו שוקו וניל 1.33 ליטר</ManufacturerItemDescription>
      <UnitQty>ליטרים</UnitQty>
      <Quantity>1.33</Quantity>
      <UnitOfMeasure>ליטר    </UnitOfMeasure>
      <bIsWeighted>0</bIsWeighted>
      <QtyInPackage>1</QtyInPackage>
      <ItemPrice>15.90</ItemPrice>
      <UnitOfMeasurePrice>11.9549</UnitOfMeasurePrice>
      <AllowDiscount>1</AllowDiscount>
      <ItemStatus>1</ItemStatus>
      <ItemId>221898</ItemId>
    </Item>
    <Item>
      <PriceUpdateDate>2015-09-20 12:28:02</PriceUpdateDate>
      <ItemCode>1327227</ItemCode>
      <ItemType>0</ItemType>
      <ItemName>גלידת קרמיסימו ריבת</ItemName>
      <ManufacturerName>שטראוס</ManufacturerName>
      <ManufactureCountry>ישראל</ManufactureCountry>
      <ManufacturerItemDescription>גלידת קרמיסימו ריבת חלב 1.33 ליטר</ManufacturerItemDescription>
      <UnitQty>ליטרים</UnitQty>
      <Quantity>1.33</Quantity>
      <UnitOfMeasure>ליטר    </UnitOfMeasure>
      <bIsWeighted>0</bIsWeighted>
      <QtyInPackage>1</QtyInPackage>
      <ItemPrice>15.90</ItemPrice>
      <UnitOfMeasurePrice>11.9549</UnitOfMeasurePrice>
      <AllowDiscount>1</AllowDiscount>
      <ItemStatus>1</ItemStatus>
      <ItemId>221899</ItemId>
    </Item>
    <Item>
      <PriceUpdateDate>2015-09-20 12:28:02</PriceUpdateDate>
      <ItemCode>1327357</ItemCode>
      <ItemType>0</ItemType>
      <ItemName>גלידת קרמיסימו וניל</ItemName>
      <ManufacturerName>שטראוס</ManufacturerName>
      <ManufactureCountry>ישראל</ManufactureCountry>
      <ManufacturerItemDescription>גלידת קרמיסימו וניל 1.33 ליטר</ManufacturerItemDescription>
      <UnitQty>ליטרים</UnitQty>
      <Quantity>1.33</Quantity>
      <UnitOfMeasure>ליטר    </UnitOfMeasure>
      <bIsWeighted>0</bIsWeighted>
      <QtyInPackage>1</QtyInPackage>
      <ItemPrice>15.90</ItemPrice>
      <UnitOfMeasurePrice>11.9549</UnitOfMeasurePrice>
      <AllowDiscount>1</AllowDiscount>
      <ItemStatus>1</ItemStatus>
      <ItemId>221900</ItemId>
    </Item>
    <Item>
      <PriceUpdateDate>2015-09-20 12:28:02</PriceUpdateDate>
      <ItemCode>1327791</ItemCode>
      <ItemType>0</ItemType>
      <ItemName>גלידת קרמיסימו עוגיו</ItemName>
      <ManufacturerName>שטראוס</ManufacturerName>
      <ManufactureCountry>ישראל</ManufactureCountry>
      <ManufacturerItemDescription>גלידת קרמיסימו עוגיות 1.33 ליטר</ManufacturerItemDescription>
      <UnitQty>ליטרים</UnitQty>
      <Quantity>1.33</Quantity>
      <UnitOfMeasure>ליטר    </UnitOfMeasure>
      <bIsWeighted>0</bIsWeighted>
      <QtyInPackage>1</QtyInPackage>
      <ItemPrice>15.90</ItemPrice>
      <UnitOfMeasurePrice>11.9549</UnitOfMeasurePrice>
      <AllowDiscount>1</AllowDiscount>
      <ItemStatus>1</ItemStatus>
      <ItemId>221901</ItemId>
    </Item>
    <Item>
      <PriceUpdateDate>2015-09-20 12:53:31</PriceUpdateDate>
      <ItemCode>133645</ItemCode>
      <ItemType>0</ItemType>
      <ItemName>משחת שיניים אורביטול</ItemName>
      <ManufacturerName>טרופיקל דגיל</ManufacturerName>
      <ManufactureCountry>לא ידוע</ManufactureCountry>
      <ManufacturerItemDescription>משחת שיניים אורביטול שלישיה 3*145 מ"ל</ManufacturerItemDescription>
      <UnitQty>גרמים</UnitQty>
      <Quantity>435.00</Quantity>
      <UnitOfMeasure>100 גרם</UnitOfMeasure>
      <bIsWeighted>0</bIsWeighted>
      <QtyInPackage>1</QtyInPackage>
      <ItemPrice>11.90</ItemPrice>
      <UnitOfMeasurePrice>2.7356</UnitOfMeasurePrice>
      <AllowDiscount>1</AllowDiscount>
      <ItemStatus>1</ItemStatus>
      <ItemId>221902</ItemId>
    </Item>
    <Item>
      <PriceUpdateDate>2015-01-01 00:00:00</PriceUpdateDate>
      <ItemCode>133904</ItemCode>
      <ItemType>0</ItemType>
      <ItemName>סנו דאופרש פסיפולה 3</ItemName>
      <ManufacturerName>סנו</ManufacturerName>
      <ManufactureCountry>לא ידוע</ManufactureCountry>
      <ManufacturerItemDescription>סנו דאופרש פסיפולה 300 מ"ל</ManufacturerItemDescription>
      <UnitQty>מיליליטרים</UnitQty>
      <Quantity>300.00</Quantity>
      <UnitOfMeasure>100 מ"ל</UnitOfMeasure>
      <bIsWeighted>0</bIsWeighted>
      <QtyInPackage>1</QtyInPackage>
      <ItemPrice>9.90</ItemPrice>
      <UnitOfMeasurePrice>3.3000</UnitOfMeasurePrice>
      <AllowDiscount>1</AllowDiscount>
      <ItemStatus>1</ItemStatus>
      <ItemId>221908</ItemId>
    </Item>
    <Item>
      <PriceUpdateDate>2015-01-01 00:00:00</PriceUpdateDate>
      <ItemCode>1343845</ItemCode>
      <ItemType>0</ItemType>
      <ItemName>גרנולה תערובת בריאות</ItemName>
      <ManufacturerName>דין שיווק</ManufacturerName>
      <ManufactureCountry>ישראל</ManufactureCountry>
      <ManufacturerItemDescription>גרנולה תערובת בריאות 1 קג</ManufacturerItemDescription>
      <UnitQty>קילוגרמים</UnitQty>
      <Quantity>1.00</Quantity>
      <UnitOfMeasure>ק"ג     </UnitOfMeasure>
      <bIsWeighted>0</bIsWeighted>
      <QtyInPackage>1</QtyInPackage>
      <ItemPrice>19.50</ItemPrice>
      <UnitOfMeasurePrice>19.5000</UnitOfMeasurePrice>
      <AllowDiscount>1</AllowDiscount>
      <ItemStatus>1</ItemStatus>
      <ItemId>221909</ItemId>
    </Item>
    <Item>
      <PriceUpdateDate>2015-01-01 00:00:00</PriceUpdateDate>
      <ItemCode>13495113506</ItemCode>
      <ItemType>0</ItemType>
      <ItemName>קליק ביסקוויט 75 גרם</ItemName>
      <ManufacturerName>יוניליוור</ManufacturerName>
      <ManufactureCountry>ישראל</ManufactureCountry>
      <ManufacturerItemDescription>קליק ביסקוויט 75 גרם</ManufacturerItemDescription>
      <UnitQty>גרמים</UnitQty>
      <Quantity>75.00</Quantity>
      <UnitOfMeasure>100 גרם</UnitOfMeasure>
      <bIsWeighted>0</bIsWeighted>
      <QtyInPackage>1</QtyInPackage>
      <ItemPrice>3.90</ItemPrice>
      <UnitOfMeasurePrice>5.2000</UnitOfMeasurePrice>
      <AllowDiscount>1</AllowDiscount>
      <ItemStatus>1</ItemStatus>
      <ItemId>221910</ItemId>
    </Item>
    <Item>
      <PriceUpdateDate>2015-01-01 00:00:00</PriceUpdateDate>
      <ItemCode>13495113513</ItemCode>
      <ItemType>0</ItemType>
      <ItemName>קליק שוקולד חלב 75 ג</ItemName>
      <ManufacturerName>יוניליוור</ManufacturerName>
      <ManufactureCountry>ישראל</ManufactureCountry>
      <ManufacturerItemDescription>קליק שוקולד חלב 75 גרם</ManufacturerItemDescription>
      <UnitQty>גרמים</UnitQty>
      <Quantity>75.00</Quantity>
      <UnitOfMeasure>100 גרם</UnitOfMeasure>
      <bIsWeighted>0</bIsWeighted>
      <QtyInPackage>1</QtyInPackage>
      <ItemPrice>3.90</ItemPrice>
      <UnitOfMeasurePrice>5.2000</UnitOfMeasurePrice>
      <AllowDiscount>1</AllowDiscount>
      <ItemStatus>1</ItemStatus>
      <ItemId>221911</ItemId>
    </Item>
    <Item>
      <PriceUpdateDate>2015-01-01 00:00:00</PriceUpdateDate>
      <ItemCode>13495113520</ItemCode>
      <ItemType>0</ItemType>
      <ItemName>קליק קורנפלקס 75 גרם</ItemName>
      <ManufacturerName>יוניליוור</ManufacturerName>
      <ManufactureCountry>ישראל</ManufactureCountry>
      <ManufacturerItemDescription>קליק קורנפלקס 75 גרם</ManufacturerItemDescription>
      <UnitQty>גרמים</UnitQty>
      <Quantity>75.00</Quantity>
      <UnitOfMeasure>100 גרם</UnitOfMeasure>
      <bIsWeighted>0</bIsWeighted>
      <QtyInPackage>1</QtyInPackage>
      <ItemPrice>3.90</ItemPrice>
      <UnitOfMeasurePrice>5.2000</UnitOfMeasurePrice>
      <AllowDiscount>1</AllowDiscount>
      <ItemStatus>1</ItemStatus>
      <ItemId>221912</ItemId>
    </Item>
    <Item>
      <PriceUpdateDate>2015-01-01 00:00:00</PriceUpdateDate>
      <ItemCode>13495113537</ItemCode>
      <ItemType>0</ItemType>
      <ItemName>קליק חום לבן מעורב</ItemName>
      <ManufacturerName>יוניליוור</ManufacturerName>
      <ManufactureCountry>ישראל</ManufactureCountry>
      <ManufacturerItemDescription>קליק חום לבן מעורב 75 גרם</ManufacturerItemDescription>
      <UnitQty>גרמים</UnitQty>
      <Quantity>75.00</Quantity>
      <UnitOfMeasure>100 גרם</UnitOfMeasure>
      <bIsWeighted>0</bIsWeighted>
      <QtyInPackage>1</QtyInPackage>
      <ItemPrice>3.90</ItemPrice>
      <UnitOfMeasurePrice>5.2000</UnitOfMeasurePrice>
      <AllowDiscount>1</AllowDiscount>
      <ItemStatus>1</ItemStatus>
      <ItemId>221913</ItemId>
    </Item>
    <Item>
      <PriceUpdateDate>2015-01-01 00:00:00</PriceUpdateDate>
      <ItemCode>13495113551</ItemCode>
      <ItemType>0</ItemType>
      <ItemName>קליק עוגי 75 גרם</ItemName>
      <ManufacturerName>יוניליוור</ManufacturerName>
      <ManufactureCountry>ישראל</ManufactureCountry>
      <ManufacturerItemDescription>קליק עוגי 75 גרם</ManufacturerItemDescription>
      <UnitQty>גרמים</UnitQty>
      <Quantity>75.00</Quantity>
      <UnitOfMeasure>100 גרם</UnitOfMeasure>
      <bIsWeighted>0</bIsWeighted>
      <QtyInPackage>1</QtyInPackage>
      <ItemPrice>3.90</ItemPrice>
      <UnitOfMeasurePrice>5.2000</UnitOfMeasurePrice>
      <AllowDiscount>1</AllowDiscount>
      <ItemStatus>1</ItemStatus>
      <ItemId>221914</ItemId>
    </Item>
    <Item>
      <PriceUpdateDate>2015-01-01 00:00:00</PriceUpdateDate>
      <ItemCode>13495113582</ItemCode>
      <ItemType>0</ItemType>
      <ItemName>קליק כריות 75 גרם</ItemName>
      <ManufacturerName>יוניליוור</ManufacturerName>
      <ManufactureCountry>ישראל</ManufactureCountry>
      <ManufacturerItemDescription>קליק כריות 75 גרם</ManufacturerItemDescription>
      <UnitQty>גרמים</UnitQty>
      <Quantity>75.00</Quantity>
      <UnitOfMeasure>100 גרם</UnitOfMeasure>
      <bIsWeighted>0</bIsWeighted>
      <QtyInPackage>1</QtyInPackage>
      <ItemPrice>3.90</ItemPrice>
      <UnitOfMeasurePrice>5.2000</UnitOfMeasurePrice>
      <AllowDiscount>1</AllowDiscount>
      <ItemStatus>1</ItemStatus>
      <ItemId>221915</ItemId>
    </Item>
    <Item>
      <PriceUpdateDate>2015-01-01 00:00:00</PriceUpdateDate>
      <ItemCode>136721</ItemCode>
      <ItemType>0</ItemType>
      <ItemName>גאמפ תפוז 1.5 ליטר</ItemName>
      <ManufacturerName>טמפו</ManufacturerName>
      <ManufactureCountry>לא ידוע</ManufactureCountry>
      <ManufacturerItemDescription>גאמפ תפוז 1.5 ליטר</ManufacturerItemDescription>
      <UnitQty>ליטרים</UnitQty>
      <Quantity>1.50</Quantity>
      <UnitOfMeasure>ליטר    </UnitOfMeasure>
      <bIsWeighted>0</bIsWeighted>
      <QtyInPackage>1</QtyInPackage>
      <ItemPrice>5.40</ItemPrice>
      <UnitOfMeasurePrice>3.6000</UnitOfMeasurePrice>
      <AllowDiscount>1</AllowDiscount>
      <ItemStatus>1</ItemStatus>
      <ItemId>221917</ItemId>
    </Item>
    <Item>
      <PriceUpdateDate>2015-01-01 00:00:00</PriceUpdateDate>
      <ItemCode>136738</ItemCode>
      <ItemType>0</ItemType>
      <ItemName>גאמפ אשכוליות 1.5 לי</ItemName>
      <ManufacturerName>טמפו</ManufacturerName>
      <ManufactureCountry>לא ידוע</ManufactureCountry>
      <ManufacturerItemDescription>גאמפ אשכוליות 1.5 ליטר</ManufacturerItemDescription>
      <UnitQty>ליטרים</UnitQty>
      <Quantity>1.50</Quantity>
      <UnitOfMeasure>ליטר    </UnitOfMeasure>
      <bIsWeighted>0</bIsWeighted>
      <QtyInPackage>1</QtyInPackage>
      <ItemPrice>5.40</ItemPrice>
      <UnitOfMeasurePrice>3.6000</UnitOfMeasurePrice>
      <AllowDiscount>1</AllowDiscount>
      <ItemStatus>1</ItemStatus>
      <ItemId>221918</ItemId>
    </Item>
    <Item>
      <PriceUpdateDate>2015-01-01 00:00:00</PriceUpdateDate>
      <ItemCode>136745</ItemCode>
      <ItemType>0</ItemType>
      <ItemName>גאמפ תות בננה 1.5 לי</ItemName>
      <ManufacturerName>טמפו</ManufacturerName>
      <ManufactureCountry>לא ידוע</ManufactureCountry>
      <ManufacturerItemDescription>גאמפ תות בננה 1.5 ליטר</ManufacturerItemDescription>
      <UnitQty>ליטרים</UnitQty>
      <Quantity>1.50</Quantity>
      <UnitOfMeasure>ליטר    </UnitOfMeasure>
      <bIsWeighted>0</bIsWeighted>
      <QtyInPackage>1</QtyInPackage>
      <ItemPrice>5.40</ItemPrice>
      <UnitOfMeasurePrice>3.6000</UnitOfMeasurePrice>
      <AllowDiscount>1</AllowDiscount>
      <ItemStatus>1</ItemStatus>
      <ItemId>221919</ItemId>
    </Item>
    <Item>
      <PriceUpdateDate>2016-02-23 16:00:41</PriceUpdateDate>
      <ItemCode>137513</ItemCode>
      <ItemType>0</ItemType>
      <ItemName>גלידונית קרמיסימו 60</ItemName>
      <ManufacturerName>שטראוס</ManufacturerName>
      <ManufactureCountry>ישראל</ManufactureCountry>
      <ManufacturerItemDescription>גלידונית קרמיסימו 60 יח חלבי</ManufacturerItemDescription>
      <UnitQty>גרמים</UnitQty>
      <Quantity>630.00</Quantity>
      <UnitOfMeasure>100 גרם</UnitOfMeasure>
      <bIsWeighted>0</bIsWeighted>
      <QtyInPackage>1</QtyInPackage>
      <ItemPrice>39.90</ItemPrice>
      <UnitOfMeasurePrice>6.3333</UnitOfMeasurePrice>
      <AllowDiscount>1</AllowDiscount>
      <ItemStatus>1</ItemStatus>
      <ItemId>221920</ItemId>
    </Item>
    <Item>
      <PriceUpdateDate>2015-01-01 00:00:00</PriceUpdateDate>
      <ItemCode>137643</ItemCode>
      <ItemType>0</ItemType>
      <ItemName>מאגדת טעמקור 8 יח</ItemName>
      <ManufacturerName>שטראוס</ManufacturerName>
      <ManufactureCountry>ישראל</ManufactureCountry>
      <ManufacturerItemDescription>מאגדת טעמקור 8 יח</ManufacturerItemDescription>
      <UnitQty>Unknown </UnitQty>
      <Quantity>0.00</Quantity>
      <UnitOfMeasure>Unknown </UnitOfMeasure>
      <bIsWeighted>0</bIsWeighted>
      <QtyInPackage>8</QtyInPackage>
      <ItemPrice>29.90</ItemPrice>
      <UnitOfMeasurePrice>0.0000</UnitOfMeasurePrice>
      <AllowDiscount>1</AllowDiscount>
      <ItemStatus>1</ItemStatus>
      <ItemId>221921</ItemId>
    </Item>
    <Item>
      <PriceUpdateDate>2015-01-01 00:00:00</PriceUpdateDate>
      <ItemCode>139104</ItemCode>
      <ItemType>0</ItemType>
      <ItemName>שלווה ענק 250 גרם</ItemName>
      <ManufacturerName>אשבל</ManufacturerName>
      <ManufactureCountry>ישראל</ManufactureCountry>
      <ManufacturerItemDescription>שלווה ענק 250 גרם</ManufacturerItemDescription>
      <UnitQty>גרמים</UnitQty>
      <Quantity>250.00</Quantity>
      <UnitOfMeasure>100 גרם</UnitOfMeasure>
      <bIsWeighted>0</bIsWeighted>
      <QtyInPackage>1</QtyInPackage>
      <ItemPrice>6.90</ItemPrice>
      <UnitOfMeasurePrice>2.7600</UnitOfMeasurePrice>
      <AllowDiscount>1</AllowDiscount>
      <ItemStatus>1</ItemStatus>
      <ItemId>221924</ItemId>
    </Item>
    <Item>
      <PriceUpdateDate>2015-01-01 00:00:00</PriceUpdateDate>
      <ItemCode>7290103156244</ItemCode>
      <ItemType>0</ItemType>
      <ItemName>תבניות ח"פ עגול 12 י</ItemName>
      <ManufacturerName>אופל</ManufacturerName>
      <ManufactureCountry>לא ידוע</ManufactureCountry>
      <ManufacturerItemDescription>תבניות ח"פ עגול 12 יח  C10</ManufacturerItemDescription>
      <UnitQty>Unknown </UnitQty>
      <Quantity>0.00</Quantity>
      <UnitOfMeasure>Unknown </UnitOfMeasure>
      <bIsWeighted>0</bIsWeighted>
      <QtyInPackage>1</QtyInPackage>
      <ItemPrice>14.90</ItemPrice>
      <UnitOfMeasurePrice>0.0000</UnitOfMeasurePrice>
      <AllowDiscount>1</AllowDiscount>
      <ItemStatus>1</ItemStatus>
      <ItemId>249081</ItemId>
    </Item>
    <Item>
      <PriceUpdateDate>2015-01-01 00:00:00</PriceUpdateDate>
      <ItemCode>139227</ItemCode>
      <ItemType>0</ItemType>
      <ItemName>שלווה ענק לבן 150 גר</ItemName>
      <ManufacturerName>,</ManufacturerName>
      <ManufactureCountry>לא ידוע</ManufactureCountry>
      <ManufacturerItemDescription>שלווה ענק לבן 150 גרם</ManufacturerItemDescription>
      <UnitQty>גרמים</UnitQty>
      <Quantity>150.00</Quantity>
      <UnitOfMeasure>100 גרם</UnitOfMeasure>
      <bIsWeighted>0</bIsWeighted>
      <QtyInPackage>1</QtyInPackage>
      <ItemPrice>6.90</ItemPrice>
      <UnitOfMeasurePrice>4.6000</UnitOfMeasurePrice>
      <AllowDiscount>1</AllowDiscount>
      <ItemStatus>1</ItemStatus>
      <ItemId>221926</ItemId>
    </Item>
    <Item>
      <PriceUpdateDate>2015-01-01 00:00:00</PriceUpdateDate>
      <ItemCode>9000146</ItemCode>
      <ItemType>0</ItemType>
      <ItemName>עגבניות תמר</ItemName>
      <ManufacturerName>,</ManufacturerName>
      <ManufactureCountry>לא ידוע</ManufactureCountry>
      <ManufacturerItemDescription>עגבניות תמר</ManufacturerItemDescription>
      <UnitQty>קילוגרמים</UnitQty>
      <Quantity>1.00</Quantity>
      <UnitOfMeasure>ק"ג</UnitOfMeasure>
      <bIsWeighted>1</bIsWeighted>
      <QtyInPackage>לא ידוע</QtyInPackage>
      <ItemPrice>9.90</ItemPrice>
      <UnitOfMeasurePrice>9.9000</UnitOfMeasurePrice>
      <AllowDiscount>1</AllowDiscount>
      <ItemStatus>1</ItemStatus>
      <ItemId>221929</ItemId>
    </Item>
    <Item>
      <PriceUpdateDate>2016-06-26 16:08:00</PriceUpdateDate>
      <ItemCode>9001419</ItemCode>
      <ItemType>0</ItemType>
      <ItemName>חצילים</ItemName>
      <ManufacturerName>,</ManufacturerName>
      <ManufactureCountry>לא ידוע</ManufactureCountry>
      <ManufacturerItemDescription>חצילים</ManufacturerItemDescription>
      <UnitQty>קילוגרמים</UnitQty>
      <Quantity>1.00</Quantity>
      <UnitOfMeasure>ק"ג</UnitOfMeasure>
      <bIsWeighted>1</bIsWeighted>
      <QtyInPackage>לא ידוע</QtyInPackage>
      <ItemPrice>3.90</ItemPrice>
      <UnitOfMeasurePrice>3.9000</UnitOfMeasurePrice>
      <AllowDiscount>1</AllowDiscount>
      <ItemStatus>1</ItemStatus>
      <ItemId>221930</ItemId>
    </Item>
    <Item>
      <PriceUpdateDate>2015-01-01 00:00:00</PriceUpdateDate>
      <ItemCode>8837866</ItemCode>
      <ItemType>0</ItemType>
      <ItemName>מיץ ענבים הלל 1 ליטר</ItemName>
      <ManufacturerName>,</ManufacturerName>
      <ManufactureCountry>לא ידוע</ManufactureCountry>
      <ManufacturerItemDescription>מיץ ענבים הלל 1 ליטר</ManufacturerItemDescription>
      <UnitQty>ליטרים</UnitQty>
      <Quantity>750.00</Quantity>
      <UnitOfMeasure>ליטר    </UnitOfMeasure>
      <bIsWeighted>0</bIsWeighted>
      <QtyInPackage>1</QtyInPackage>
      <ItemPrice>15.90</ItemPrice>
      <UnitOfMeasurePrice>0.0212</UnitOfMeasurePrice>
      <AllowDiscount>1</AllowDiscount>
      <ItemStatus>1</ItemStatus>
      <ItemId>244576</ItemId>
    </Item>
    <Item>
      <PriceUpdateDate>2015-01-01 00:00:00</PriceUpdateDate>
      <ItemCode>144467</ItemCode>
      <ItemType>0</ItemType>
      <ItemName>שמן חמניות עץ הזית 1</ItemName>
      <ManufacturerName>שמן תעשיות</ManufacturerName>
      <ManufactureCountry>לא ידוע</ManufactureCountry>
      <ManufacturerItemDescription>שמן חמניות עץ הזית 1 ליטר בריאות</ManufacturerItemDescription>
      <UnitQty>ליטרים</UnitQty>
      <Quantity>1.00</Quantity>
      <UnitOfMeasure>ליטר    </UnitOfMeasure>
      <bIsWeighted>0</bIsWeighted>
      <QtyInPackage>1</QtyInPackage>
      <ItemPrice>12.90</ItemPrice>
      <UnitOfMeasurePrice>12.9000</UnitOfMeasurePrice>
      <AllowDiscount>1</AllowDiscount>
      <ItemStatus>1</ItemStatus>
      <ItemId>221935</ItemId>
    </Item>
    <Item>
      <PriceUpdateDate>2015-01-01 00:00:00</PriceUpdateDate>
      <ItemCode>144474</ItemCode>
      <ItemType>0</ItemType>
      <ItemName>שמן קנולה עץ הזית 1</ItemName>
      <ManufacturerName>שמן תעשיות</ManufacturerName>
      <ManufactureCountry>לא ידוע</ManufactureCountry>
      <ManufacturerItemDescription>שמן קנולה עץ הזית 1 ליטר בריאות</ManufacturerItemDescription>
      <UnitQty>ליטרים</UnitQty>
      <Quantity>1.00</Quantity>
      <UnitOfMeasure>ליטר    </UnitOfMeasure>
      <bIsWeighted>0</bIsWeighted>
      <QtyInPackage>1</QtyInPackage>
      <ItemPrice>12.90</ItemPrice>
      <UnitOfMeasurePrice>12.9000</UnitOfMeasurePrice>
      <AllowDiscount>1</AllowDiscount>
      <ItemStatus>1</ItemStatus>
      <ItemId>221936</ItemId>
    </Item>
    <Item>
      <PriceUpdateDate>2015-01-01 00:00:00</PriceUpdateDate>
      <ItemCode>1462010</ItemCode>
      <ItemType>0</ItemType>
      <ItemName>אריסה מרוקאית 250 גר</ItemName>
      <ManufacturerName>גייקובס</ManufacturerName>
      <ManufactureCountry>לא ידוע</ManufactureCountry>
      <ManufacturerItemDescription>אריסה מרוקאית 250 גרם</ManufacturerItemDescription>
      <UnitQty>גרמים</UnitQty>
      <Quantity>250.00</Quantity>
      <UnitOfMeasure>100 גרם</UnitOfMeasure>
      <bIsWeighted>0</bIsWeighted>
      <QtyInPackage>1</QtyInPackage>
      <ItemPrice>13.50</ItemPrice>
      <UnitOfMeasurePrice>5.4000</UnitOfMeasurePrice>
      <AllowDiscount>1</AllowDiscount>
      <ItemStatus>1</ItemStatus>
      <ItemId>221939</ItemId>
    </Item>
    <Item>
      <PriceUpdateDate>2015-01-01 00:00:00</PriceUpdateDate>
      <ItemCode>1482506</ItemCode>
      <ItemType>0</ItemType>
      <ItemName>חומץ בלסמי 500 מ"ל</ItemName>
      <ManufacturerName>אצטום</ManufacturerName>
      <ManufactureCountry>איטליה</ManufactureCountry>
      <ManufacturerItemDescription>חומץ בלסמי 500 מל</ManufacturerItemDescription>
      <UnitQty>מיליליטרים</UnitQty>
      <Quantity>500.00</Quantity>
      <UnitOfMeasure>100 מ"ל</UnitOfMeasure>
      <bIsWeighted>0</bIsWeighted>
      <QtyInPackage>1</QtyInPackage>
      <ItemPrice>14.90</ItemPrice>
      <UnitOfMeasurePrice>2.9800</UnitOfMeasurePrice>
      <AllowDiscount>1</AllowDiscount>
      <ItemStatus>1</ItemStatus>
      <ItemId>221944</ItemId>
    </Item>
    <Item>
      <PriceUpdateDate>2015-01-01 00:00:00</PriceUpdateDate>
      <ItemCode>1485019</ItemCode>
      <ItemType>0</ItemType>
      <ItemName>גבינת שמנת טבעי 5%</ItemName>
      <ManufacturerName>טרה</ManufacturerName>
      <ManufactureCountry>לא ידוע</ManufactureCountry>
      <ManufacturerItemDescription>גבינת שמנת טבעי 5% 200 גרם</ManufacturerItemDescription>
      <UnitQty>גרמים</UnitQty>
      <Quantity>200.00</Quantity>
      <UnitOfMeasure>100 גרם</UnitOfMeasure>
      <bIsWeighted>0</bIsWeighted>
      <QtyInPackage>1</QtyInPackage>
      <ItemPrice>10.80</ItemPrice>
      <UnitOfMeasurePrice>5.4000</UnitOfMeasurePrice>
      <AllowDiscount>1</AllowDiscount>
      <ItemStatus>1</ItemStatus>
      <ItemId>221946</ItemId>
    </Item>
    <Item>
      <PriceUpdateDate>2015-01-01 00:00:00</PriceUpdateDate>
      <ItemCode>1485026</ItemCode>
      <ItemType>0</ItemType>
      <ItemName>גבינת שמנת עם זיתים</ItemName>
      <ManufacturerName>טרה</ManufacturerName>
      <ManufactureCountry>לא ידוע</ManufactureCountry>
      <ManufacturerItemDescription>גבינת שמנת עם זיתים 9% 200 גרם</ManufacturerItemDescription>
      <UnitQty>גרמים</UnitQty>
      <Quantity>200.00</Quantity>
      <UnitOfMeasure>100 גרם</UnitOfMeasure>
      <bIsWeighted>0</bIsWeighted>
      <QtyInPackage>1</QtyInPackage>
      <ItemPrice>10.80</ItemPrice>
      <UnitOfMeasurePrice>5.4000</UnitOfMeasurePrice>
      <AllowDiscount>1</AllowDiscount>
      <ItemStatus>1</ItemStatus>
      <ItemId>221947</ItemId>
    </Item>
    <Item>
      <PriceUpdateDate>2015-01-01 00:00:00</PriceUpdateDate>
      <ItemCode>7290014325562</ItemCode>
      <ItemType>0</ItemType>
      <ItemName>פופקורן 1.4 ק"ג</ItemName>
      <ManufacturerName>,</ManufacturerName>
      <ManufactureCountry>לא ידוע</ManufactureCountry>
      <ManufacturerItemDescription>פופקורן 1.4 ק"ג</ManufacturerItemDescription>
      <UnitQty>קילוגרמים</UnitQty>
      <Quantity>1.40</Quantity>
      <UnitOfMeasure>ק"ג     </UnitOfMeasure>
      <bIsWeighted>0</bIsWeighted>
      <QtyInPackage>1</QtyInPackage>
      <ItemPrice>13.90</ItemPrice>
      <UnitOfMeasurePrice>9.9286</UnitOfMeasurePrice>
      <AllowDiscount>1</AllowDiscount>
      <ItemStatus>1</ItemStatus>
      <ItemId>248950</ItemId>
    </Item>
    <Item>
      <PriceUpdateDate>2015-01-01 00:00:00</PriceUpdateDate>
      <ItemCode>1491096</ItemCode>
      <ItemType>0</ItemType>
      <ItemName>תה ירוק לימון לואיזה</ItemName>
      <ManufacturerName>ויסוצקי</ManufacturerName>
      <ManufactureCountry>ישראל</ManufactureCountry>
      <ManufacturerItemDescription>תה ירוק לימון לואיזה 50 שק</ManufacturerItemDescription>
      <UnitQty>גרמים</UnitQty>
      <Quantity>75.00</Quantity>
      <UnitOfMeasure>100 גרם</UnitOfMeasure>
      <bIsWeighted>0</bIsWeighted>
      <QtyInPackage>1</QtyInPackage>
      <ItemPrice>33.80</ItemPrice>
      <UnitOfMeasurePrice>45.0667</UnitOfMeasurePrice>
      <AllowDiscount>1</AllowDiscount>
      <ItemStatus>1</ItemStatus>
      <ItemId>221955</ItemId>
    </Item>
    <Item>
      <PriceUpdateDate>2015-01-01 00:00:00</PriceUpdateDate>
      <ItemCode>149615</ItemCode>
      <ItemType>0</ItemType>
      <ItemName>סבון נקה 7 לתינוק 4*</ItemName>
      <ManufacturerName>גליל כימיקלים בעמ</ManufacturerName>
      <ManufactureCountry>לא ידוע</ManufactureCountry>
      <ManufacturerItemDescription>סבון נקה 7 לתינוק 4*100 גרם</ManufacturerItemDescription>
      <UnitQty>גרמים</UnitQty>
      <Quantity>400.00</Quantity>
      <UnitOfMeasure>100 גרם</UnitOfMeasure>
      <bIsWeighted>0</bIsWeighted>
      <QtyInPackage>1</QtyInPackage>
      <ItemPrice>9.90</ItemPrice>
      <UnitOfMeasurePrice>2.4750</UnitOfMeasurePrice>
      <AllowDiscount>1</AllowDiscount>
      <ItemStatus>1</ItemStatus>
      <ItemId>221957</ItemId>
    </Item>
    <Item>
      <PriceUpdateDate>2015-01-01 00:00:00</PriceUpdateDate>
      <ItemCode>149851</ItemCode>
      <ItemType>0</ItemType>
      <ItemName>סינטבון כפול לנקיון</ItemName>
      <ManufacturerName>סנו</ManufacturerName>
      <ManufactureCountry>לא ידוע</ManufactureCountry>
      <ManufacturerItemDescription>סינטבון כפול לנקיון 460 גרם</ManufacturerItemDescription>
      <UnitQty>גרמים</UnitQty>
      <Quantity>460.00</Quantity>
      <UnitOfMeasure>100 גרם</UnitOfMeasure>
      <bIsWeighted>0</bIsWeighted>
      <QtyInPackage>1</QtyInPackage>
      <ItemPrice>9.70</ItemPrice>
      <UnitOfMeasurePrice>2.1087</UnitOfMeasurePrice>
      <AllowDiscount>1</AllowDiscount>
      <ItemStatus>1</ItemStatus>
      <ItemId>221958</ItemId>
    </Item>
    <Item>
      <PriceUpdateDate>2015-01-01 00:00:00</PriceUpdateDate>
      <ItemCode>149905</ItemCode>
      <ItemType>0</ItemType>
      <ItemName>טקסטיל שמפו נוזלי 1</ItemName>
      <ManufacturerName>סנו</ManufacturerName>
      <ManufactureCountry>לא ידוע</ManufactureCountry>
      <ManufacturerItemDescription>טקסטיל שמפו נוזלי 1 ליטר</ManufacturerItemDescription>
      <UnitQty>ליטרים</UnitQty>
      <Quantity>1.00</Quantity>
      <UnitOfMeasure>ליטר    </UnitOfMeasure>
      <bIsWeighted>0</bIsWeighted>
      <QtyInPackage>1</QtyInPackage>
      <ItemPrice>12.90</ItemPrice>
      <UnitOfMeasurePrice>12.9000</UnitOfMeasurePrice>
      <AllowDiscount>1</AllowDiscount>
      <ItemStatus>1</ItemStatus>
      <ItemId>221959</ItemId>
    </Item>
    <Item>
      <PriceUpdateDate>2016-05-19 08:10:28</PriceUpdateDate>
      <ItemCode>9001501</ItemCode>
      <ItemType>0</ItemType>
      <ItemName>פלפל אדום</ItemName>
      <ManufacturerName>,</ManufacturerName>
      <ManufactureCountry>לא ידוע</ManufactureCountry>
      <ManufacturerItemDescription>פלפל אדום</ManufacturerItemDescription>
      <UnitQty>קילוגרמים</UnitQty>
      <Quantity>1.00</Quantity>
      <UnitOfMeasure>ק"ג</UnitOfMeasure>
      <bIsWeighted>1</bIsWeighted>
      <QtyInPackage>לא ידוע</QtyInPackage>
      <ItemPrice>6.90</ItemPrice>
      <UnitOfMeasurePrice>6.9000</UnitOfMeasurePrice>
      <AllowDiscount>1</AllowDiscount>
      <ItemStatus>1</ItemStatus>
      <ItemId>221961</ItemId>
    </Item>
    <Item>
      <PriceUpdateDate>2016-05-19 08:10:36</PriceUpdateDate>
      <ItemCode>9001518</ItemCode>
      <ItemType>0</ItemType>
      <ItemName>פלפל בהיר</ItemName>
      <ManufacturerName>,</ManufacturerName>
      <ManufactureCountry>לא ידוע</ManufactureCountry>
      <ManufacturerItemDescription>פלפל בהיר</ManufacturerItemDescription>
      <UnitQty>קילוגרמים</UnitQty>
      <Quantity>1.00</Quantity>
      <UnitOfMeasure>ק"ג</UnitOfMeasure>
      <bIsWeighted>1</bIsWeighted>
      <QtyInPackage>לא ידוע</QtyInPackage>
      <ItemPrice>5.90</ItemPrice>
      <UnitOfMeasurePrice>5.9000</UnitOfMeasurePrice>
      <AllowDiscount>1</AllowDiscount>
      <ItemStatus>1</ItemStatus>
      <ItemId>221962</ItemId>
    </Item>
    <Item>
      <PriceUpdateDate>2015-11-23 08:24:16</PriceUpdateDate>
      <ItemCode>9001525</ItemCode>
      <ItemType>0</ItemType>
      <ItemName>פלפל חריף</ItemName>
      <ManufacturerName>,</ManufacturerName>
      <ManufactureCountry>לא ידוע</ManufactureCountry>
      <ManufacturerItemDescription>פלפל חריף</ManufacturerItemDescription>
      <UnitQty>קילוגרמים</UnitQty>
      <Quantity>1.00</Quantity>
      <UnitOfMeasure>ק"ג</UnitOfMeasure>
      <bIsWeighted>1</bIsWeighted>
      <QtyInPackage>לא ידוע</QtyInPackage>
      <ItemPrice>5.90</ItemPrice>
      <UnitOfMeasurePrice>5.9000</UnitOfMeasurePrice>
      <AllowDiscount>1</AllowDiscount>
      <ItemStatus>1</ItemStatus>
      <ItemId>221963</ItemId>
    </Item>
    <Item>
      <PriceUpdateDate>2015-01-01 00:00:00</PriceUpdateDate>
      <ItemCode>152462</ItemCode>
      <ItemType>0</ItemType>
      <ItemName>נקניק סלמי 700 גרם ר</ItemName>
      <ManufacturerName>עוף טוב</ManufacturerName>
      <ManufactureCountry>ישראל</ManufactureCountry>
      <ManufacturerItemDescription>נקניק סלמי 700 גרם רובין</ManufacturerItemDescription>
      <UnitQty>גרמים</UnitQty>
      <Quantity>700.00</Quantity>
      <UnitOfMeasure>100 גרם</UnitOfMeasure>
      <bIsWeighted>0</bIsWeighted>
      <QtyInPackage>1</QtyInPackage>
      <ItemPrice>24.90</ItemPrice>
      <UnitOfMeasurePrice>3.5571</UnitOfMeasurePrice>
      <AllowDiscount>1</AllowDiscount>
      <ItemStatus>1</ItemStatus>
      <ItemId>221964</ItemId>
    </Item>
    <Item>
      <PriceUpdateDate>2015-01-01 00:00:00</PriceUpdateDate>
      <ItemCode>9001532</ItemCode>
      <ItemType>0</ItemType>
      <ItemName>פלפל חריף אדום</ItemName>
      <ManufacturerName>,</ManufacturerName>
      <ManufactureCountry>לא ידוע</ManufactureCountry>
      <ManufacturerItemDescription>פלפל חריף אדום</ManufacturerItemDescription>
      <UnitQty>קילוגרמים</UnitQty>
      <Quantity>1.00</Quantity>
      <UnitOfMeasure>ק"ג</UnitOfMeasure>
      <bIsWeighted>1</bIsWeighted>
      <QtyInPackage>לא ידוע</QtyInPackage>
      <ItemPrice>8.90</ItemPrice>
      <UnitOfMeasurePrice>8.9000</UnitOfMeasurePrice>
      <AllowDiscount>1</AllowDiscount>
      <ItemStatus>1</ItemStatus>
      <ItemId>221965</ItemId>
    </Item>
    <Item>
      <PriceUpdateDate>2016-03-01 10:32:45</PriceUpdateDate>
      <ItemCode>9001549</ItemCode>
      <ItemType>0</ItemType>
      <ItemName>פלפל כהה</ItemName>
      <ManufacturerName>,</ManufacturerName>
      <ManufactureCountry>לא ידוע</ManufactureCountry>
      <ManufacturerItemDescription>פלפל כהה</ManufacturerItemDescription>
      <UnitQty>קילוגרמים</UnitQty>
      <Quantity>1.00</Quantity>
      <UnitOfMeasure>ק"ג</UnitOfMeasure>
      <bIsWeighted>1</bIsWeighted>
      <QtyInPackage>לא ידוע</QtyInPackage>
      <ItemPrice>5.90</ItemPrice>
      <UnitOfMeasurePrice>5.9000</UnitOfMeasurePrice>
      <AllowDiscount>1</AllowDiscount>
      <ItemStatus>1</ItemStatus>
      <ItemId>221966</ItemId>
    </Item>
    <Item>
      <PriceUpdateDate>2016-05-19 08:10:43</PriceUpdateDate>
      <ItemCode>9001556</ItemCode>
      <ItemType>0</ItemType>
      <ItemName>פלפל כתום</ItemName>
      <ManufacturerName>,</ManufacturerName>
      <ManufactureCountry>לא ידוע</ManufactureCountry>
      <ManufacturerItemDescription>פלפל כתום</ManufacturerItemDescription>
      <UnitQty>קילוגרמים</UnitQty>
      <Quantity>1.00</Quantity>
      <UnitOfMeasure>ק"ג</UnitOfMeasure>
      <bIsWeighted>1</bIsWeighted>
      <QtyInPackage>לא ידוע</QtyInPackage>
      <ItemPrice>6.90</ItemPrice>
      <UnitOfMeasurePrice>6.9000</UnitOfMeasurePrice>
      <AllowDiscount>1</AllowDiscount>
      <ItemStatus>1</ItemStatus>
      <ItemId>221967</ItemId>
    </Item>
    <Item>
      <PriceUpdateDate>2015-01-01 00:00:00</PriceUpdateDate>
      <ItemCode>155814</ItemCode>
      <ItemType>0</ItemType>
      <ItemName>פסטרמה ברביקיו 300 ג</ItemName>
      <ManufacturerName>עוף טוב</ManufacturerName>
      <ManufactureCountry>לא ידוע</ManufactureCountry>
      <ManufacturerItemDescription>פסטרמה ברביקיו 300 גרם רובין</ManufacturerItemDescription>
      <UnitQty>גרמים</UnitQty>
      <Quantity>300.00</Quantity>
      <UnitOfMeasure>100 גרם</UnitOfMeasure>
      <bIsWeighted>0</bIsWeighted>
      <QtyInPackage>1</QtyInPackage>
      <ItemPrice>15.90</ItemPrice>
      <UnitOfMeasurePrice>5.3000</UnitOfMeasurePrice>
      <AllowDiscount>1</AllowDiscount>
      <ItemStatus>1</ItemStatus>
      <ItemId>221968</ItemId>
    </Item>
    <Item>
      <PriceUpdateDate>2015-01-01 00:00:00</PriceUpdateDate>
      <ItemCode>155821</ItemCode>
      <ItemType>0</ItemType>
      <ItemName>פסטרמה מעושנת מהדרין</ItemName>
      <ManufacturerName>עוף טוב</ManufacturerName>
      <ManufactureCountry>ישראל</ManufactureCountry>
      <ManufacturerItemDescription>פסטרמה מעושנת מהדרין 300 גרם רובין</ManufacturerItemDescription>
      <UnitQty>גרמים</UnitQty>
      <Quantity>300.00</Quantity>
      <UnitOfMeasure>100 גרם</UnitOfMeasure>
      <bIsWeighted>0</bIsWeighted>
      <QtyInPackage>1</QtyInPackage>
      <ItemPrice>15.90</ItemPrice>
      <UnitOfMeasurePrice>5.3000</UnitOfMeasurePrice>
      <AllowDiscount>1</AllowDiscount>
      <ItemStatus>1</ItemStatus>
      <ItemId>221969</ItemId>
    </Item>
    <Item>
      <PriceUpdateDate>2015-01-01 00:00:00</PriceUpdateDate>
      <ItemCode>156729</ItemCode>
      <ItemType>0</ItemType>
      <ItemName>מארז פסטרמה + סלמי</ItemName>
      <ManufacturerName>עוף טוב</ManufacturerName>
      <ManufactureCountry>ישראל</ManufactureCountry>
      <ManufacturerItemDescription>מארז פסטרמה + סלמי 600 גרם רובין</ManufacturerItemDescription>
      <UnitQty>גרמים</UnitQty>
      <Quantity>600.00</Quantity>
      <UnitOfMeasure>100 גרם</UnitOfMeasure>
      <bIsWeighted>0</bIsWeighted>
      <QtyInPackage>1</QtyInPackage>
      <ItemPrice>19.90</ItemPrice>
      <UnitOfMeasurePrice>3.3167</UnitOfMeasurePrice>
      <AllowDiscount>1</AllowDiscount>
      <ItemStatus>1</ItemStatus>
      <ItemId>221972</ItemId>
    </Item>
    <Item>
      <PriceUpdateDate>2016-05-19 08:10:50</PriceUpdateDate>
      <ItemCode>9001570</ItemCode>
      <ItemType>0</ItemType>
      <ItemName>פלפל צהוב</ItemName>
      <ManufacturerName>,</ManufacturerName>
      <ManufactureCountry>לא ידוע</ManufactureCountry>
      <ManufacturerItemDescription>פלפל צהוב</ManufacturerItemDescription>
      <UnitQty>קילוגרמים</UnitQty>
      <Quantity>1.00</Quantity>
      <UnitOfMeasure>ק"ג</UnitOfMeasure>
      <bIsWeighted>1</bIsWeighted>
      <QtyInPackage>לא ידוע</QtyInPackage>
      <ItemPrice>6.90</ItemPrice>
      <UnitOfMeasurePrice>6.9000</UnitOfMeasurePrice>
      <AllowDiscount>1</AllowDiscount>
      <ItemStatus>1</ItemStatus>
      <ItemId>221974</ItemId>
    </Item>
    <Item>
      <PriceUpdateDate>2016-02-10 16:01:43</PriceUpdateDate>
      <ItemCode>9001594</ItemCode>
      <ItemType>0</ItemType>
      <ItemName>פלפל שושקה</ItemName>
      <ManufacturerName>,</ManufacturerName>
      <ManufactureCountry>לא ידוע</ManufactureCountry>
      <ManufacturerItemDescription>פלפל שושקה</ManufacturerItemDescription>
      <UnitQty>קילוגרמים</UnitQty>
      <Quantity>1.00</Quantity>
      <UnitOfMeasure>ק"ג</UnitOfMeasure>
      <bIsWeighted>1</bIsWeighted>
      <QtyInPackage>לא ידוע</QtyInPackage>
      <ItemPrice>6.90</ItemPrice>
      <UnitOfMeasurePrice>6.9000</UnitOfMeasurePrice>
      <AllowDiscount>1</AllowDiscount>
      <ItemStatus>1</ItemStatus>
      <ItemId>221976</ItemId>
    </Item>
    <Item>
      <PriceUpdateDate>2015-01-01 00:00:00</PriceUpdateDate>
      <ItemCode>901107</ItemCode>
      <ItemType>0</ItemType>
      <ItemName>מיחזור אריזה זכוכית</ItemName>
      <ManufacturerName>,</ManufacturerName>
      <ManufactureCountry>לא ידוע</ManufactureCountry>
      <ManufacturerItemDescription>מיחזור אריזה זכוכית שישייה</ManufacturerItemDescription>
      <UnitQty>Unknown </UnitQty>
      <Quantity>0.00</Quantity>
      <UnitOfMeasure>Unknown </UnitOfMeasure>
      <bIsWeighted>0</bIsWeighted>
      <QtyInPackage>1</QtyInPackage>
      <ItemPrice>1.80</ItemPrice>
      <UnitOfMeasurePrice>0.0000</UnitOfMeasurePrice>
      <AllowDiscount>1</AllowDiscount>
      <ItemStatus>1</ItemStatus>
      <ItemId>221978</ItemId>
    </Item>
    <Item>
      <PriceUpdateDate>2015-09-09 15:21:10</PriceUpdateDate>
      <ItemCode>1594858</ItemCode>
      <ItemType>0</ItemType>
      <ItemName>בירה טובורג רד בק 6*</ItemName>
      <ManufacturerName>קרלסברג ישראל</ManufacturerName>
      <ManufactureCountry>לא ידוע</ManufactureCountry>
      <ManufacturerItemDescription>בירה טובורג רד בק 6*330 מ"ל 5.20% אלכוהו</ManufacturerItemDescription>
      <UnitQty>ליטרים</UnitQty>
      <Quantity>1.98</Quantity>
      <UnitOfMeasure>ליטר    </UnitOfMeasure>
      <bIsWeighted>0</bIsWeighted>
      <QtyInPackage>1</QtyInPackage>
      <ItemPrice>29.90</ItemPrice>
      <UnitOfMeasurePrice>15.1010</UnitOfMeasurePrice>
      <AllowDiscount>1</AllowDiscount>
      <ItemStatus>1</ItemStatus>
      <ItemId>221980</ItemId>
    </Item>
    <Item>
      <PriceUpdateDate>2015-05-10 14:05:49</PriceUpdateDate>
      <ItemCode>7290014397835</ItemCode>
      <ItemType>0</ItemType>
      <ItemName>מכשיר סנומט דוחה יתו</ItemName>
      <ManufacturerName>זובאלה</ManufacturerName>
      <ManufactureCountry>לא ידוע</ManufactureCountry>
      <ManufacturerItemDescription>מכשיר סנומט דוחה יתושים 45 לילות SMART</ManufacturerItemDescription>
      <UnitQty>Unknown </UnitQty>
      <Quantity>0.00</Quantity>
      <UnitOfMeasure>Unknown </UnitOfMeasure>
      <bIsWeighted>0</bIsWeighted>
      <QtyInPackage>1</QtyInPackage>
      <ItemPrice>35.90</ItemPrice>
      <UnitOfMeasurePrice>0.0000</UnitOfMeasurePrice>
      <AllowDiscount>1</AllowDiscount>
      <ItemStatus>1</ItemStatus>
      <ItemId>250388</ItemId>
    </Item>
    <Item>
      <PriceUpdateDate>2015-09-09 15:21:10</PriceUpdateDate>
      <ItemCode>1594865</ItemCode>
      <ItemType>0</ItemType>
      <ItemName>בירה קרלסברג בקבוק 6</ItemName>
      <ManufacturerName>קרלסברג ישראל</ManufacturerName>
      <ManufactureCountry>לא ידוע</ManufactureCountry>
      <ManufacturerItemDescription>בירה קרלסברג בק 6*330 מ"ל 5% אלכוהול</ManufacturerItemDescription>
      <UnitQty>ליטרים</UnitQty>
      <Quantity>1.98</Quantity>
      <UnitOfMeasure>ליטר    </UnitOfMeasure>
      <bIsWeighted>0</bIsWeighted>
      <QtyInPackage>1</QtyInPackage>
      <ItemPrice>29.90</ItemPrice>
      <UnitOfMeasurePrice>15.1010</UnitOfMeasurePrice>
      <AllowDiscount>1</AllowDiscount>
      <ItemStatus>1</ItemStatus>
      <ItemId>221981</ItemId>
    </Item>
    <Item>
      <PriceUpdateDate>2015-01-01 00:00:00</PriceUpdateDate>
      <ItemCode>16000548404</ItemCode>
      <ItemType>0</ItemType>
      <ItemName>קראנצי חטיף גרנולה</ItemName>
      <ManufacturerName>גנרל מילס</ManufacturerName>
      <ManufactureCountry>ספרד</ManufactureCountry>
      <ManufacturerItemDescription>קראנצי חטיף גרנולה 5*35 גרם</ManufacturerItemDescription>
      <UnitQty>גרמים</UnitQty>
      <Quantity>210.00</Quantity>
      <UnitOfMeasure>100 גרם</UnitOfMeasure>
      <bIsWeighted>0</bIsWeighted>
      <QtyInPackage>5</QtyInPackage>
      <ItemPrice>18.90</ItemPrice>
      <UnitOfMeasurePrice>9.0000</UnitOfMeasurePrice>
      <AllowDiscount>1</AllowDiscount>
      <ItemStatus>1</ItemStatus>
      <ItemId>221983</ItemId>
    </Item>
    <Item>
      <PriceUpdateDate>2015-01-01 00:00:00</PriceUpdateDate>
      <ItemCode>16000548503</ItemCode>
      <ItemType>0</ItemType>
      <ItemName>קראנצי חטיף גרנולה</ItemName>
      <ManufacturerName>גנרל מילס</ManufacturerName>
      <ManufactureCountry>ספרד</ManufactureCountry>
      <ManufacturerItemDescription>קראנצי חטיף גרנולה 5*35 גרם</ManufacturerItemDescription>
      <UnitQty>גרמים</UnitQty>
      <Quantity>210.00</Quantity>
      <UnitOfMeasure>100 גרם</UnitOfMeasure>
      <bIsWeighted>0</bIsWeighted>
      <QtyInPackage>5</QtyInPackage>
      <ItemPrice>18.90</ItemPrice>
      <UnitOfMeasurePrice>9.0000</UnitOfMeasurePrice>
      <AllowDiscount>1</AllowDiscount>
      <ItemStatus>1</ItemStatus>
      <ItemId>221984</ItemId>
    </Item>
    <Item>
      <PriceUpdateDate>2015-01-01 00:00:00</PriceUpdateDate>
      <ItemCode>16000548602</ItemCode>
      <ItemType>0</ItemType>
      <ItemName>קראנצי חטיף גרנולה ק</ItemName>
      <ManufacturerName>גנרל מילס</ManufacturerName>
      <ManufactureCountry>ספרד</ManufactureCountry>
      <ManufacturerItemDescription>קראנצי חטיף גרנולה קלוי 5*42 גרם</ManufacturerItemDescription>
      <UnitQty>גרמים</UnitQty>
      <Quantity>210.00</Quantity>
      <UnitOfMeasure>100 גרם</UnitOfMeasure>
      <bIsWeighted>0</bIsWeighted>
      <QtyInPackage>5</QtyInPackage>
      <ItemPrice>18.90</ItemPrice>
      <UnitOfMeasurePrice>9.0000</UnitOfMeasurePrice>
      <AllowDiscount>1</AllowDiscount>
      <ItemStatus>1</ItemStatus>
      <ItemId>221985</ItemId>
    </Item>
    <Item>
      <PriceUpdateDate>2015-01-01 00:00:00</PriceUpdateDate>
      <ItemCode>161150</ItemCode>
      <ItemType>0</ItemType>
      <ItemName>גולדבנד גביע 250 גרם</ItemName>
      <ManufacturerName>יוניליוור</ManufacturerName>
      <ManufactureCountry>ישראל</ManufactureCountry>
      <ManufacturerItemDescription>גולדבנד גביע 250 גרם</ManufacturerItemDescription>
      <UnitQty>גרמים</UnitQty>
      <Quantity>250.00</Quantity>
      <UnitOfMeasure>100 גרם</UnitOfMeasure>
      <bIsWeighted>0</bIsWeighted>
      <QtyInPackage>1</QtyInPackage>
      <ItemPrice>8.90</ItemPrice>
      <UnitOfMeasurePrice>3.5600</UnitOfMeasurePrice>
      <AllowDiscount>1</AllowDiscount>
      <ItemStatus>1</ItemStatus>
      <ItemId>221988</ItemId>
    </Item>
    <Item>
      <PriceUpdateDate>2015-01-01 00:00:00</PriceUpdateDate>
      <ItemCode>161167</ItemCode>
      <ItemType>0</ItemType>
      <ItemName>מחמאה גביע 250 גרם</ItemName>
      <ManufacturerName>יוניליוור</ManufacturerName>
      <ManufactureCountry>ישראל</ManufactureCountry>
      <ManufacturerItemDescription>מחמאה גביע 250 גרם</ManufacturerItemDescription>
      <UnitQty>גרמים</UnitQty>
      <Quantity>250.00</Quantity>
      <UnitOfMeasure>100 גרם</UnitOfMeasure>
      <bIsWeighted>0</bIsWeighted>
      <QtyInPackage>1</QtyInPackage>
      <ItemPrice>8.90</ItemPrice>
      <UnitOfMeasurePrice>3.5600</UnitOfMeasurePrice>
      <AllowDiscount>1</AllowDiscount>
      <ItemStatus>1</ItemStatus>
      <ItemId>221989</ItemId>
    </Item>
    <Item>
      <PriceUpdateDate>2015-01-01 00:00:00</PriceUpdateDate>
      <ItemCode>161358</ItemCode>
      <ItemType>0</ItemType>
      <ItemName>מיונז משמן קנולה 500</ItemName>
      <ManufacturerName>יוניליוור</ManufacturerName>
      <ManufactureCountry>ישראל</ManufactureCountry>
      <ManufacturerItemDescription>מיונז משמן קנולה 500 גרם</ManufacturerItemDescription>
      <UnitQty>גרמים</UnitQty>
      <Quantity>500.00</Quantity>
      <UnitOfMeasure>100 גרם</UnitOfMeasure>
      <bIsWeighted>0</bIsWeighted>
      <QtyInPackage>1</QtyInPackage>
      <ItemPrice>13.90</ItemPrice>
      <UnitOfMeasurePrice>2.7800</UnitOfMeasurePrice>
      <AllowDiscount>1</AllowDiscount>
      <ItemStatus>1</ItemStatus>
      <ItemId>221990</ItemId>
    </Item>
    <Item>
      <PriceUpdateDate>2015-01-01 00:00:00</PriceUpdateDate>
      <ItemCode>4220037</ItemCode>
      <ItemType>0</ItemType>
      <ItemName>סטייק אנטריקוט 800 ג</ItemName>
      <ManufacturerName>,</ManufacturerName>
      <ManufactureCountry>לא ידוע</ManufactureCountry>
      <ManufacturerItemDescription>סטייק אנטריקוט 800 גרם עטרה</ManufacturerItemDescription>
      <UnitQty>גרמים</UnitQty>
      <Quantity>800.00</Quantity>
      <UnitOfMeasure>100 גרם</UnitOfMeasure>
      <bIsWeighted>0</bIsWeighted>
      <QtyInPackage>1</QtyInPackage>
      <ItemPrice>39.90</ItemPrice>
      <UnitOfMeasurePrice>4.9875</UnitOfMeasurePrice>
      <AllowDiscount>1</AllowDiscount>
      <ItemStatus>1</ItemStatus>
      <ItemId>246857</ItemId>
    </Item>
    <Item>
      <PriceUpdateDate>2015-01-01 00:00:00</PriceUpdateDate>
      <ItemCode>1670224</ItemCode>
      <ItemType>0</ItemType>
      <ItemName>מלית פרג 400 גרם</ItemName>
      <ManufacturerName>הנמל</ManufacturerName>
      <ManufactureCountry>ישראל</ManufactureCountry>
      <ManufacturerItemDescription>מלית פרג 400 גרם</ManufacturerItemDescription>
      <UnitQty>גרמים</UnitQty>
      <Quantity>400.00</Quantity>
      <UnitOfMeasure>100 גרם</UnitOfMeasure>
      <bIsWeighted>0</bIsWeighted>
      <QtyInPackage>1</QtyInPackage>
      <ItemPrice>9.90</ItemPrice>
      <UnitOfMeasurePrice>2.4750</UnitOfMeasurePrice>
      <AllowDiscount>1</AllowDiscount>
      <ItemStatus>1</ItemStatus>
      <ItemId>222023</ItemId>
    </Item>
    <Item>
      <PriceUpdateDate>2015-01-01 00:00:00</PriceUpdateDate>
      <ItemCode>7290014325234</ItemCode>
      <ItemType>0</ItemType>
      <ItemName>קוקוס 800 גרם לה בקר</ItemName>
      <ManufacturerName>מיה תעשיות מזון בעמ</ManufacturerName>
      <ManufactureCountry>ישראל</ManufactureCountry>
      <ManufacturerItemDescription>קוקוס 800 גרם לה בקרי</ManufacturerItemDescription>
      <UnitQty>גרמים</UnitQty>
      <Quantity>800.00</Quantity>
      <UnitOfMeasure>100 גרם</UnitOfMeasure>
      <bIsWeighted>0</bIsWeighted>
      <QtyInPackage>1</QtyInPackage>
      <ItemPrice>19.90</ItemPrice>
      <UnitOfMeasurePrice>2.4875</UnitOfMeasurePrice>
      <AllowDiscount>1</AllowDiscount>
      <ItemStatus>1</ItemStatus>
      <ItemId>246914</ItemId>
    </Item>
    <Item>
      <PriceUpdateDate>2016-03-08 11:15:55</PriceUpdateDate>
      <ItemCode>838948001663</ItemCode>
      <ItemType>0</ItemType>
      <ItemName>ממרח פסטו עגבניות וש</ItemName>
      <ManufacturerName>,</ManufacturerName>
      <ManufactureCountry>לא ידוע</ManufactureCountry>
      <ManufacturerItemDescription>ממרח פסטו עגבניות ושום 190 גרם</ManufacturerItemDescription>
      <UnitQty>גרמים</UnitQty>
      <Quantity>190.00</Quantity>
      <UnitOfMeasure>100 גרם</UnitOfMeasure>
      <bIsWeighted>0</bIsWeighted>
      <QtyInPackage>1</QtyInPackage>
      <ItemPrice>8.90</ItemPrice>
      <UnitOfMeasurePrice>4.6842</UnitOfMeasurePrice>
      <AllowDiscount>1</AllowDiscount>
      <ItemStatus>1</ItemStatus>
      <ItemId>253343</ItemId>
    </Item>
    <Item>
      <PriceUpdateDate>2015-01-01 00:00:00</PriceUpdateDate>
      <ItemCode>1670859</ItemCode>
      <ItemType>0</ItemType>
      <ItemName>מלית דובדבנים 400 גר</ItemName>
      <ManufacturerName>,</ManufacturerName>
      <ManufactureCountry>לא ידוע</ManufactureCountry>
      <ManufacturerItemDescription>מלית דובדבנים 400 גרם</ManufacturerItemDescription>
      <UnitQty>גרמים</UnitQty>
      <Quantity>400.00</Quantity>
      <UnitOfMeasure>100 גרם</UnitOfMeasure>
      <bIsWeighted>0</bIsWeighted>
      <QtyInPackage>1</QtyInPackage>
      <ItemPrice>9.90</ItemPrice>
      <UnitOfMeasurePrice>2.4750</UnitOfMeasurePrice>
      <AllowDiscount>1</AllowDiscount>
      <ItemStatus>1</ItemStatus>
      <ItemId>222034</ItemId>
    </Item>
    <Item>
      <PriceUpdateDate>2015-01-01 00:00:00</PriceUpdateDate>
      <ItemCode>1670873</ItemCode>
      <ItemType>0</ItemType>
      <ItemName>צלחות גדול עבות במיו</ItemName>
      <ManufacturerName>,</ManufacturerName>
      <ManufactureCountry>לא ידוע</ManufactureCountry>
      <ManufacturerItemDescription>צלחות גדול עבות במיוחד</ManufacturerItemDescription>
      <UnitQty>Unknown </UnitQty>
      <Quantity>0.00</Quantity>
      <UnitOfMeasure>Unknown </UnitOfMeasure>
      <bIsWeighted>0</bIsWeighted>
      <QtyInPackage>1</QtyInPackage>
      <ItemPrice>19.90</ItemPrice>
      <UnitOfMeasurePrice>0.0000</UnitOfMeasurePrice>
      <AllowDiscount>1</AllowDiscount>
      <ItemStatus>1</ItemStatus>
      <ItemId>222035</ItemId>
    </Item>
    <Item>
      <PriceUpdateDate>2016-05-19 08:10:59</PriceUpdateDate>
      <ItemCode>9001709</ItemCode>
      <ItemType>0</ItemType>
      <ItemName>קולורבי</ItemName>
      <ManufacturerName>,</ManufacturerName>
      <ManufactureCountry>לא ידוע</ManufactureCountry>
      <ManufacturerItemDescription>קולורבי</ManufacturerItemDescription>
      <UnitQty>קילוגרמים</UnitQty>
      <Quantity>1.00</Quantity>
      <UnitOfMeasure>ק"ג</UnitOfMeasure>
      <bIsWeighted>1</bIsWeighted>
      <QtyInPackage>לא ידוע</QtyInPackage>
      <ItemPrice>5.90</ItemPrice>
      <UnitOfMeasurePrice>5.9000</UnitOfMeasurePrice>
      <AllowDiscount>1</AllowDiscount>
      <ItemStatus>1</ItemStatus>
      <ItemId>222038</ItemId>
    </Item>
    <Item>
      <PriceUpdateDate>2015-01-01 00:00:00</PriceUpdateDate>
      <ItemCode>176093</ItemCode>
      <ItemType>0</ItemType>
      <ItemName>קפה טורקי אלדין 200</ItemName>
      <ManufacturerName>שטראוס</ManufacturerName>
      <ManufactureCountry>ישראל</ManufactureCountry>
      <ManufacturerItemDescription>קפה טורקי אלדין 200 גרם</ManufacturerItemDescription>
      <UnitQty>גרמים</UnitQty>
      <Quantity>200.00</Quantity>
      <UnitOfMeasure>100 גרם</UnitOfMeasure>
      <bIsWeighted>0</bIsWeighted>
      <QtyInPackage>1</QtyInPackage>
      <ItemPrice>18.60</ItemPrice>
      <UnitOfMeasurePrice>9.3000</UnitOfMeasurePrice>
      <AllowDiscount>1</AllowDiscount>
      <ItemStatus>1</ItemStatus>
      <ItemId>222042</ItemId>
    </Item>
    <Item>
      <PriceUpdateDate>2015-01-01 00:00:00</PriceUpdateDate>
      <ItemCode>176475</ItemCode>
      <ItemType>0</ItemType>
      <ItemName>קפה נמס האג נטול קפא</ItemName>
      <ManufacturerName>שטראוס</ManufacturerName>
      <ManufactureCountry>ישראל</ManufactureCountry>
      <ManufacturerItemDescription>קפה נמס האג נטול קפאין 200 גרם</ManufacturerItemDescription>
      <UnitQty>גרמים</UnitQty>
      <Quantity>200.00</Quantity>
      <UnitOfMeasure>100 גרם</UnitOfMeasure>
      <bIsWeighted>0</bIsWeighted>
      <QtyInPackage>1</QtyInPackage>
      <ItemPrice>35.90</ItemPrice>
      <UnitOfMeasurePrice>17.9500</UnitOfMeasurePrice>
      <AllowDiscount>1</AllowDiscount>
      <ItemStatus>1</ItemStatus>
      <ItemId>222046</ItemId>
    </Item>
    <Item>
      <PriceUpdateDate>2015-01-01 00:00:00</PriceUpdateDate>
      <ItemCode>177694</ItemCode>
      <ItemType>0</ItemType>
      <ItemName>קפה טורקי ואקום 200</ItemName>
      <ManufacturerName>שטראוס</ManufacturerName>
      <ManufactureCountry>ישראל</ManufactureCountry>
      <ManufacturerItemDescription>קפה טורקי ואקום 200 גרם</ManufacturerItemDescription>
      <UnitQty>גרמים</UnitQty>
      <Quantity>200.00</Quantity>
      <UnitOfMeasure>100 גרם</UnitOfMeasure>
      <bIsWeighted>0</bIsWeighted>
      <QtyInPackage>1</QtyInPackage>
      <ItemPrice>17.80</ItemPrice>
      <UnitOfMeasurePrice>8.9000</UnitOfMeasurePrice>
      <AllowDiscount>1</AllowDiscount>
      <ItemStatus>1</ItemStatus>
      <ItemId>222049</ItemId>
    </Item>
    <Item>
      <PriceUpdateDate>2015-01-01 00:00:00</PriceUpdateDate>
      <ItemCode>1779965</ItemCode>
      <ItemType>0</ItemType>
      <ItemName>מאגדת קרחוני ויטמינצ</ItemName>
      <ManufacturerName>גלידות נסטלה</ManufacturerName>
      <ManufactureCountry>ישראל</ManufactureCountry>
      <ManufacturerItemDescription>מאגדת קרחוני ויטמינציק 80X10 גרם</ManufacturerItemDescription>
      <UnitQty>גרמים</UnitQty>
      <Quantity>800.00</Quantity>
      <UnitOfMeasure>100 גרם</UnitOfMeasure>
      <bIsWeighted>0</bIsWeighted>
      <QtyInPackage>10</QtyInPackage>
      <ItemPrice>19.90</ItemPrice>
      <UnitOfMeasurePrice>2.4875</UnitOfMeasurePrice>
      <AllowDiscount>1</AllowDiscount>
      <ItemStatus>1</ItemStatus>
      <ItemId>222050</ItemId>
    </Item>
    <Item>
      <PriceUpdateDate>2015-01-01 00:00:00</PriceUpdateDate>
      <ItemCode>1791349</ItemCode>
      <ItemType>0</ItemType>
      <ItemName>אקונומיקה פסגה ריחני</ItemName>
      <ManufacturerName>סנו</ManufacturerName>
      <ManufactureCountry>לא ידוע</ManufactureCountry>
      <ManufacturerItemDescription>אקונומיקה פסגה ריחני 4 ליטר</ManufacturerItemDescription>
      <UnitQty>ליטרים</UnitQty>
      <Quantity>4.00</Quantity>
      <UnitOfMeasure>ליטר    </UnitOfMeasure>
      <bIsWeighted>0</bIsWeighted>
      <QtyInPackage>1</QtyInPackage>
      <ItemPrice>8.90</ItemPrice>
      <UnitOfMeasurePrice>2.2250</UnitOfMeasurePrice>
      <AllowDiscount>1</AllowDiscount>
      <ItemStatus>1</ItemStatus>
      <ItemId>222054</ItemId>
    </Item>
    <Item>
      <PriceUpdateDate>2016-05-23 08:20:21</PriceUpdateDate>
      <ItemCode>9001808</ItemCode>
      <ItemType>0</ItemType>
      <ItemName>קישואים</ItemName>
      <ManufacturerName>,</ManufacturerName>
      <ManufactureCountry>לא ידוע</ManufactureCountry>
      <ManufacturerItemDescription>קישואים</ManufacturerItemDescription>
      <UnitQty>קילוגרמים</UnitQty>
      <Quantity>1.00</Quantity>
      <UnitOfMeasure>ק"ג</UnitOfMeasure>
      <bIsWeighted>1</bIsWeighted>
      <QtyInPackage>לא ידוע</QtyInPackage>
      <ItemPrice>7.90</ItemPrice>
      <UnitOfMeasurePrice>7.9000</UnitOfMeasurePrice>
      <AllowDiscount>1</AllowDiscount>
      <ItemStatus>1</ItemStatus>
      <ItemId>222061</ItemId>
    </Item>
    <Item>
      <PriceUpdateDate>2016-05-19 08:11:15</PriceUpdateDate>
      <ItemCode>9001815</ItemCode>
      <ItemType>0</ItemType>
      <ItemName>קישוא עגול</ItemName>
      <ManufacturerName>,</ManufacturerName>
      <ManufactureCountry>לא ידוע</ManufactureCountry>
      <ManufacturerItemDescription>קישוא עגול</ManufacturerItemDescription>
      <UnitQty>קילוגרמים</UnitQty>
      <Quantity>1.00</Quantity>
      <UnitOfMeasure>ק"ג</UnitOfMeasure>
      <bIsWeighted>1</bIsWeighted>
      <QtyInPackage>לא ידוע</QtyInPackage>
      <ItemPrice>9.90</ItemPrice>
      <UnitOfMeasurePrice>9.9000</UnitOfMeasurePrice>
      <AllowDiscount>1</AllowDiscount>
      <ItemStatus>1</ItemStatus>
      <ItemId>222067</ItemId>
    </Item>
    <Item>
      <PriceUpdateDate>2015-06-30 12:13:29</PriceUpdateDate>
      <ItemCode>1813454</ItemCode>
      <ItemType>0</ItemType>
      <ItemName>עוגיות חיוכים חגיגה</ItemName>
      <ManufacturerName>אפיפית נצרת תעשיות ב</ManufacturerName>
      <ManufactureCountry>ישראל</ManufactureCountry>
      <ManufacturerItemDescription>עוגיות חיוכים חגיגה שוקו 900 גרם</ManufacturerItemDescription>
      <UnitQty>גרמים</UnitQty>
      <Quantity>900.00</Quantity>
      <UnitOfMeasure>100 גרם</UnitOfMeasure>
      <bIsWeighted>0</bIsWeighted>
      <QtyInPackage>1</QtyInPackage>
      <ItemPrice>19.90</ItemPrice>
      <UnitOfMeasurePrice>2.2111</UnitOfMeasurePrice>
      <AllowDiscount>1</AllowDiscount>
      <ItemStatus>1</ItemStatus>
      <ItemId>222068</ItemId>
    </Item>
    <Item>
      <PriceUpdateDate>2015-06-30 12:13:29</PriceUpdateDate>
      <ItemCode>1813478</ItemCode>
      <ItemType>0</ItemType>
      <ItemName>עוגיות חיוכים חגיגה</ItemName>
      <ManufacturerName>אפיפית נצרת תעשיות ב</ManufacturerName>
      <ManufactureCountry>ישראל</ManufactureCountry>
      <ManufacturerItemDescription>עוגיות חיוכים חגיגה וניל 900 גרם</ManufacturerItemDescription>
      <UnitQty>גרמים</UnitQty>
      <Quantity>900.00</Quantity>
      <UnitOfMeasure>100 גרם</UnitOfMeasure>
      <bIsWeighted>0</bIsWeighted>
      <QtyInPackage>1</QtyInPackage>
      <ItemPrice>19.90</ItemPrice>
      <UnitOfMeasurePrice>2.2111</UnitOfMeasurePrice>
      <AllowDiscount>1</AllowDiscount>
      <ItemStatus>1</ItemStatus>
      <ItemId>222069</ItemId>
    </Item>
    <Item>
      <PriceUpdateDate>2015-01-01 00:00:00</PriceUpdateDate>
      <ItemCode>1817063</ItemCode>
      <ItemType>0</ItemType>
      <ItemName>סוכריות טופי מזל ובר</ItemName>
      <ManufacturerName>שטראוס</ManufacturerName>
      <ManufactureCountry>ישראל</ManufactureCountry>
      <ManufacturerItemDescription>סוכריות טופי מזל וברכות 850 גרם</ManufacturerItemDescription>
      <UnitQty>גרמים</UnitQty>
      <Quantity>850.00</Quantity>
      <UnitOfMeasure>100 גרם</UnitOfMeasure>
      <bIsWeighted>0</bIsWeighted>
      <QtyInPackage>1</QtyInPackage>
      <ItemPrice>15.90</ItemPrice>
      <UnitOfMeasurePrice>1.8706</UnitOfMeasurePrice>
      <AllowDiscount>1</AllowDiscount>
      <ItemStatus>1</ItemStatus>
      <ItemId>222073</ItemId>
    </Item>
    <Item>
      <PriceUpdateDate>2015-01-01 00:00:00</PriceUpdateDate>
      <ItemCode>18176783207</ItemCode>
      <ItemType>0</ItemType>
      <ItemName>שוקולד מריר במילוי מ</ItemName>
      <ManufacturerName>,</ManufacturerName>
      <ManufactureCountry>לא ידוע</ManufactureCountry>
      <ManufacturerItemDescription>שוקולד מריר במילוי מוס 100 גרם</ManufacturerItemDescription>
      <UnitQty>גרמים</UnitQty>
      <Quantity>100.00</Quantity>
      <UnitOfMeasure>100 גרם</UnitOfMeasure>
      <bIsWeighted>0</bIsWeighted>
      <QtyInPackage>1</QtyInPackage>
      <ItemPrice>13.30</ItemPrice>
      <UnitOfMeasurePrice>13.3000</UnitOfMeasurePrice>
      <AllowDiscount>1</AllowDiscount>
      <ItemStatus>1</ItemStatus>
      <ItemId>222080</ItemId>
    </Item>
    <Item>
      <PriceUpdateDate>2015-01-01 00:00:00</PriceUpdateDate>
      <ItemCode>18176785508</ItemCode>
      <ItemType>0</ItemType>
      <ItemName>שוקולד טורינו 100 גר</ItemName>
      <ManufacturerName>,</ManufacturerName>
      <ManufactureCountry>לא ידוע</ManufactureCountry>
      <ManufacturerItemDescription>שוקולד טורינו 100 גרם</ManufacturerItemDescription>
      <UnitQty>גרמים</UnitQty>
      <Quantity>100.00</Quantity>
      <UnitOfMeasure>100 גרם</UnitOfMeasure>
      <bIsWeighted>0</bIsWeighted>
      <QtyInPackage>1</QtyInPackage>
      <ItemPrice>9.90</ItemPrice>
      <UnitOfMeasurePrice>9.9000</UnitOfMeasurePrice>
      <AllowDiscount>1</AllowDiscount>
      <ItemStatus>1</ItemStatus>
      <ItemId>222087</ItemId>
    </Item>
    <Item>
      <PriceUpdateDate>2015-01-01 00:00:00</PriceUpdateDate>
      <ItemCode>901046</ItemCode>
      <ItemType>0</ItemType>
      <ItemName>מיחזור אריזה זכוכית</ItemName>
      <ManufacturerName>,</ManufacturerName>
      <ManufactureCountry>לא ידוע</ManufactureCountry>
      <ManufacturerItemDescription>מיחזור אריזה זכוכית</ManufacturerItemDescription>
      <UnitQty>Unknown </UnitQty>
      <Quantity>0.00</Quantity>
      <UnitOfMeasure>Unknown </UnitOfMeasure>
      <bIsWeighted>0</bIsWeighted>
      <QtyInPackage>1</QtyInPackage>
      <ItemPrice>0.30</ItemPrice>
      <UnitOfMeasurePrice>0.0000</UnitOfMeasurePrice>
      <AllowDiscount>1</AllowDiscount>
      <ItemStatus>1</ItemStatus>
      <ItemId>222101</ItemId>
    </Item>
    <Item>
      <PriceUpdateDate>2016-02-18 19:22:29</PriceUpdateDate>
      <ItemCode>7290001820926</ItemCode>
      <ItemType>1</ItemType>
      <ItemName>ליקר שוקולד ביתי 700</ItemName>
      <ManufacturerName>,</ManufacturerName>
      <ManufactureCountry>לא ידוע</ManufactureCountry>
      <ManufacturerItemDescription>ליקר שוקולד ביתי 700 מ"ל</ManufacturerItemDescription>
      <UnitQty>מיליליטרים</UnitQty>
      <Quantity>700.00</Quantity>
      <UnitOfMeasure>100 מ"ל</UnitOfMeasure>
      <bIsWeighted>0</bIsWeighted>
      <QtyInPackage>1</QtyInPackage>
      <ItemPrice>49.90</ItemPrice>
      <UnitOfMeasurePrice>7.1286</UnitOfMeasurePrice>
      <AllowDiscount>1</AllowDiscount>
      <ItemStatus>1</ItemStatus>
      <ItemId>222102</ItemId>
    </Item>
    <Item>
      <PriceUpdateDate>2015-01-01 00:00:00</PriceUpdateDate>
      <ItemCode>1901045</ItemCode>
      <ItemType>0</ItemType>
      <ItemName>רולדה גפילטע פיש ירו</ItemName>
      <ManufacturerName>דג טעים בעמ</ManufacturerName>
      <ManufactureCountry>ישראל</ManufactureCountry>
      <ManufacturerItemDescription>רולדה גפילטע פיש ירושלמי 600 גרם</ManufacturerItemDescription>
      <UnitQty>גרמים</UnitQty>
      <Quantity>600.00</Quantity>
      <UnitOfMeasure>100 גרם</UnitOfMeasure>
      <bIsWeighted>0</bIsWeighted>
      <QtyInPackage>1</QtyInPackage>
      <ItemPrice>22.90</ItemPrice>
      <UnitOfMeasurePrice>3.8167</UnitOfMeasurePrice>
      <AllowDiscount>1</AllowDiscount>
      <ItemStatus>1</ItemStatus>
      <ItemId>222107</ItemId>
    </Item>
    <Item>
      <PriceUpdateDate>2015-01-01 00:00:00</PriceUpdateDate>
      <ItemCode>1901052</ItemCode>
      <ItemType>0</ItemType>
      <ItemName>רולדה גפילטע פיש הונ</ItemName>
      <ManufacturerName>דג טעים בעמ</ManufacturerName>
      <ManufactureCountry>ישראל</ManufactureCountry>
      <ManufacturerItemDescription>רולדה גפילטע פיש הונגרי 600 גרם</ManufacturerItemDescription>
      <UnitQty>גרמים</UnitQty>
      <Quantity>600.00</Quantity>
      <UnitOfMeasure>100 גרם</UnitOfMeasure>
      <bIsWeighted>0</bIsWeighted>
      <QtyInPackage>1</QtyInPackage>
      <ItemPrice>22.90</ItemPrice>
      <UnitOfMeasurePrice>3.8167</UnitOfMeasurePrice>
      <AllowDiscount>1</AllowDiscount>
      <ItemStatus>1</ItemStatus>
      <ItemId>222108</ItemId>
    </Item>
    <Item>
      <PriceUpdateDate>2016-05-19 08:11:39</PriceUpdateDate>
      <ItemCode>9001914</ItemCode>
      <ItemType>0</ItemType>
      <ItemName>שעועית ירוקה-קג</ItemName>
      <ManufacturerName>,</ManufacturerName>
      <ManufactureCountry>לא ידוע</ManufactureCountry>
      <ManufacturerItemDescription>שעועית ירוקה-קג</ManufacturerItemDescription>
      <UnitQty>קילוגרמים</UnitQty>
      <Quantity>1.00</Quantity>
      <UnitOfMeasure>ק"ג</UnitOfMeasure>
      <bIsWeighted>1</bIsWeighted>
      <QtyInPackage>לא ידוע</QtyInPackage>
      <ItemPrice>9.90</ItemPrice>
      <UnitOfMeasurePrice>9.9000</UnitOfMeasurePrice>
      <AllowDiscount>1</AllowDiscount>
      <ItemStatus>1</ItemStatus>
      <ItemId>222116</ItemId>
    </Item>
    <Item>
      <PriceUpdateDate>2015-01-01 00:00:00</PriceUpdateDate>
      <ItemCode>1946404</ItemCode>
      <ItemType>0</ItemType>
      <ItemName>שום כתוש 250 גרם</ItemName>
      <ManufacturerName>גייקובס</ManufacturerName>
      <ManufactureCountry>לא ידוע</ManufactureCountry>
      <ManufacturerItemDescription>שום כתוש 250 גרם</ManufacturerItemDescription>
      <UnitQty>גרמים</UnitQty>
      <Quantity>250.00</Quantity>
      <UnitOfMeasure>100 גרם</UnitOfMeasure>
      <bIsWeighted>0</bIsWeighted>
      <QtyInPackage>1</QtyInPackage>
      <ItemPrice>13.50</ItemPrice>
      <UnitOfMeasurePrice>5.4000</UnitOfMeasurePrice>
      <AllowDiscount>1</AllowDiscount>
      <ItemStatus>1</ItemStatus>
      <ItemId>222128</ItemId>
    </Item>
    <Item>
      <PriceUpdateDate>2015-01-01 00:00:00</PriceUpdateDate>
      <ItemCode>1990087</ItemCode>
      <ItemType>0</ItemType>
      <ItemName>סוכר גלאט פוד1 ק"ג</ItemName>
      <ManufacturerName>,</ManufacturerName>
      <ManufactureCountry>לא ידוע</ManufactureCountry>
      <ManufacturerItemDescription>סוכר גלאט פוד1 ק"ג</ManufacturerItemDescription>
      <UnitQty>קילוגרמים</UnitQty>
      <Quantity>1.00</Quantity>
      <UnitOfMeasure>ק"ג     </UnitOfMeasure>
      <bIsWeighted>0</bIsWeighted>
      <QtyInPackage>1</QtyInPackage>
      <ItemPrice>3.70</ItemPrice>
      <UnitOfMeasurePrice>3.7000</UnitOfMeasurePrice>
      <AllowDiscount>1</AllowDiscount>
      <ItemStatus>1</ItemStatus>
      <ItemId>222136</ItemId>
    </Item>
    <Item>
      <PriceUpdateDate>2015-01-01 00:00:00</PriceUpdateDate>
      <ItemCode>107677</ItemCode>
      <ItemType>0</ItemType>
      <ItemName>שעועית צהובה עדינה ש</ItemName>
      <ManufacturerName>סנפרוסט בעמ</ManufacturerName>
      <ManufactureCountry>לא ידוע</ManufactureCountry>
      <ManufacturerItemDescription>שעועית צהובה עדינה שלמה 600 גרם</ManufacturerItemDescription>
      <UnitQty>גרמים</UnitQty>
      <Quantity>600.00</Quantity>
      <UnitOfMeasure>100 גרם</UnitOfMeasure>
      <bIsWeighted>0</bIsWeighted>
      <QtyInPackage>1</QtyInPackage>
      <ItemPrice>21.90</ItemPrice>
      <UnitOfMeasurePrice>3.6500</UnitOfMeasurePrice>
      <AllowDiscount>1</AllowDiscount>
      <ItemStatus>1</ItemStatus>
      <ItemId>241334</ItemId>
    </Item>
    <Item>
      <PriceUpdateDate>2015-01-01 00:00:00</PriceUpdateDate>
      <ItemCode>1990094</ItemCode>
      <ItemType>0</ItemType>
      <ItemName>סוכר חום בצנצנת 1 ק</ItemName>
      <ManufacturerName>סוגת תעשיות בעמ</ManufacturerName>
      <ManufactureCountry>ישראל</ManufactureCountry>
      <ManufacturerItemDescription>סוכר חום בצנצנת 1 קג</ManufacturerItemDescription>
      <UnitQty>קילוגרמים</UnitQty>
      <Quantity>1.00</Quantity>
      <UnitOfMeasure>ק"ג     </UnitOfMeasure>
      <bIsWeighted>0</bIsWeighted>
      <QtyInPackage>1</QtyInPackage>
      <ItemPrice>11.90</ItemPrice>
      <UnitOfMeasurePrice>11.9000</UnitOfMeasurePrice>
      <AllowDiscount>1</AllowDiscount>
      <ItemStatus>1</ItemStatus>
      <ItemId>222137</ItemId>
    </Item>
    <Item>
      <PriceUpdateDate>2015-01-01 00:00:00</PriceUpdateDate>
      <ItemCode>1990322</ItemCode>
      <ItemType>0</ItemType>
      <ItemName>אורז רייס ריץ 5 קג</ItemName>
      <ManufacturerName>,</ManufacturerName>
      <ManufactureCountry>לא ידוע</ManufactureCountry>
      <ManufacturerItemDescription>אורז רייס ריץ 5 ק"ג</ManufacturerItemDescription>
      <UnitQty>קילוגרמים</UnitQty>
      <Quantity>5.00</Quantity>
      <UnitOfMeasure>ק"ג     </UnitOfMeasure>
      <bIsWeighted>0</bIsWeighted>
      <QtyInPackage>1</QtyInPackage>
      <ItemPrice>24.90</ItemPrice>
      <UnitOfMeasurePrice>4.9800</UnitOfMeasurePrice>
      <AllowDiscount>1</AllowDiscount>
      <ItemStatus>1</ItemStatus>
      <ItemId>222140</ItemId>
    </Item>
    <Item>
      <PriceUpdateDate>2015-01-01 00:00:00</PriceUpdateDate>
      <ItemCode>907208</ItemCode>
      <ItemType>0</ItemType>
      <ItemName>מיחזור אריזה זכוכית</ItemName>
      <ManufacturerName>,</ManufacturerName>
      <ManufactureCountry>לא ידוע</ManufactureCountry>
      <ManufacturerItemDescription>מיחזור אריזה זכוכית</ManufacturerItemDescription>
      <UnitQty>Unknown </UnitQty>
      <Quantity>0.00</Quantity>
      <UnitOfMeasure>Unknown </UnitOfMeasure>
      <bIsWeighted>0</bIsWeighted>
      <QtyInPackage>1</QtyInPackage>
      <ItemPrice>0.30</ItemPrice>
      <UnitOfMeasurePrice>0.0000</UnitOfMeasurePrice>
      <AllowDiscount>1</AllowDiscount>
      <ItemStatus>1</ItemStatus>
      <ItemId>252854</ItemId>
    </Item>
    <Item>
      <PriceUpdateDate>2016-05-19 08:09:42</PriceUpdateDate>
      <ItemCode>9000207</ItemCode>
      <ItemType>0</ItemType>
      <ItemName>מלפפונים</ItemName>
      <ManufacturerName>,</ManufacturerName>
      <ManufactureCountry>לא ידוע</ManufactureCountry>
      <ManufacturerItemDescription>מלפפונים</ManufacturerItemDescription>
      <UnitQty>קילוגרמים</UnitQty>
      <Quantity>1.00</Quantity>
      <UnitOfMeasure>ק"ג</UnitOfMeasure>
      <bIsWeighted>1</bIsWeighted>
      <QtyInPackage>לא ידוע</QtyInPackage>
      <ItemPrice>3.90</ItemPrice>
      <UnitOfMeasurePrice>3.9000</UnitOfMeasurePrice>
      <AllowDiscount>1</AllowDiscount>
      <ItemStatus>1</ItemStatus>
      <ItemId>222146</ItemId>
    </Item>
    <Item>
      <PriceUpdateDate>2016-05-19 08:11:53</PriceUpdateDate>
      <ItemCode>9002003</ItemCode>
      <ItemType>0</ItemType>
      <ItemName>תירס ק"ג</ItemName>
      <ManufacturerName>,</ManufacturerName>
      <ManufactureCountry>לא ידוע</ManufactureCountry>
      <ManufacturerItemDescription>תירס ק"ג</ManufacturerItemDescription>
      <UnitQty>קילוגרמים</UnitQty>
      <Quantity>1.00</Quantity>
      <UnitOfMeasure>ק"ג</UnitOfMeasure>
      <bIsWeighted>1</bIsWeighted>
      <QtyInPackage>לא ידוע</QtyInPackage>
      <ItemPrice>5.90</ItemPrice>
      <UnitOfMeasurePrice>5.9000</UnitOfMeasurePrice>
      <AllowDiscount>1</AllowDiscount>
      <ItemStatus>1</ItemStatus>
      <ItemId>222147</ItemId>
    </Item>
    <Item>
      <PriceUpdateDate>2015-07-16 11:50:50</PriceUpdateDate>
      <ItemCode>2391388</ItemCode>
      <ItemType>0</ItemType>
      <ItemName>רצועות לחמין</ItemName>
      <ManufacturerName>,</ManufacturerName>
      <ManufactureCountry>לא ידוע</ManufactureCountry>
      <ManufacturerItemDescription>רצועות לחמין</ManufacturerItemDescription>
      <UnitQty>קילוגרמים</UnitQty>
      <Quantity>1.00</Quantity>
      <UnitOfMeasure>ק"ג</UnitOfMeasure>
      <bIsWeighted>1</bIsWeighted>
      <QtyInPackage>לא ידוע</QtyInPackage>
      <ItemPrice>79.90</ItemPrice>
      <UnitOfMeasurePrice>79.9000</UnitOfMeasurePrice>
      <AllowDiscount>1</AllowDiscount>
      <ItemStatus>1</ItemStatus>
      <ItemId>264631</ItemId>
    </Item>
    <Item>
      <PriceUpdateDate>2015-01-01 00:00:00</PriceUpdateDate>
      <ItemCode>2007296</ItemCode>
      <ItemType>0</ItemType>
      <ItemName>צמר פלדה 350 גרם</ItemName>
      <ManufacturerName>,</ManufacturerName>
      <ManufactureCountry>לא ידוע</ManufactureCountry>
      <ManufacturerItemDescription>צמר פלדה 350 גרם</ManufacturerItemDescription>
      <UnitQty>גרמים</UnitQty>
      <Quantity>350.00</Quantity>
      <UnitOfMeasure>100 גרם</UnitOfMeasure>
      <bIsWeighted>0</bIsWeighted>
      <QtyInPackage>1</QtyInPackage>
      <ItemPrice>7.90</ItemPrice>
      <UnitOfMeasurePrice>2.2571</UnitOfMeasurePrice>
      <AllowDiscount>1</AllowDiscount>
      <ItemStatus>1</ItemStatus>
      <ItemId>222151</ItemId>
    </Item>
    <Item>
      <PriceUpdateDate>2015-01-01 00:00:00</PriceUpdateDate>
      <ItemCode>2007357</ItemCode>
      <ItemType>0</ItemType>
      <ItemName>שקיות לצליה דליקטס 1</ItemName>
      <ManufacturerName>הנמל</ManufacturerName>
      <ManufactureCountry>ישראל</ManufactureCountry>
      <ManufacturerItemDescription>שקיות לצליה דליקטס 10 יח</ManufacturerItemDescription>
      <UnitQty>Unknown </UnitQty>
      <Quantity>0.00</Quantity>
      <UnitOfMeasure>Unknown </UnitOfMeasure>
      <bIsWeighted>0</bIsWeighted>
      <QtyInPackage>10</QtyInPackage>
      <ItemPrice>3.90</ItemPrice>
      <UnitOfMeasurePrice>0.0000</UnitOfMeasurePrice>
      <AllowDiscount>1</AllowDiscount>
      <ItemStatus>1</ItemStatus>
      <ItemId>222153</ItemId>
    </Item>
    <Item>
      <PriceUpdateDate>2015-01-01 00:00:00</PriceUpdateDate>
      <ItemCode>2007487</ItemCode>
      <ItemType>0</ItemType>
      <ItemName>צמר פלדה 100 גרם</ItemName>
      <ManufacturerName>,</ManufacturerName>
      <ManufactureCountry>לא ידוע</ManufactureCountry>
      <ManufacturerItemDescription>צמר פלדה 100 גרם</ManufacturerItemDescription>
      <UnitQty>Unknown </UnitQty>
      <Quantity>0.00</Quantity>
      <UnitOfMeasure>Unknown </UnitOfMeasure>
      <bIsWeighted>0</bIsWeighted>
      <QtyInPackage>1</QtyInPackage>
      <ItemPrice>2.50</ItemPrice>
      <UnitOfMeasurePrice>0.0000</UnitOfMeasurePrice>
      <AllowDiscount>1</AllowDiscount>
      <ItemStatus>1</ItemStatus>
      <ItemId>222156</ItemId>
    </Item>
    <Item>
      <PriceUpdateDate>2015-01-01 00:00:00</PriceUpdateDate>
      <ItemCode>2007500</ItemCode>
      <ItemType>0</ItemType>
      <ItemName>קיסמי שיניים במבוק</ItemName>
      <ManufacturerName>הנמל</ManufacturerName>
      <ManufactureCountry>ישראל</ManufactureCountry>
      <ManufacturerItemDescription>קיסמי שיניים במבוק 500 יח</ManufacturerItemDescription>
      <UnitQty>Unknown </UnitQty>
      <Quantity>0.00</Quantity>
      <UnitOfMeasure>Unknown </UnitOfMeasure>
      <bIsWeighted>0</bIsWeighted>
      <QtyInPackage>1</QtyInPackage>
      <ItemPrice>2.70</ItemPrice>
      <UnitOfMeasurePrice>0.0000</UnitOfMeasurePrice>
      <AllowDiscount>1</AllowDiscount>
      <ItemStatus>1</ItemStatus>
      <ItemId>222157</ItemId>
    </Item>
    <Item>
      <PriceUpdateDate>2015-01-01 00:00:00</PriceUpdateDate>
      <ItemCode>2007623</ItemCode>
      <ItemType>0</ItemType>
      <ItemName>כוסיות ליין 50 יח</ItemName>
      <ManufacturerName>,</ManufacturerName>
      <ManufactureCountry>לא ידוע</ManufactureCountry>
      <ManufacturerItemDescription>כוסיות ליין 50 יח</ManufacturerItemDescription>
      <UnitQty>Unknown </UnitQty>
      <Quantity>0.00</Quantity>
      <UnitOfMeasure>Unknown </UnitOfMeasure>
      <bIsWeighted>0</bIsWeighted>
      <QtyInPackage>1</QtyInPackage>
      <ItemPrice>2.90</ItemPrice>
      <UnitOfMeasurePrice>0.0000</UnitOfMeasurePrice>
      <AllowDiscount>1</AllowDiscount>
      <ItemStatus>1</ItemStatus>
      <ItemId>222158</ItemId>
    </Item>
    <Item>
      <PriceUpdateDate>2015-01-01 00:00:00</PriceUpdateDate>
      <ItemCode>2007760</ItemCode>
      <ItemType>0</ItemType>
      <ItemName>פירורי לחם 1 קג</ItemName>
      <ManufacturerName>,</ManufacturerName>
      <ManufactureCountry>לא ידוע</ManufactureCountry>
      <ManufacturerItemDescription>פירורי לחם 1 ק"ג</ManufacturerItemDescription>
      <UnitQty>קילוגרמים</UnitQty>
      <Quantity>1.00</Quantity>
      <UnitOfMeasure>ק"ג     </UnitOfMeasure>
      <bIsWeighted>0</bIsWeighted>
      <QtyInPackage>1</QtyInPackage>
      <ItemPrice>7.90</ItemPrice>
      <UnitOfMeasurePrice>7.9000</UnitOfMeasurePrice>
      <AllowDiscount>1</AllowDiscount>
      <ItemStatus>1</ItemStatus>
      <ItemId>222160</ItemId>
    </Item>
    <Item>
      <PriceUpdateDate>2016-08-01 13:14:20</PriceUpdateDate>
      <ItemCode>2007937</ItemCode>
      <ItemType>0</ItemType>
      <ItemName>כפפות לטקס XL 100 יח</ItemName>
      <ManufacturerName>,</ManufacturerName>
      <ManufactureCountry>לא ידוע</ManufactureCountry>
      <ManufacturerItemDescription>כפפות לטקס XL 100 יח</ManufacturerItemDescription>
      <UnitQty>Unknown </UnitQty>
      <Quantity>0.00</Quantity>
      <UnitOfMeasure>Unknown </UnitOfMeasure>
      <bIsWeighted>0</bIsWeighted>
      <QtyInPackage>1</QtyInPackage>
      <ItemPrice>19.90</ItemPrice>
      <UnitOfMeasurePrice>0.0000</UnitOfMeasurePrice>
      <AllowDiscount>1</AllowDiscount>
      <ItemStatus>1</ItemStatus>
      <ItemId>222164</ItemId>
    </Item>
    <Item>
      <PriceUpdateDate>2016-08-01 13:13:50</PriceUpdateDate>
      <ItemCode>2007944</ItemCode>
      <ItemType>0</ItemType>
      <ItemName>כפפות לטקס L 100 יח</ItemName>
      <ManufacturerName>,</ManufacturerName>
      <ManufactureCountry>לא ידוע</ManufactureCountry>
      <ManufacturerItemDescription>כפפות לטקס L 100 יח</ManufacturerItemDescription>
      <UnitQty>Unknown </UnitQty>
      <Quantity>0.00</Quantity>
      <UnitOfMeasure>Unknown </UnitOfMeasure>
      <bIsWeighted>0</bIsWeighted>
      <QtyInPackage>1</QtyInPackage>
      <ItemPrice>19.90</ItemPrice>
      <UnitOfMeasurePrice>0.0000</UnitOfMeasurePrice>
      <AllowDiscount>1</AllowDiscount>
      <ItemStatus>1</ItemStatus>
      <ItemId>222165</ItemId>
    </Item>
    <Item>
      <PriceUpdateDate>2016-08-01 13:13:43</PriceUpdateDate>
      <ItemCode>2008002</ItemCode>
      <ItemType>0</ItemType>
      <ItemName>כפפות לטקס M 100 יח</ItemName>
      <ManufacturerName>,</ManufacturerName>
      <ManufactureCountry>לא ידוע</ManufactureCountry>
      <ManufacturerItemDescription>כפפות לטקס M 100 יח</ManufacturerItemDescription>
      <UnitQty>גרמים</UnitQty>
      <Quantity>0.00</Quantity>
      <UnitOfMeasure>100 גרם</UnitOfMeasure>
      <bIsWeighted>0</bIsWeighted>
      <QtyInPackage>1</QtyInPackage>
      <ItemPrice>19.90</ItemPrice>
      <UnitOfMeasurePrice>0.0000</UnitOfMeasurePrice>
      <AllowDiscount>1</AllowDiscount>
      <ItemStatus>1</ItemStatus>
      <ItemId>222167</ItemId>
    </Item>
    <Item>
      <PriceUpdateDate>2015-01-01 00:00:00</PriceUpdateDate>
      <ItemCode>2008040</ItemCode>
      <ItemType>0</ItemType>
      <ItemName>שיפודים 100 יח</ItemName>
      <ManufacturerName>הנמל</ManufacturerName>
      <ManufactureCountry>ישראל</ManufactureCountry>
      <ManufacturerItemDescription>שיפודים 100 יח</ManufacturerItemDescription>
      <UnitQty>Unknown </UnitQty>
      <Quantity>0.00</Quantity>
      <UnitOfMeasure>Unknown </UnitOfMeasure>
      <bIsWeighted>0</bIsWeighted>
      <QtyInPackage>1</QtyInPackage>
      <ItemPrice>2.50</ItemPrice>
      <UnitOfMeasurePrice>0.0000</UnitOfMeasurePrice>
      <AllowDiscount>1</AllowDiscount>
      <ItemStatus>1</ItemStatus>
      <ItemId>222169</ItemId>
    </Item>
    <Item>
      <PriceUpdateDate>2015-09-21 15:55:35</PriceUpdateDate>
      <ItemCode>2008071</ItemCode>
      <ItemType>0</ItemType>
      <ItemName>עטרות חום בקופסא מס2</ItemName>
      <ManufacturerName>,</ManufacturerName>
      <ManufactureCountry>לא ידוע</ManufactureCountry>
      <ManufacturerItemDescription>עטרות חום בקופסא מס2</ManufacturerItemDescription>
      <UnitQty>Unknown </UnitQty>
      <Quantity>0.00</Quantity>
      <UnitOfMeasure>Unknown </UnitOfMeasure>
      <bIsWeighted>0</bIsWeighted>
      <QtyInPackage>1</QtyInPackage>
      <ItemPrice>4.90</ItemPrice>
      <UnitOfMeasurePrice>0.0000</UnitOfMeasurePrice>
      <AllowDiscount>1</AllowDiscount>
      <ItemStatus>1</ItemStatus>
      <ItemId>222170</ItemId>
    </Item>
    <Item>
      <PriceUpdateDate>2015-01-01 00:00:00</PriceUpdateDate>
      <ItemCode>2008149</ItemCode>
      <ItemType>0</ItemType>
      <ItemName>מדליק פחם מוצק 40 קו</ItemName>
      <ManufacturerName>הנמל</ManufacturerName>
      <ManufactureCountry>לא ידוע</ManufactureCountry>
      <ManufacturerItemDescription>מדליק פחם מוצק 40 קוביות</ManufacturerItemDescription>
      <UnitQty>מיליליטרים</UnitQty>
      <Quantity>300.00</Quantity>
      <UnitOfMeasure>100 מ"ל</UnitOfMeasure>
      <bIsWeighted>0</bIsWeighted>
      <QtyInPackage>1</QtyInPackage>
      <ItemPrice>5.90</ItemPrice>
      <UnitOfMeasurePrice>1.9667</UnitOfMeasurePrice>
      <AllowDiscount>1</AllowDiscount>
      <ItemStatus>1</ItemStatus>
      <ItemId>222172</ItemId>
    </Item>
    <Item>
      <PriceUpdateDate>2015-09-21 15:55:35</PriceUpdateDate>
      <ItemCode>2008156</ItemCode>
      <ItemType>0</ItemType>
      <ItemName>עטרות חום בקופסא מס5</ItemName>
      <ManufacturerName>,</ManufacturerName>
      <ManufactureCountry>לא ידוע</ManufactureCountry>
      <ManufacturerItemDescription>עטרות חום בקופסא מס5</ManufacturerItemDescription>
      <UnitQty>Unknown </UnitQty>
      <Quantity>0.00</Quantity>
      <UnitOfMeasure>Unknown </UnitOfMeasure>
      <bIsWeighted>0</bIsWeighted>
      <QtyInPackage>1</QtyInPackage>
      <ItemPrice>4.90</ItemPrice>
      <UnitOfMeasurePrice>0.0000</UnitOfMeasurePrice>
      <AllowDiscount>1</AllowDiscount>
      <ItemStatus>1</ItemStatus>
      <ItemId>222173</ItemId>
    </Item>
    <Item>
      <PriceUpdateDate>2015-01-01 00:00:00</PriceUpdateDate>
      <ItemCode>2008170</ItemCode>
      <ItemType>0</ItemType>
      <ItemName>עטרות מס 3 חום בקופס</ItemName>
      <ManufacturerName>,</ManufacturerName>
      <ManufactureCountry>לא ידוע</ManufactureCountry>
      <ManufacturerItemDescription>עטרות מס 3 חום בקופסא</ManufacturerItemDescription>
      <UnitQty>Unknown </UnitQty>
      <Quantity>0.00</Quantity>
      <UnitOfMeasure>Unknown </UnitOfMeasure>
      <bIsWeighted>0</bIsWeighted>
      <QtyInPackage>1</QtyInPackage>
      <ItemPrice>3.90</ItemPrice>
      <UnitOfMeasurePrice>0.0000</UnitOfMeasurePrice>
      <AllowDiscount>1</AllowDiscount>
      <ItemStatus>1</ItemStatus>
      <ItemId>222174</ItemId>
    </Item>
    <Item>
      <PriceUpdateDate>2015-01-01 00:00:00</PriceUpdateDate>
      <ItemCode>2008309</ItemCode>
      <ItemType>0</ItemType>
      <ItemName>עטרות מס 4 חום בקופס</ItemName>
      <ManufacturerName>,</ManufacturerName>
      <ManufactureCountry>לא ידוע</ManufactureCountry>
      <ManufacturerItemDescription>עטרות מס 4 חום בקופסא</ManufacturerItemDescription>
      <UnitQty>Unknown </UnitQty>
      <Quantity>0.00</Quantity>
      <UnitOfMeasure>Unknown </UnitOfMeasure>
      <bIsWeighted>0</bIsWeighted>
      <QtyInPackage>1</QtyInPackage>
      <ItemPrice>3.90</ItemPrice>
      <UnitOfMeasurePrice>0.0000</UnitOfMeasurePrice>
      <AllowDiscount>1</AllowDiscount>
      <ItemStatus>1</ItemStatus>
      <ItemId>222177</ItemId>
    </Item>
    <Item>
      <PriceUpdateDate>2015-01-01 00:00:00</PriceUpdateDate>
      <ItemCode>2008460</ItemCode>
      <ItemType>0</ItemType>
      <ItemName>עטרות חום מס 1.5 קופ</ItemName>
      <ManufacturerName>,</ManufacturerName>
      <ManufactureCountry>לא ידוע</ManufactureCountry>
      <ManufacturerItemDescription>עטרות חום מס 1.5 קופסא</ManufacturerItemDescription>
      <UnitQty>Unknown </UnitQty>
      <Quantity>0.00</Quantity>
      <UnitOfMeasure>Unknown </UnitOfMeasure>
      <bIsWeighted>0</bIsWeighted>
      <QtyInPackage>1</QtyInPackage>
      <ItemPrice>3.30</ItemPrice>
      <UnitOfMeasurePrice>0.0000</UnitOfMeasurePrice>
      <AllowDiscount>1</AllowDiscount>
      <ItemStatus>1</ItemStatus>
      <ItemId>222181</ItemId>
    </Item>
    <Item>
      <PriceUpdateDate>2015-01-01 00:00:00</PriceUpdateDate>
      <ItemCode>2008743</ItemCode>
      <ItemType>0</ItemType>
      <ItemName>סוכר וניל 10 יח</ItemName>
      <ManufacturerName>הנמל</ManufacturerName>
      <ManufactureCountry>ישראל</ManufactureCountry>
      <ManufacturerItemDescription>סוכר וניל 10 יח</ManufacturerItemDescription>
      <UnitQty>גרמים</UnitQty>
      <Quantity>100.00</Quantity>
      <UnitOfMeasure>100 גרם</UnitOfMeasure>
      <bIsWeighted>0</bIsWeighted>
      <QtyInPackage>10</QtyInPackage>
      <ItemPrice>1.90</ItemPrice>
      <UnitOfMeasurePrice>1.9000</UnitOfMeasurePrice>
      <AllowDiscount>1</AllowDiscount>
      <ItemStatus>1</ItemStatus>
      <ItemId>222185</ItemId>
    </Item>
    <Item>
      <PriceUpdateDate>2015-01-01 00:00:00</PriceUpdateDate>
      <ItemCode>2008750</ItemCode>
      <ItemType>0</ItemType>
      <ItemName>אבקת אפיה 10 יח</ItemName>
      <ManufacturerName>הנמל</ManufacturerName>
      <ManufactureCountry>ישראל</ManufactureCountry>
      <ManufacturerItemDescription>אבקת אפיה 10 יח</ManufacturerItemDescription>
      <UnitQty>גרמים</UnitQty>
      <Quantity>100.00</Quantity>
      <UnitOfMeasure>100 גרם</UnitOfMeasure>
      <bIsWeighted>0</bIsWeighted>
      <QtyInPackage>10</QtyInPackage>
      <ItemPrice>1.90</ItemPrice>
      <UnitOfMeasurePrice>1.9000</UnitOfMeasurePrice>
      <AllowDiscount>1</AllowDiscount>
      <ItemStatus>1</ItemStatus>
      <ItemId>222186</ItemId>
    </Item>
    <Item>
      <PriceUpdateDate>2015-01-01 00:00:00</PriceUpdateDate>
      <ItemCode>2008767</ItemCode>
      <ItemType>0</ItemType>
      <ItemName>עדשים אדומים 1 קג</ItemName>
      <ManufacturerName>,</ManufacturerName>
      <ManufactureCountry>לא ידוע</ManufactureCountry>
      <ManufacturerItemDescription>עדשים אדומים 1 ק"ג</ManufacturerItemDescription>
      <UnitQty>קילוגרמים</UnitQty>
      <Quantity>1.00</Quantity>
      <UnitOfMeasure>ק"ג     </UnitOfMeasure>
      <bIsWeighted>0</bIsWeighted>
      <QtyInPackage>1</QtyInPackage>
      <ItemPrice>11.90</ItemPrice>
      <UnitOfMeasurePrice>11.9000</UnitOfMeasurePrice>
      <AllowDiscount>1</AllowDiscount>
      <ItemStatus>1</ItemStatus>
      <ItemId>222187</ItemId>
    </Item>
    <Item>
      <PriceUpdateDate>2015-01-01 00:00:00</PriceUpdateDate>
      <ItemCode>2008903</ItemCode>
      <ItemType>0</ItemType>
      <ItemName>נייר חתוך שבת 12 יח</ItemName>
      <ManufacturerName>,</ManufacturerName>
      <ManufactureCountry>לא ידוע</ManufactureCountry>
      <ManufacturerItemDescription>נייר חתוך שבת 12 יח</ManufacturerItemDescription>
      <UnitQty>Unknown </UnitQty>
      <Quantity>0.00</Quantity>
      <UnitOfMeasure>Unknown </UnitOfMeasure>
      <bIsWeighted>0</bIsWeighted>
      <QtyInPackage>1</QtyInPackage>
      <ItemPrice>16.90</ItemPrice>
      <UnitOfMeasurePrice>0.0000</UnitOfMeasurePrice>
      <AllowDiscount>1</AllowDiscount>
      <ItemStatus>1</ItemStatus>
      <ItemId>222190</ItemId>
    </Item>
    <Item>
      <PriceUpdateDate>2015-01-01 00:00:00</PriceUpdateDate>
      <ItemCode>2008989</ItemCode>
      <ItemType>0</ItemType>
      <ItemName>קישקשים בקופסא 225 י</ItemName>
      <ManufacturerName>,</ManufacturerName>
      <ManufactureCountry>לא ידוע</ManufactureCountry>
      <ManufacturerItemDescription>קישקשים בקופסא 225 יח"</ManufacturerItemDescription>
      <UnitQty>Unknown </UnitQty>
      <Quantity>0.00</Quantity>
      <UnitOfMeasure>Unknown </UnitOfMeasure>
      <bIsWeighted>0</bIsWeighted>
      <QtyInPackage>1</QtyInPackage>
      <ItemPrice>5.90</ItemPrice>
      <UnitOfMeasurePrice>0.0000</UnitOfMeasurePrice>
      <AllowDiscount>1</AllowDiscount>
      <ItemStatus>1</ItemStatus>
      <ItemId>222192</ItemId>
    </Item>
    <Item>
      <PriceUpdateDate>2015-01-01 00:00:00</PriceUpdateDate>
      <ItemCode>7290015321211</ItemCode>
      <ItemType>0</ItemType>
      <ItemName>כמון 250 גרם</ItemName>
      <ManufacturerName>,</ManufacturerName>
      <ManufactureCountry>לא ידוע</ManufactureCountry>
      <ManufacturerItemDescription>כמון 250 גרם</ManufacturerItemDescription>
      <UnitQty>גרמים</UnitQty>
      <Quantity>250.00</Quantity>
      <UnitOfMeasure>100 גרם</UnitOfMeasure>
      <bIsWeighted>0</bIsWeighted>
      <QtyInPackage>1</QtyInPackage>
      <ItemPrice>19.90</ItemPrice>
      <UnitOfMeasurePrice>7.9600</UnitOfMeasurePrice>
      <AllowDiscount>1</AllowDiscount>
      <ItemStatus>1</ItemStatus>
      <ItemId>254852</ItemId>
    </Item>
    <Item>
      <PriceUpdateDate>2015-01-01 00:00:00</PriceUpdateDate>
      <ItemCode>3681167</ItemCode>
      <ItemType>0</ItemType>
      <ItemName>לדר משמש 100 גרם</ItemName>
      <ManufacturerName>,</ManufacturerName>
      <ManufactureCountry>לא ידוע</ManufactureCountry>
      <ManufacturerItemDescription>לדר משמש 100 גרם</ManufacturerItemDescription>
      <UnitQty>גרמים</UnitQty>
      <Quantity>100.00</Quantity>
      <UnitOfMeasure>100 גרם</UnitOfMeasure>
      <bIsWeighted>0</bIsWeighted>
      <QtyInPackage>1</QtyInPackage>
      <ItemPrice>9.90</ItemPrice>
      <UnitOfMeasurePrice>9.9000</UnitOfMeasurePrice>
      <AllowDiscount>1</AllowDiscount>
      <ItemStatus>1</ItemStatus>
      <ItemId>248768</ItemId>
    </Item>
    <Item>
      <PriceUpdateDate>2015-01-01 00:00:00</PriceUpdateDate>
      <ItemCode>2014607</ItemCode>
      <ItemType>0</ItemType>
      <ItemName>חומוס 1 ק"ג</ItemName>
      <ManufacturerName>מעדני מיקי תעשיות מז</ManufacturerName>
      <ManufactureCountry>לא ידוע</ManufactureCountry>
      <ManufacturerItemDescription>חומוס 1 ק"ג</ManufacturerItemDescription>
      <UnitQty>קילוגרמים</UnitQty>
      <Quantity>1.00</Quantity>
      <UnitOfMeasure>ק"ג     </UnitOfMeasure>
      <bIsWeighted>0</bIsWeighted>
      <QtyInPackage>1</QtyInPackage>
      <ItemPrice>9.90</ItemPrice>
      <UnitOfMeasurePrice>9.9000</UnitOfMeasurePrice>
      <AllowDiscount>1</AllowDiscount>
      <ItemStatus>1</ItemStatus>
      <ItemId>222207</ItemId>
    </Item>
    <Item>
      <PriceUpdateDate>2016-03-22 12:55:05</PriceUpdateDate>
      <ItemCode>2014829</ItemCode>
      <ItemType>0</ItemType>
      <ItemName>חזרת 200 גרם</ItemName>
      <ManufacturerName>מעדני מיקי תעשיות מז</ManufacturerName>
      <ManufactureCountry>לא ידוע</ManufactureCountry>
      <ManufacturerItemDescription>חזרת 200 גרם</ManufacturerItemDescription>
      <UnitQty>גרמים</UnitQty>
      <Quantity>200.00</Quantity>
      <UnitOfMeasure>100 גרם</UnitOfMeasure>
      <bIsWeighted>0</bIsWeighted>
      <QtyInPackage>1</QtyInPackage>
      <ItemPrice>6.90</ItemPrice>
      <UnitOfMeasurePrice>3.4500</UnitOfMeasurePrice>
      <AllowDiscount>1</AllowDiscount>
      <ItemStatus>1</ItemStatus>
      <ItemId>222211</ItemId>
    </Item>
    <Item>
      <PriceUpdateDate>2015-01-01 00:00:00</PriceUpdateDate>
      <ItemCode>2014836</ItemCode>
      <ItemType>0</ItemType>
      <ItemName>שום כתוש 200 גרם</ItemName>
      <ManufacturerName>מעדני מיקי תעשיות מז</ManufacturerName>
      <ManufactureCountry>לא ידוע</ManufactureCountry>
      <ManufacturerItemDescription>שום כתוש 200 גרם</ManufacturerItemDescription>
      <UnitQty>גרמים</UnitQty>
      <Quantity>200.00</Quantity>
      <UnitOfMeasure>100 גרם</UnitOfMeasure>
      <bIsWeighted>0</bIsWeighted>
      <QtyInPackage>1</QtyInPackage>
      <ItemPrice>5.90</ItemPrice>
      <UnitOfMeasurePrice>2.9500</UnitOfMeasurePrice>
      <AllowDiscount>1</AllowDiscount>
      <ItemStatus>1</ItemStatus>
      <ItemId>222212</ItemId>
    </Item>
    <Item>
      <PriceUpdateDate>2015-01-01 00:00:00</PriceUpdateDate>
      <ItemCode>2014867</ItemCode>
      <ItemType>0</ItemType>
      <ItemName>אריסה תוניסאית 200 ג</ItemName>
      <ManufacturerName>מעדני מיקי תעשיות מז</ManufacturerName>
      <ManufactureCountry>לא ידוע</ManufactureCountry>
      <ManufacturerItemDescription>אריסה תוניסאית 200 גרם</ManufacturerItemDescription>
      <UnitQty>גרמים</UnitQty>
      <Quantity>200.00</Quantity>
      <UnitOfMeasure>100 גרם</UnitOfMeasure>
      <bIsWeighted>0</bIsWeighted>
      <QtyInPackage>1</QtyInPackage>
      <ItemPrice>5.90</ItemPrice>
      <UnitOfMeasurePrice>2.9500</UnitOfMeasurePrice>
      <AllowDiscount>1</AllowDiscount>
      <ItemStatus>1</ItemStatus>
      <ItemId>222213</ItemId>
    </Item>
    <Item>
      <PriceUpdateDate>2015-01-01 00:00:00</PriceUpdateDate>
      <ItemCode>2014959</ItemCode>
      <ItemType>0</ItemType>
      <ItemName>חציל במיונז 1 ק"ג</ItemName>
      <ManufacturerName>מעדני מיקי תעשיות מז</ManufacturerName>
      <ManufactureCountry>ישראל</ManufactureCountry>
      <ManufacturerItemDescription>חציל במיונז 1 קג</ManufacturerItemDescription>
      <UnitQty>קילוגרמים</UnitQty>
      <Quantity>1.00</Quantity>
      <UnitOfMeasure>ק"ג     </UnitOfMeasure>
      <bIsWeighted>0</bIsWeighted>
      <QtyInPackage>1</QtyInPackage>
      <ItemPrice>9.90</ItemPrice>
      <UnitOfMeasurePrice>9.9000</UnitOfMeasurePrice>
      <AllowDiscount>1</AllowDiscount>
      <ItemStatus>1</ItemStatus>
      <ItemId>222220</ItemId>
    </Item>
    <Item>
      <PriceUpdateDate>2016-05-23 14:50:38</PriceUpdateDate>
      <ItemCode>2015093</ItemCode>
      <ItemType>0</ItemType>
      <ItemName>מלפפון בחומץ 13-17 א</ItemName>
      <ManufacturerName>,</ManufacturerName>
      <ManufactureCountry>לא ידוע</ManufactureCountry>
      <ManufacturerItemDescription>מלפפון בחומץ 13-17 א2</ManufacturerItemDescription>
      <UnitQty>גרמים</UnitQty>
      <Quantity>290.00</Quantity>
      <UnitOfMeasure>100 גרם</UnitOfMeasure>
      <bIsWeighted>0</bIsWeighted>
      <QtyInPackage>1</QtyInPackage>
      <ItemPrice>6.90</ItemPrice>
      <UnitOfMeasurePrice>2.3793</UnitOfMeasurePrice>
      <AllowDiscount>1</AllowDiscount>
      <ItemStatus>1</ItemStatus>
      <ItemId>222221</ItemId>
    </Item>
    <Item>
      <PriceUpdateDate>2016-05-23 14:50:39</PriceUpdateDate>
      <ItemCode>2015116</ItemCode>
      <ItemType>0</ItemType>
      <ItemName>מלפפון בחומץ 7-9 א2</ItemName>
      <ManufacturerName>,</ManufacturerName>
      <ManufactureCountry>לא ידוע</ManufactureCountry>
      <ManufacturerItemDescription>מלפפון בחומץ 7-9 א2</ManufacturerItemDescription>
      <UnitQty>גרמים</UnitQty>
      <Quantity>290.00</Quantity>
      <UnitOfMeasure>100 גרם</UnitOfMeasure>
      <bIsWeighted>0</bIsWeighted>
      <QtyInPackage>1</QtyInPackage>
      <ItemPrice>4.90</ItemPrice>
      <UnitOfMeasurePrice>1.6897</UnitOfMeasurePrice>
      <AllowDiscount>1</AllowDiscount>
      <ItemStatus>1</ItemStatus>
      <ItemId>222223</ItemId>
    </Item>
    <Item>
      <PriceUpdateDate>2016-05-23 14:50:39</PriceUpdateDate>
      <ItemCode>2015123</ItemCode>
      <ItemType>0</ItemType>
      <ItemName>מלפפון בחומץ 10-12 א</ItemName>
      <ManufacturerName>,</ManufacturerName>
      <ManufactureCountry>לא ידוע</ManufactureCountry>
      <ManufacturerItemDescription>מלפפון בחומץ 10-12 א2</ManufacturerItemDescription>
      <UnitQty>גרמים</UnitQty>
      <Quantity>290.00</Quantity>
      <UnitOfMeasure>100 גרם</UnitOfMeasure>
      <bIsWeighted>0</bIsWeighted>
      <QtyInPackage>1</QtyInPackage>
      <ItemPrice>5.90</ItemPrice>
      <UnitOfMeasurePrice>2.0345</UnitOfMeasurePrice>
      <AllowDiscount>1</AllowDiscount>
      <ItemStatus>1</ItemStatus>
      <ItemId>222224</ItemId>
    </Item>
    <Item>
      <PriceUpdateDate>2015-01-01 00:00:00</PriceUpdateDate>
      <ItemCode>2015147</ItemCode>
      <ItemType>0</ItemType>
      <ItemName>מלפפון בחומץ 18-25 א</ItemName>
      <ManufacturerName>,</ManufacturerName>
      <ManufactureCountry>לא ידוע</ManufactureCountry>
      <ManufacturerItemDescription>מלפפון בחומץ 18-25 א2</ManufacturerItemDescription>
      <UnitQty>גרמים</UnitQty>
      <Quantity>290.00</Quantity>
      <UnitOfMeasure>100 גרם</UnitOfMeasure>
      <bIsWeighted>0</bIsWeighted>
      <QtyInPackage>1</QtyInPackage>
      <ItemPrice>8.90</ItemPrice>
      <UnitOfMeasurePrice>3.0690</UnitOfMeasurePrice>
      <AllowDiscount>1</AllowDiscount>
      <ItemStatus>1</ItemStatus>
      <ItemId>222226</ItemId>
    </Item>
    <Item>
      <PriceUpdateDate>2016-05-23 14:50:40</PriceUpdateDate>
      <ItemCode>2015154</ItemCode>
      <ItemType>0</ItemType>
      <ItemName>מלפפון במלח 7-9 א2</ItemName>
      <ManufacturerName>,</ManufacturerName>
      <ManufactureCountry>לא ידוע</ManufactureCountry>
      <ManufacturerItemDescription>מלפפון במלח 7-9 א2</ManufacturerItemDescription>
      <UnitQty>גרמים</UnitQty>
      <Quantity>320.00</Quantity>
      <UnitOfMeasure>100 גרם</UnitOfMeasure>
      <bIsWeighted>0</bIsWeighted>
      <QtyInPackage>1</QtyInPackage>
      <ItemPrice>4.90</ItemPrice>
      <UnitOfMeasurePrice>1.5313</UnitOfMeasurePrice>
      <AllowDiscount>1</AllowDiscount>
      <ItemStatus>1</ItemStatus>
      <ItemId>222227</ItemId>
    </Item>
    <Item>
      <PriceUpdateDate>2016-05-23 14:50:40</PriceUpdateDate>
      <ItemCode>2015161</ItemCode>
      <ItemType>0</ItemType>
      <ItemName>מלפפון במלח 10-12 א2</ItemName>
      <ManufacturerName>,</ManufacturerName>
      <ManufactureCountry>לא ידוע</ManufactureCountry>
      <ManufacturerItemDescription>מלפפון במלח 10-12 א2</ManufacturerItemDescription>
      <UnitQty>גרמים</UnitQty>
      <Quantity>320.00</Quantity>
      <UnitOfMeasure>100 גרם</UnitOfMeasure>
      <bIsWeighted>0</bIsWeighted>
      <QtyInPackage>1</QtyInPackage>
      <ItemPrice>5.90</ItemPrice>
      <UnitOfMeasurePrice>1.8438</UnitOfMeasurePrice>
      <AllowDiscount>1</AllowDiscount>
      <ItemStatus>1</ItemStatus>
      <ItemId>222228</ItemId>
    </Item>
    <Item>
      <PriceUpdateDate>2015-01-01 00:00:00</PriceUpdateDate>
      <ItemCode>2015192</ItemCode>
      <ItemType>0</ItemType>
      <ItemName>מלפפון במלח 18-25 א2</ItemName>
      <ManufacturerName>,</ManufacturerName>
      <ManufactureCountry>לא ידוע</ManufactureCountry>
      <ManufacturerItemDescription>מלפפון במלח 18-25 א2</ManufacturerItemDescription>
      <UnitQty>גרמים</UnitQty>
      <Quantity>320.00</Quantity>
      <UnitOfMeasure>100 גרם</UnitOfMeasure>
      <bIsWeighted>0</bIsWeighted>
      <QtyInPackage>1</QtyInPackage>
      <ItemPrice>8.90</ItemPrice>
      <UnitOfMeasurePrice>2.7813</UnitOfMeasurePrice>
      <AllowDiscount>1</AllowDiscount>
      <ItemStatus>1</ItemStatus>
      <ItemId>222230</ItemId>
    </Item>
    <Item>
      <PriceUpdateDate>2016-05-23 14:50:40</PriceUpdateDate>
      <ItemCode>2015208</ItemCode>
      <ItemType>0</ItemType>
      <ItemName>מלפפון במלח 13-17 א2</ItemName>
      <ManufacturerName>,</ManufacturerName>
      <ManufactureCountry>לא ידוע</ManufactureCountry>
      <ManufacturerItemDescription>מלפפון במלח 13-17 א2</ManufacturerItemDescription>
      <UnitQty>גרמים</UnitQty>
      <Quantity>290.00</Quantity>
      <UnitOfMeasure>100 גרם</UnitOfMeasure>
      <bIsWeighted>0</bIsWeighted>
      <QtyInPackage>1</QtyInPackage>
      <ItemPrice>6.70</ItemPrice>
      <UnitOfMeasurePrice>2.3103</UnitOfMeasurePrice>
      <AllowDiscount>1</AllowDiscount>
      <ItemStatus>1</ItemStatus>
      <ItemId>222231</ItemId>
    </Item>
    <Item>
      <PriceUpdateDate>2015-01-01 00:00:00</PriceUpdateDate>
      <ItemCode>2015314</ItemCode>
      <ItemType>0</ItemType>
      <ItemName>זית מנזלינו ירוק</ItemName>
      <ManufacturerName>,</ManufacturerName>
      <ManufactureCountry>לא ידוע</ManufactureCountry>
      <ManufacturerItemDescription>זית מנזלינו ירוק 12-15</ManufacturerItemDescription>
      <UnitQty>גרמים</UnitQty>
      <Quantity>560.00</Quantity>
      <UnitOfMeasure>100 גרם</UnitOfMeasure>
      <bIsWeighted>0</bIsWeighted>
      <QtyInPackage>1</QtyInPackage>
      <ItemPrice>4.90</ItemPrice>
      <UnitOfMeasurePrice>0.8750</UnitOfMeasurePrice>
      <AllowDiscount>1</AllowDiscount>
      <ItemStatus>1</ItemStatus>
      <ItemId>222232</ItemId>
    </Item>
    <Item>
      <PriceUpdateDate>2015-01-01 00:00:00</PriceUpdateDate>
      <ItemCode>2015321</ItemCode>
      <ItemType>0</ItemType>
      <ItemName>זית מנזלינו 15-17 א2</ItemName>
      <ManufacturerName>,</ManufacturerName>
      <ManufactureCountry>לא ידוע</ManufactureCountry>
      <ManufacturerItemDescription>זית מנזלינו 15-17 א2</ManufacturerItemDescription>
      <UnitQty>גרמים</UnitQty>
      <Quantity>560.00</Quantity>
      <UnitOfMeasure>100 גרם</UnitOfMeasure>
      <bIsWeighted>0</bIsWeighted>
      <QtyInPackage>1</QtyInPackage>
      <ItemPrice>5.90</ItemPrice>
      <UnitOfMeasurePrice>1.0536</UnitOfMeasurePrice>
      <AllowDiscount>1</AllowDiscount>
      <ItemStatus>1</ItemStatus>
      <ItemId>222233</ItemId>
    </Item>
    <Item>
      <PriceUpdateDate>2016-05-23 14:50:41</PriceUpdateDate>
      <ItemCode>2015420</ItemCode>
      <ItemType>0</ItemType>
      <ItemName>זית חרוזית ירוקא2</ItemName>
      <ManufacturerName>,</ManufacturerName>
      <ManufactureCountry>לא ידוע</ManufactureCountry>
      <ManufacturerItemDescription>זית חרוזית ירוק 15-17 א2</ManufacturerItemDescription>
      <UnitQty>גרמים</UnitQty>
      <Quantity>590.00</Quantity>
      <UnitOfMeasure>100 גרם</UnitOfMeasure>
      <bIsWeighted>0</bIsWeighted>
      <QtyInPackage>1</QtyInPackage>
      <ItemPrice>6.90</ItemPrice>
      <UnitOfMeasurePrice>1.1695</UnitOfMeasurePrice>
      <AllowDiscount>1</AllowDiscount>
      <ItemStatus>1</ItemStatus>
      <ItemId>222237</ItemId>
    </Item>
    <Item>
      <PriceUpdateDate>2015-01-01 00:00:00</PriceUpdateDate>
      <ItemCode>2015437</ItemCode>
      <ItemType>0</ItemType>
      <ItemName>זית נובו 17-20 א2</ItemName>
      <ManufacturerName>,</ManufacturerName>
      <ManufactureCountry>לא ידוע</ManufactureCountry>
      <ManufacturerItemDescription>זית נובו 17-20 א2</ManufacturerItemDescription>
      <UnitQty>גרמים</UnitQty>
      <Quantity>560.00</Quantity>
      <UnitOfMeasure>100 גרם</UnitOfMeasure>
      <bIsWeighted>0</bIsWeighted>
      <QtyInPackage>1</QtyInPackage>
      <ItemPrice>5.90</ItemPrice>
      <UnitOfMeasurePrice>1.0536</UnitOfMeasurePrice>
      <AllowDiscount>1</AllowDiscount>
      <ItemStatus>1</ItemStatus>
      <ItemId>222238</ItemId>
    </Item>
    <Item>
      <PriceUpdateDate>2016-05-23 14:50:42</PriceUpdateDate>
      <ItemCode>2015444</ItemCode>
      <ItemType>0</ItemType>
      <ItemName>זית חרוזית 15-17 א5</ItemName>
      <ManufacturerName>,</ManufacturerName>
      <ManufactureCountry>לא ידוע</ManufactureCountry>
      <ManufacturerItemDescription>זית חרוזית 15-17 א5</ManufacturerItemDescription>
      <UnitQty>גרמים</UnitQty>
      <Quantity>250.00</Quantity>
      <UnitOfMeasure>100 גרם</UnitOfMeasure>
      <bIsWeighted>0</bIsWeighted>
      <QtyInPackage>1</QtyInPackage>
      <ItemPrice>15.90</ItemPrice>
      <UnitOfMeasurePrice>6.3600</UnitOfMeasurePrice>
      <AllowDiscount>1</AllowDiscount>
      <ItemStatus>1</ItemStatus>
      <ItemId>222239</ItemId>
    </Item>
    <Item>
      <PriceUpdateDate>2016-05-23 14:50:42</PriceUpdateDate>
      <ItemCode>2015451</ItemCode>
      <ItemType>0</ItemType>
      <ItemName>זית נובו א2</ItemName>
      <ManufacturerName>,</ManufacturerName>
      <ManufactureCountry>לא ידוע</ManufactureCountry>
      <ManufacturerItemDescription>זית נובו א2</ManufacturerItemDescription>
      <UnitQty>גרמים</UnitQty>
      <Quantity>300.00</Quantity>
      <UnitOfMeasure>100 גרם</UnitOfMeasure>
      <bIsWeighted>0</bIsWeighted>
      <QtyInPackage>1</QtyInPackage>
      <ItemPrice>13.90</ItemPrice>
      <UnitOfMeasurePrice>4.6333</UnitOfMeasurePrice>
      <AllowDiscount>1</AllowDiscount>
      <ItemStatus>1</ItemStatus>
      <ItemId>222240</ItemId>
    </Item>
    <Item>
      <PriceUpdateDate>2016-05-23 14:50:42</PriceUpdateDate>
      <ItemCode>2015475</ItemCode>
      <ItemType>0</ItemType>
      <ItemName>זית מנזלינו 15-17 א5</ItemName>
      <ManufacturerName>,</ManufacturerName>
      <ManufactureCountry>לא ידוע</ManufactureCountry>
      <ManufacturerItemDescription>זית מנזלינו 15-17 א5</ManufacturerItemDescription>
      <UnitQty>קילוגרמים</UnitQty>
      <Quantity>1.30</Quantity>
      <UnitOfMeasure>ק"ג     </UnitOfMeasure>
      <bIsWeighted>0</bIsWeighted>
      <QtyInPackage>1</QtyInPackage>
      <ItemPrice>14.90</ItemPrice>
      <UnitOfMeasurePrice>11.4615</UnitOfMeasurePrice>
      <AllowDiscount>1</AllowDiscount>
      <ItemStatus>1</ItemStatus>
      <ItemId>222241</ItemId>
    </Item>
    <Item>
      <PriceUpdateDate>2016-05-23 14:50:43</PriceUpdateDate>
      <ItemCode>2015499</ItemCode>
      <ItemType>0</ItemType>
      <ItemName>זית סורי מבוקע 15-17</ItemName>
      <ManufacturerName>,</ManufacturerName>
      <ManufactureCountry>לא ידוע</ManufactureCountry>
      <ManufacturerItemDescription>זית סורי מבוקע 15-17 א2</ManufacturerItemDescription>
      <UnitQty>גרמים</UnitQty>
      <Quantity>560.00</Quantity>
      <UnitOfMeasure>100 גרם</UnitOfMeasure>
      <bIsWeighted>0</bIsWeighted>
      <QtyInPackage>1</QtyInPackage>
      <ItemPrice>8.90</ItemPrice>
      <UnitOfMeasurePrice>1.5893</UnitOfMeasurePrice>
      <AllowDiscount>1</AllowDiscount>
      <ItemStatus>1</ItemStatus>
      <ItemId>222242</ItemId>
    </Item>
    <Item>
      <PriceUpdateDate>2016-05-23 14:50:43</PriceUpdateDate>
      <ItemCode>2015536</ItemCode>
      <ItemType>0</ItemType>
      <ItemName>זית מבוקע 17-20 א2</ItemName>
      <ManufacturerName>,</ManufacturerName>
      <ManufactureCountry>לא ידוע</ManufactureCountry>
      <ManufacturerItemDescription>זית מבוקע 17-20 א2</ManufacturerItemDescription>
      <UnitQty>גרמים</UnitQty>
      <Quantity>500.00</Quantity>
      <UnitOfMeasure>100 גרם</UnitOfMeasure>
      <bIsWeighted>0</bIsWeighted>
      <QtyInPackage>1</QtyInPackage>
      <ItemPrice>6.90</ItemPrice>
      <UnitOfMeasurePrice>1.3800</UnitOfMeasurePrice>
      <AllowDiscount>1</AllowDiscount>
      <ItemStatus>1</ItemStatus>
      <ItemId>222244</ItemId>
    </Item>
    <Item>
      <PriceUpdateDate>2016-05-23 14:50:44</PriceUpdateDate>
      <ItemCode>2015628</ItemCode>
      <ItemType>0</ItemType>
      <ItemName>פלפל אדום רצועות א2</ItemName>
      <ManufacturerName>,</ManufacturerName>
      <ManufactureCountry>לא ידוע</ManufactureCountry>
      <ManufacturerItemDescription>פלפל אדום רצועות א2</ManufacturerItemDescription>
      <UnitQty>גרמים</UnitQty>
      <Quantity>560.00</Quantity>
      <UnitOfMeasure>100 גרם</UnitOfMeasure>
      <bIsWeighted>0</bIsWeighted>
      <QtyInPackage>1</QtyInPackage>
      <ItemPrice>6.90</ItemPrice>
      <UnitOfMeasurePrice>1.2321</UnitOfMeasurePrice>
      <AllowDiscount>1</AllowDiscount>
      <ItemStatus>1</ItemStatus>
      <ItemId>222247</ItemId>
    </Item>
    <Item>
      <PriceUpdateDate>2015-01-01 00:00:00</PriceUpdateDate>
      <ItemCode>2015765</ItemCode>
      <ItemType>0</ItemType>
      <ItemName>חצילים EX א2</ItemName>
      <ManufacturerName>,</ManufacturerName>
      <ManufactureCountry>לא ידוע</ManufactureCountry>
      <ManufacturerItemDescription>חצילים EX א2</ManufacturerItemDescription>
      <UnitQty>גרמים</UnitQty>
      <Quantity>560.00</Quantity>
      <UnitOfMeasure>100 גרם</UnitOfMeasure>
      <bIsWeighted>0</bIsWeighted>
      <QtyInPackage>1</QtyInPackage>
      <ItemPrice>5.90</ItemPrice>
      <UnitOfMeasurePrice>1.0536</UnitOfMeasurePrice>
      <AllowDiscount>1</AllowDiscount>
      <ItemStatus>1</ItemStatus>
      <ItemId>222250</ItemId>
    </Item>
    <Item>
      <PriceUpdateDate>2016-05-23 14:50:45</PriceUpdateDate>
      <ItemCode>2015819</ItemCode>
      <ItemType>0</ItemType>
      <ItemName>זית מנזלינו 3 קג</ItemName>
      <ManufacturerName>,</ManufacturerName>
      <ManufactureCountry>לא ידוע</ManufactureCountry>
      <ManufacturerItemDescription>זית מנזלינו 3 ק"ג</ManufacturerItemDescription>
      <UnitQty>קילוגרמים</UnitQty>
      <Quantity>3.00</Quantity>
      <UnitOfMeasure>ק"ג     </UnitOfMeasure>
      <bIsWeighted>0</bIsWeighted>
      <QtyInPackage>1</QtyInPackage>
      <ItemPrice>28.90</ItemPrice>
      <UnitOfMeasurePrice>9.6333</UnitOfMeasurePrice>
      <AllowDiscount>1</AllowDiscount>
      <ItemStatus>1</ItemStatus>
      <ItemId>222251</ItemId>
    </Item>
    <Item>
      <PriceUpdateDate>2016-05-23 14:50:45</PriceUpdateDate>
      <ItemCode>2015833</ItemCode>
      <ItemType>0</ItemType>
      <ItemName>זית חרוזית ירוק 15-1</ItemName>
      <ManufacturerName>,</ManufacturerName>
      <ManufactureCountry>לא ידוע</ManufactureCountry>
      <ManufacturerItemDescription>זית חרוזית ירוק 15-17 א10</ManufacturerItemDescription>
      <UnitQty>קילוגרמים</UnitQty>
      <Quantity>1.50</Quantity>
      <UnitOfMeasure>ק"ג     </UnitOfMeasure>
      <bIsWeighted>0</bIsWeighted>
      <QtyInPackage>1</QtyInPackage>
      <ItemPrice>29.90</ItemPrice>
      <UnitOfMeasurePrice>19.9333</UnitOfMeasurePrice>
      <AllowDiscount>1</AllowDiscount>
      <ItemStatus>1</ItemStatus>
      <ItemId>222252</ItemId>
    </Item>
    <Item>
      <PriceUpdateDate>2015-01-01 00:00:00</PriceUpdateDate>
      <ItemCode>2022923</ItemCode>
      <ItemType>0</ItemType>
      <ItemName>לקקן תות 50 יח</ItemName>
      <ManufacturerName>כרמית</ManufacturerName>
      <ManufactureCountry>לא ידוע</ManufactureCountry>
      <ManufacturerItemDescription>לקקן תות 50 יח בד"צ</ManufacturerItemDescription>
      <UnitQty>גרמים</UnitQty>
      <Quantity>500.00</Quantity>
      <UnitOfMeasure>100 גרם</UnitOfMeasure>
      <bIsWeighted>0</bIsWeighted>
      <QtyInPackage>1</QtyInPackage>
      <ItemPrice>15.90</ItemPrice>
      <UnitOfMeasurePrice>3.1800</UnitOfMeasurePrice>
      <AllowDiscount>1</AllowDiscount>
      <ItemStatus>1</ItemStatus>
      <ItemId>222257</ItemId>
    </Item>
    <Item>
      <PriceUpdateDate>2015-01-01 00:00:00</PriceUpdateDate>
      <ItemCode>2035206</ItemCode>
      <ItemType>0</ItemType>
      <ItemName>חזרת בצנצנת אלדג 360</ItemName>
      <ManufacturerName>,</ManufacturerName>
      <ManufactureCountry>לא ידוע</ManufactureCountry>
      <ManufacturerItemDescription>חזרת בצנצנת אלדג 360 גרם</ManufacturerItemDescription>
      <UnitQty>גרמים</UnitQty>
      <Quantity>360.00</Quantity>
      <UnitOfMeasure>100 גרם</UnitOfMeasure>
      <bIsWeighted>0</bIsWeighted>
      <QtyInPackage>1</QtyInPackage>
      <ItemPrice>12.90</ItemPrice>
      <UnitOfMeasurePrice>3.5833</UnitOfMeasurePrice>
      <AllowDiscount>1</AllowDiscount>
      <ItemStatus>1</ItemStatus>
      <ItemId>222258</ItemId>
    </Item>
    <Item>
      <PriceUpdateDate>2015-01-01 00:00:00</PriceUpdateDate>
      <ItemCode>2035725</ItemCode>
      <ItemType>0</ItemType>
      <ItemName>גליל וויט פיש 626 גר</ItemName>
      <ManufacturerName>,</ManufacturerName>
      <ManufactureCountry>לא ידוע</ManufactureCountry>
      <ManufacturerItemDescription>גליל וויט פיש 626 גרם</ManufacturerItemDescription>
      <UnitQty>גרמים</UnitQty>
      <Quantity>623.00</Quantity>
      <UnitOfMeasure>100 גרם</UnitOfMeasure>
      <bIsWeighted>0</bIsWeighted>
      <QtyInPackage>1</QtyInPackage>
      <ItemPrice>37.90</ItemPrice>
      <UnitOfMeasurePrice>6.0835</UnitOfMeasurePrice>
      <AllowDiscount>1</AllowDiscount>
      <ItemStatus>1</ItemStatus>
      <ItemId>222259</ItemId>
    </Item>
    <Item>
      <PriceUpdateDate>2015-01-01 00:00:00</PriceUpdateDate>
      <ItemCode>2040064</ItemCode>
      <ItemType>0</ItemType>
      <ItemName>קוסקוס דק 350 גרם</ItemName>
      <ManufacturerName>קוסקוס מזון</ManufacturerName>
      <ManufactureCountry>ישראל</ManufactureCountry>
      <ManufacturerItemDescription>קוסקוס דק 350 גרם</ManufacturerItemDescription>
      <UnitQty>גרמים</UnitQty>
      <Quantity>350.00</Quantity>
      <UnitOfMeasure>100 גרם</UnitOfMeasure>
      <bIsWeighted>0</bIsWeighted>
      <QtyInPackage>1</QtyInPackage>
      <ItemPrice>4.80</ItemPrice>
      <UnitOfMeasurePrice>1.3714</UnitOfMeasurePrice>
      <AllowDiscount>1</AllowDiscount>
      <ItemStatus>1</ItemStatus>
      <ItemId>222261</ItemId>
    </Item>
    <Item>
      <PriceUpdateDate>2015-01-01 00:00:00</PriceUpdateDate>
      <ItemCode>2040071</ItemCode>
      <ItemType>0</ItemType>
      <ItemName>קוסקוס עבה 350 גרם</ItemName>
      <ManufacturerName>קוסקוס מזון</ManufacturerName>
      <ManufactureCountry>ישראל</ManufactureCountry>
      <ManufacturerItemDescription>קוסקוס עבה 350 גרם</ManufacturerItemDescription>
      <UnitQty>גרמים</UnitQty>
      <Quantity>350.00</Quantity>
      <UnitOfMeasure>100 גרם</UnitOfMeasure>
      <bIsWeighted>0</bIsWeighted>
      <QtyInPackage>1</QtyInPackage>
      <ItemPrice>4.80</ItemPrice>
      <UnitOfMeasurePrice>1.3714</UnitOfMeasurePrice>
      <AllowDiscount>1</AllowDiscount>
      <ItemStatus>1</ItemStatus>
      <ItemId>222262</ItemId>
    </Item>
    <Item>
      <PriceUpdateDate>2015-01-01 00:00:00</PriceUpdateDate>
      <ItemCode>2040088</ItemCode>
      <ItemType>0</ItemType>
      <ItemName>קוסקוס מלא 350 גרם</ItemName>
      <ManufacturerName>קוסקוס מזון</ManufacturerName>
      <ManufactureCountry>ישראל</ManufactureCountry>
      <ManufacturerItemDescription>קוסקוס מלא 350 גרם</ManufacturerItemDescription>
      <UnitQty>גרמים</UnitQty>
      <Quantity>350.00</Quantity>
      <UnitOfMeasure>100 גרם</UnitOfMeasure>
      <bIsWeighted>0</bIsWeighted>
      <QtyInPackage>1</QtyInPackage>
      <ItemPrice>5.80</ItemPrice>
      <UnitOfMeasurePrice>1.6571</UnitOfMeasurePrice>
      <AllowDiscount>1</AllowDiscount>
      <ItemStatus>1</ItemStatus>
      <ItemId>222263</ItemId>
    </Item>
    <Item>
      <PriceUpdateDate>2015-01-01 00:00:00</PriceUpdateDate>
      <ItemCode>2075035</ItemCode>
      <ItemType>0</ItemType>
      <ItemName>אובלטים בשקית 500 גר</ItemName>
      <ManufacturerName>,</ManufacturerName>
      <ManufactureCountry>לא ידוע</ManufactureCountry>
      <ManufacturerItemDescription>אובלטים בשקית 500 גרם</ManufacturerItemDescription>
      <UnitQty>גרמים</UnitQty>
      <Quantity>500.00</Quantity>
      <UnitOfMeasure>100 גרם</UnitOfMeasure>
      <bIsWeighted>0</bIsWeighted>
      <QtyInPackage>1</QtyInPackage>
      <ItemPrice>13.90</ItemPrice>
      <UnitOfMeasurePrice>2.7800</UnitOfMeasurePrice>
      <AllowDiscount>1</AllowDiscount>
      <ItemStatus>1</ItemStatus>
      <ItemId>222267</ItemId>
    </Item>
    <Item>
      <PriceUpdateDate>2015-01-01 00:00:00</PriceUpdateDate>
      <ItemCode>209012</ItemCode>
      <ItemType>0</ItemType>
      <ItemName>חומץ 5% 1 ליטר יכין</ItemName>
      <ManufacturerName>זנלכל</ManufacturerName>
      <ManufactureCountry>לא ידוע</ManufactureCountry>
      <ManufacturerItemDescription>חומץ 5% 1 ליטר יכין</ManufacturerItemDescription>
      <UnitQty>ליטרים</UnitQty>
      <Quantity>1.00</Quantity>
      <UnitOfMeasure>ליטר    </UnitOfMeasure>
      <bIsWeighted>0</bIsWeighted>
      <QtyInPackage>1</QtyInPackage>
      <ItemPrice>4.90</ItemPrice>
      <UnitOfMeasurePrice>4.9000</UnitOfMeasurePrice>
      <AllowDiscount>1</AllowDiscount>
      <ItemStatus>1</ItemStatus>
      <ItemId>222270</ItemId>
    </Item>
    <Item>
      <PriceUpdateDate>2015-01-01 00:00:00</PriceUpdateDate>
      <ItemCode>209043</ItemCode>
      <ItemType>0</ItemType>
      <ItemName>מיץ לימון 1 ליטר יכי</ItemName>
      <ManufacturerName>זנלכל</ManufacturerName>
      <ManufactureCountry>לא ידוע</ManufactureCountry>
      <ManufacturerItemDescription>מיץ לימון 1 ליטר יכין</ManufacturerItemDescription>
      <UnitQty>ליטרים</UnitQty>
      <Quantity>1.00</Quantity>
      <UnitOfMeasure>ליטר    </UnitOfMeasure>
      <bIsWeighted>0</bIsWeighted>
      <QtyInPackage>1</QtyInPackage>
      <ItemPrice>4.90</ItemPrice>
      <UnitOfMeasurePrice>4.9000</UnitOfMeasurePrice>
      <AllowDiscount>1</AllowDiscount>
      <ItemStatus>1</ItemStatus>
      <ItemId>222271</ItemId>
    </Item>
    <Item>
      <PriceUpdateDate>2015-01-01 00:00:00</PriceUpdateDate>
      <ItemCode>209722</ItemCode>
      <ItemType>0</ItemType>
      <ItemName>פריכוז  A2</ItemName>
      <ManufacturerName>זנלכל</ManufacturerName>
      <ManufactureCountry>לא ידוע</ManufactureCountry>
      <ManufacturerItemDescription>פריכוז  A2</ManufacturerItemDescription>
      <UnitQty>גרמים</UnitQty>
      <Quantity>580.00</Quantity>
      <UnitOfMeasure>100 גרם</UnitOfMeasure>
      <bIsWeighted>0</bIsWeighted>
      <QtyInPackage>1</QtyInPackage>
      <ItemPrice>6.90</ItemPrice>
      <UnitOfMeasurePrice>1.1897</UnitOfMeasurePrice>
      <AllowDiscount>1</AllowDiscount>
      <ItemStatus>1</ItemStatus>
      <ItemId>222274</ItemId>
    </Item>
    <Item>
      <PriceUpdateDate>2015-01-01 00:00:00</PriceUpdateDate>
      <ItemCode>2107019</ItemCode>
      <ItemType>0</ItemType>
      <ItemName>גבינה צפתית 5% מעודנ</ItemName>
      <ManufacturerName>מחלבת משק צוריאל</ManufacturerName>
      <ManufactureCountry>לא ידוע</ManufactureCountry>
      <ManufacturerItemDescription>גבינה צפתית 5% מעודנת 250 גרם</ManufacturerItemDescription>
      <UnitQty>גרמים</UnitQty>
      <Quantity>250.00</Quantity>
      <UnitOfMeasure>100 גרם</UnitOfMeasure>
      <bIsWeighted>0</bIsWeighted>
      <QtyInPackage>1</QtyInPackage>
      <ItemPrice>17.80</ItemPrice>
      <UnitOfMeasurePrice>7.1200</UnitOfMeasurePrice>
      <AllowDiscount>1</AllowDiscount>
      <ItemStatus>1</ItemStatus>
      <ItemId>222277</ItemId>
    </Item>
    <Item>
      <PriceUpdateDate>2015-01-01 00:00:00</PriceUpdateDate>
      <ItemCode>2107491</ItemCode>
      <ItemType>0</ItemType>
      <ItemName>גבינת עיזים 5% למריח</ItemName>
      <ManufacturerName>מחלבת משק צוריאל</ManufacturerName>
      <ManufactureCountry>לא ידוע</ManufactureCountry>
      <ManufacturerItemDescription>גבינת עיזים 5% למריחה 250 גרם</ManufacturerItemDescription>
      <UnitQty>גרמים</UnitQty>
      <Quantity>250.00</Quantity>
      <UnitOfMeasure>100 גרם</UnitOfMeasure>
      <bIsWeighted>0</bIsWeighted>
      <QtyInPackage>1</QtyInPackage>
      <ItemPrice>13.90</ItemPrice>
      <UnitOfMeasurePrice>5.5600</UnitOfMeasurePrice>
      <AllowDiscount>1</AllowDiscount>
      <ItemStatus>1</ItemStatus>
      <ItemId>222281</ItemId>
    </Item>
    <Item>
      <PriceUpdateDate>2015-01-01 00:00:00</PriceUpdateDate>
      <ItemCode>2111085</ItemCode>
      <ItemType>0</ItemType>
      <ItemName>רסק עגבניות 100 גרם</ItemName>
      <ManufacturerName>זנלכל</ManufacturerName>
      <ManufactureCountry>לא ידוע</ManufactureCountry>
      <ManufacturerItemDescription>רסק עגבניות 100 גרם פרי מבורך</ManufacturerItemDescription>
      <UnitQty>גרמים</UnitQty>
      <Quantity>400.00</Quantity>
      <UnitOfMeasure>100 גרם</UnitOfMeasure>
      <bIsWeighted>0</bIsWeighted>
      <QtyInPackage>1</QtyInPackage>
      <ItemPrice>1.70</ItemPrice>
      <UnitOfMeasurePrice>0.4250</UnitOfMeasurePrice>
      <AllowDiscount>1</AllowDiscount>
      <ItemStatus>1</ItemStatus>
      <ItemId>222284</ItemId>
    </Item>
    <Item>
      <PriceUpdateDate>2015-01-01 00:00:00</PriceUpdateDate>
      <ItemCode>2111139</ItemCode>
      <ItemType>0</ItemType>
      <ItemName>רסק תפו"ע ללא סוכר</ItemName>
      <ManufacturerName>זנלכל</ManufacturerName>
      <ManufactureCountry>לא ידוע</ManufactureCountry>
      <ManufacturerItemDescription>רסק תפו"ע ללא סוכר 560 גרם פרי מבורך</ManufacturerItemDescription>
      <UnitQty>גרמים</UnitQty>
      <Quantity>560.00</Quantity>
      <UnitOfMeasure>100 גרם</UnitOfMeasure>
      <bIsWeighted>0</bIsWeighted>
      <QtyInPackage>1</QtyInPackage>
      <ItemPrice>6.90</ItemPrice>
      <UnitOfMeasurePrice>1.2321</UnitOfMeasurePrice>
      <AllowDiscount>1</AllowDiscount>
      <ItemStatus>1</ItemStatus>
      <ItemId>222286</ItemId>
    </Item>
    <Item>
      <PriceUpdateDate>2015-01-01 00:00:00</PriceUpdateDate>
      <ItemCode>2111214</ItemCode>
      <ItemType>0</ItemType>
      <ItemName>תירס גרעינים לייט פר</ItemName>
      <ManufacturerName>זנלכל</ManufacturerName>
      <ManufactureCountry>לא ידוע</ManufactureCountry>
      <ManufacturerItemDescription>תירס גרעינים לייט פרי מבורך</ManufacturerItemDescription>
      <UnitQty>גרמים</UnitQty>
      <Quantity>550.00</Quantity>
      <UnitOfMeasure>100 גרם</UnitOfMeasure>
      <bIsWeighted>0</bIsWeighted>
      <QtyInPackage>1</QtyInPackage>
      <ItemPrice>6.60</ItemPrice>
      <UnitOfMeasurePrice>1.2000</UnitOfMeasurePrice>
      <AllowDiscount>1</AllowDiscount>
      <ItemStatus>1</ItemStatus>
      <ItemId>222287</ItemId>
    </Item>
    <Item>
      <PriceUpdateDate>2015-01-01 00:00:00</PriceUpdateDate>
      <ItemCode>2111337</ItemCode>
      <ItemType>0</ItemType>
      <ItemName>רסק עגבניות 260 גרם</ItemName>
      <ManufacturerName>זנלכל</ManufacturerName>
      <ManufactureCountry>לא ידוע</ManufactureCountry>
      <ManufacturerItemDescription>רסק עגבניות 260 גרם פרי מבורך</ManufacturerItemDescription>
      <UnitQty>גרמים</UnitQty>
      <Quantity>260.00</Quantity>
      <UnitOfMeasure>100 גרם</UnitOfMeasure>
      <bIsWeighted>0</bIsWeighted>
      <QtyInPackage>1</QtyInPackage>
      <ItemPrice>3.50</ItemPrice>
      <UnitOfMeasurePrice>1.3462</UnitOfMeasurePrice>
      <AllowDiscount>1</AllowDiscount>
      <ItemStatus>1</ItemStatus>
      <ItemId>222290</ItemId>
    </Item>
    <Item>
      <PriceUpdateDate>2015-01-01 00:00:00</PriceUpdateDate>
      <ItemCode>2111474</ItemCode>
      <ItemType>0</ItemType>
      <ItemName>אפונת גדולה פרי מבור</ItemName>
      <ManufacturerName>זנלכל</ManufacturerName>
      <ManufactureCountry>לא ידוע</ManufactureCountry>
      <ManufacturerItemDescription>אפונת גדולה פרי מבורך 550 גרם פרי מבורך</ManufacturerItemDescription>
      <UnitQty>גרמים</UnitQty>
      <Quantity>550.00</Quantity>
      <UnitOfMeasure>100 גרם</UnitOfMeasure>
      <bIsWeighted>0</bIsWeighted>
      <QtyInPackage>1</QtyInPackage>
      <ItemPrice>5.90</ItemPrice>
      <UnitOfMeasurePrice>1.0727</UnitOfMeasurePrice>
      <AllowDiscount>1</AllowDiscount>
      <ItemStatus>1</ItemStatus>
      <ItemId>222291</ItemId>
    </Item>
    <Item>
      <PriceUpdateDate>2015-01-01 00:00:00</PriceUpdateDate>
      <ItemCode>2111511</ItemCode>
      <ItemType>0</ItemType>
      <ItemName>אפונה וגזר פרי מבורך</ItemName>
      <ManufacturerName>זנלכל</ManufacturerName>
      <ManufactureCountry>לא ידוע</ManufactureCountry>
      <ManufacturerItemDescription>אפונה וגזר פרי מבורך 550 גרם פרי מבורך</ManufacturerItemDescription>
      <UnitQty>גרמים</UnitQty>
      <Quantity>550.00</Quantity>
      <UnitOfMeasure>100 גרם</UnitOfMeasure>
      <bIsWeighted>0</bIsWeighted>
      <QtyInPackage>1</QtyInPackage>
      <ItemPrice>5.90</ItemPrice>
      <UnitOfMeasurePrice>1.0727</UnitOfMeasurePrice>
      <AllowDiscount>1</AllowDiscount>
      <ItemStatus>1</ItemStatus>
      <ItemId>222292</ItemId>
    </Item>
    <Item>
      <PriceUpdateDate>2015-01-01 00:00:00</PriceUpdateDate>
      <ItemCode>2111634</ItemCode>
      <ItemType>0</ItemType>
      <ItemName>חומוס 550 גרם פרי מב</ItemName>
      <ManufacturerName>זנלכל</ManufacturerName>
      <ManufactureCountry>לא ידוע</ManufactureCountry>
      <ManufacturerItemDescription>חומוס 550 גרם פרי מבורך</ManufacturerItemDescription>
      <UnitQty>גרמים</UnitQty>
      <Quantity>600.00</Quantity>
      <UnitOfMeasure>100 גרם</UnitOfMeasure>
      <bIsWeighted>0</bIsWeighted>
      <QtyInPackage>1</QtyInPackage>
      <ItemPrice>6.50</ItemPrice>
      <UnitOfMeasurePrice>1.0833</UnitOfMeasurePrice>
      <AllowDiscount>1</AllowDiscount>
      <ItemStatus>1</ItemStatus>
      <ItemId>222293</ItemId>
    </Item>
    <Item>
      <PriceUpdateDate>2015-01-01 00:00:00</PriceUpdateDate>
      <ItemCode>2111672</ItemCode>
      <ItemType>0</ItemType>
      <ItemName>רסק עגבניות 22% פ.מב</ItemName>
      <ManufacturerName>זנלכל</ManufacturerName>
      <ManufactureCountry>לא ידוע</ManufactureCountry>
      <ManufacturerItemDescription>רסק עגבניות 22% פ.מבורך 570 גרם</ManufacturerItemDescription>
      <UnitQty>גרמים</UnitQty>
      <Quantity>570.00</Quantity>
      <UnitOfMeasure>100 גרם</UnitOfMeasure>
      <bIsWeighted>0</bIsWeighted>
      <QtyInPackage>1</QtyInPackage>
      <ItemPrice>5.90</ItemPrice>
      <UnitOfMeasurePrice>1.0351</UnitOfMeasurePrice>
      <AllowDiscount>1</AllowDiscount>
      <ItemStatus>1</ItemStatus>
      <ItemId>222294</ItemId>
    </Item>
    <Item>
      <PriceUpdateDate>2015-01-01 00:00:00</PriceUpdateDate>
      <ItemCode>2111696</ItemCode>
      <ItemType>0</ItemType>
      <ItemName>עגבניות מרוסקות 800</ItemName>
      <ManufacturerName>זנלכל</ManufacturerName>
      <ManufactureCountry>לא ידוע</ManufactureCountry>
      <ManufacturerItemDescription>עגבניות מרוסקות 800 גרם פרי מבורך</ManufacturerItemDescription>
      <UnitQty>גרמים</UnitQty>
      <Quantity>800.00</Quantity>
      <UnitOfMeasure>100 גרם</UnitOfMeasure>
      <bIsWeighted>0</bIsWeighted>
      <QtyInPackage>1</QtyInPackage>
      <ItemPrice>6.50</ItemPrice>
      <UnitOfMeasurePrice>0.8125</UnitOfMeasurePrice>
      <AllowDiscount>1</AllowDiscount>
      <ItemStatus>1</ItemStatus>
      <ItemId>222296</ItemId>
    </Item>
    <Item>
      <PriceUpdateDate>2015-01-01 00:00:00</PriceUpdateDate>
      <ItemCode>2111764</ItemCode>
      <ItemType>0</ItemType>
      <ItemName>שעועית ברוטב עגבניות</ItemName>
      <ManufacturerName>זנלכל</ManufacturerName>
      <ManufactureCountry>לא ידוע</ManufactureCountry>
      <ManufacturerItemDescription>שעועית ברוטב עגבניות 580 גרם פרי מבורך</ManufacturerItemDescription>
      <UnitQty>גרמים</UnitQty>
      <Quantity>580.00</Quantity>
      <UnitOfMeasure>100 גרם</UnitOfMeasure>
      <bIsWeighted>0</bIsWeighted>
      <QtyInPackage>1</QtyInPackage>
      <ItemPrice>6.50</ItemPrice>
      <UnitOfMeasurePrice>1.1207</UnitOfMeasurePrice>
      <AllowDiscount>1</AllowDiscount>
      <ItemStatus>1</ItemStatus>
      <ItemId>222298</ItemId>
    </Item>
    <Item>
      <PriceUpdateDate>2015-01-01 00:00:00</PriceUpdateDate>
      <ItemCode>2111818</ItemCode>
      <ItemType>0</ItemType>
      <ItemName>תירס גרעינים 340 גרם</ItemName>
      <ManufacturerName>זנלכל</ManufacturerName>
      <ManufactureCountry>לא ידוע</ManufactureCountry>
      <ManufacturerItemDescription>תירס גרעינים 340 גרם  פרי מבורך ואקום</ManufacturerItemDescription>
      <UnitQty>גרמים</UnitQty>
      <Quantity>340.00</Quantity>
      <UnitOfMeasure>100 גרם</UnitOfMeasure>
      <bIsWeighted>0</bIsWeighted>
      <QtyInPackage>1</QtyInPackage>
      <ItemPrice>5.00</ItemPrice>
      <UnitOfMeasurePrice>1.4706</UnitOfMeasurePrice>
      <AllowDiscount>1</AllowDiscount>
      <ItemStatus>1</ItemStatus>
      <ItemId>222299</ItemId>
    </Item>
    <Item>
      <PriceUpdateDate>2015-01-01 00:00:00</PriceUpdateDate>
      <ItemCode>2111825</ItemCode>
      <ItemType>0</ItemType>
      <ItemName>תירס גרעינים  550 גר</ItemName>
      <ManufacturerName>זנלכל</ManufacturerName>
      <ManufactureCountry>לא ידוע</ManufactureCountry>
      <ManufacturerItemDescription>תירס גרעינים  550 גרם פרי מבורך</ManufacturerItemDescription>
      <UnitQty>גרמים</UnitQty>
      <Quantity>550.00</Quantity>
      <UnitOfMeasure>100 גרם</UnitOfMeasure>
      <bIsWeighted>0</bIsWeighted>
      <QtyInPackage>1</QtyInPackage>
      <ItemPrice>5.90</ItemPrice>
      <UnitOfMeasurePrice>1.0727</UnitOfMeasurePrice>
      <AllowDiscount>1</AllowDiscount>
      <ItemStatus>1</ItemStatus>
      <ItemId>222300</ItemId>
    </Item>
    <Item>
      <PriceUpdateDate>2015-01-01 00:00:00</PriceUpdateDate>
      <ItemCode>2111849</ItemCode>
      <ItemType>0</ItemType>
      <ItemName>תירס גרעינים ואקום</ItemName>
      <ManufacturerName>זנלכל</ManufacturerName>
      <ManufactureCountry>לא ידוע</ManufactureCountry>
      <ManufacturerItemDescription>תירס גרעינים 326 ג פרי מבורך ואקום לייט</ManufacturerItemDescription>
      <UnitQty>גרמים</UnitQty>
      <Quantity>340.00</Quantity>
      <UnitOfMeasure>100 גרם</UnitOfMeasure>
      <bIsWeighted>0</bIsWeighted>
      <QtyInPackage>1</QtyInPackage>
      <ItemPrice>5.00</ItemPrice>
      <UnitOfMeasurePrice>1.4706</UnitOfMeasurePrice>
      <AllowDiscount>1</AllowDiscount>
      <ItemStatus>1</ItemStatus>
      <ItemId>222301</ItemId>
    </Item>
    <Item>
      <PriceUpdateDate>2015-01-01 00:00:00</PriceUpdateDate>
      <ItemCode>211312</ItemCode>
      <ItemType>0</ItemType>
      <ItemName>אורז מלא חום סוגת 1</ItemName>
      <ManufacturerName>סוגת תעשיות בעמ</ManufacturerName>
      <ManufactureCountry>ישראל</ManufactureCountry>
      <ManufacturerItemDescription>אורז מלא חום סוגת 1 קג</ManufacturerItemDescription>
      <UnitQty>קילוגרמים</UnitQty>
      <Quantity>1.00</Quantity>
      <UnitOfMeasure>ק"ג     </UnitOfMeasure>
      <bIsWeighted>0</bIsWeighted>
      <QtyInPackage>1</QtyInPackage>
      <ItemPrice>8.90</ItemPrice>
      <UnitOfMeasurePrice>8.9000</UnitOfMeasurePrice>
      <AllowDiscount>1</AllowDiscount>
      <ItemStatus>1</ItemStatus>
      <ItemId>222303</ItemId>
    </Item>
    <Item>
      <PriceUpdateDate>2015-01-01 00:00:00</PriceUpdateDate>
      <ItemCode>211381</ItemCode>
      <ItemType>0</ItemType>
      <ItemName>סוכר חום שקית 1 ק"ג</ItemName>
      <ManufacturerName>סוגת תעשיות בעמ</ManufacturerName>
      <ManufactureCountry>ישראל</ManufactureCountry>
      <ManufacturerItemDescription>סוכר חום שקית 1 קג</ManufacturerItemDescription>
      <UnitQty>קילוגרמים</UnitQty>
      <Quantity>1.00</Quantity>
      <UnitOfMeasure>ק"ג     </UnitOfMeasure>
      <bIsWeighted>0</bIsWeighted>
      <QtyInPackage>1</QtyInPackage>
      <ItemPrice>11.90</ItemPrice>
      <UnitOfMeasurePrice>11.9000</UnitOfMeasurePrice>
      <AllowDiscount>1</AllowDiscount>
      <ItemStatus>1</ItemStatus>
      <ItemId>222304</ItemId>
    </Item>
    <Item>
      <PriceUpdateDate>2015-09-20 12:24:35</PriceUpdateDate>
      <ItemCode>211442</ItemCode>
      <ItemType>0</ItemType>
      <ItemName>אורז פרסי 1 קג</ItemName>
      <ManufacturerName>,</ManufacturerName>
      <ManufactureCountry>לא ידוע</ManufactureCountry>
      <ManufacturerItemDescription>אורז פרסי 1 ק"ג</ManufacturerItemDescription>
      <UnitQty>קילוגרמים</UnitQty>
      <Quantity>1.00</Quantity>
      <UnitOfMeasure>ק"ג     </UnitOfMeasure>
      <bIsWeighted>0</bIsWeighted>
      <QtyInPackage>1</QtyInPackage>
      <ItemPrice>7.90</ItemPrice>
      <UnitOfMeasurePrice>7.9000</UnitOfMeasurePrice>
      <AllowDiscount>1</AllowDiscount>
      <ItemStatus>1</ItemStatus>
      <ItemId>222305</ItemId>
    </Item>
    <Item>
      <PriceUpdateDate>2015-01-01 00:00:00</PriceUpdateDate>
      <ItemCode>211503</ItemCode>
      <ItemType>0</ItemType>
      <ItemName>סוכר סוגת 1 קג</ItemName>
      <ManufacturerName>,</ManufacturerName>
      <ManufactureCountry>לא ידוע</ManufactureCountry>
      <ManufacturerItemDescription>סוכר סוגת 1 ק"ג</ManufacturerItemDescription>
      <UnitQty>קילוגרמים</UnitQty>
      <Quantity>1.00</Quantity>
      <UnitOfMeasure>ק"ג     </UnitOfMeasure>
      <bIsWeighted>0</bIsWeighted>
      <QtyInPackage>1</QtyInPackage>
      <ItemPrice>4.90</ItemPrice>
      <UnitOfMeasurePrice>4.9000</UnitOfMeasurePrice>
      <AllowDiscount>1</AllowDiscount>
      <ItemStatus>1</ItemStatus>
      <ItemId>222306</ItemId>
    </Item>
    <Item>
      <PriceUpdateDate>2015-01-01 00:00:00</PriceUpdateDate>
      <ItemCode>2118299</ItemCode>
      <ItemType>0</ItemType>
      <ItemName>צמרוני אוזניים לתינו</ItemName>
      <ManufacturerName>,</ManufacturerName>
      <ManufactureCountry>לא ידוע</ManufactureCountry>
      <ManufacturerItemDescription>צמרוני אוזניים לתינוק 130</ManufacturerItemDescription>
      <UnitQty>Unknown </UnitQty>
      <Quantity>0.00</Quantity>
      <UnitOfMeasure>Unknown </UnitOfMeasure>
      <bIsWeighted>0</bIsWeighted>
      <QtyInPackage>1</QtyInPackage>
      <ItemPrice>7.90</ItemPrice>
      <UnitOfMeasurePrice>0.0000</UnitOfMeasurePrice>
      <AllowDiscount>1</AllowDiscount>
      <ItemStatus>1</ItemStatus>
      <ItemId>222307</ItemId>
    </Item>
    <Item>
      <PriceUpdateDate>2015-01-01 00:00:00</PriceUpdateDate>
      <ItemCode>2128090</ItemCode>
      <ItemType>0</ItemType>
      <ItemName>נר נשמה בכוס</ItemName>
      <ManufacturerName>,</ManufacturerName>
      <ManufactureCountry>לא ידוע</ManufactureCountry>
      <ManufacturerItemDescription>נר נשמה בכוס</ManufacturerItemDescription>
      <UnitQty>Unknown </UnitQty>
      <Quantity>0.00</Quantity>
      <UnitOfMeasure>Unknown </UnitOfMeasure>
      <bIsWeighted>0</bIsWeighted>
      <QtyInPackage>1</QtyInPackage>
      <ItemPrice>2.30</ItemPrice>
      <UnitOfMeasurePrice>0.0000</UnitOfMeasurePrice>
      <AllowDiscount>1</AllowDiscount>
      <ItemStatus>1</ItemStatus>
      <ItemId>222314</ItemId>
    </Item>
    <Item>
      <PriceUpdateDate>2015-01-01 00:00:00</PriceUpdateDate>
      <ItemCode>2128212</ItemCode>
      <ItemType>0</ItemType>
      <ItemName>נרות שבת 6 יח</ItemName>
      <ManufacturerName>,</ManufacturerName>
      <ManufactureCountry>לא ידוע</ManufactureCountry>
      <ManufacturerItemDescription>נרות שבת 6 יח</ManufacturerItemDescription>
      <UnitQty>Unknown </UnitQty>
      <Quantity>0.00</Quantity>
      <UnitOfMeasure>Unknown </UnitOfMeasure>
      <bIsWeighted>0</bIsWeighted>
      <QtyInPackage>1</QtyInPackage>
      <ItemPrice>3.50</ItemPrice>
      <UnitOfMeasurePrice>0.0000</UnitOfMeasurePrice>
      <AllowDiscount>1</AllowDiscount>
      <ItemStatus>1</ItemStatus>
      <ItemId>222315</ItemId>
    </Item>
    <Item>
      <PriceUpdateDate>2015-01-01 00:00:00</PriceUpdateDate>
      <ItemCode>2128267</ItemCode>
      <ItemType>0</ItemType>
      <ItemName>נרות שבת 20 יח</ItemName>
      <ManufacturerName>,</ManufacturerName>
      <ManufactureCountry>לא ידוע</ManufactureCountry>
      <ManufacturerItemDescription>נרות שבת 20 יח</ManufacturerItemDescription>
      <UnitQty>Unknown </UnitQty>
      <Quantity>0.00</Quantity>
      <UnitOfMeasure>Unknown </UnitOfMeasure>
      <bIsWeighted>0</bIsWeighted>
      <QtyInPackage>1</QtyInPackage>
      <ItemPrice>3.50</ItemPrice>
      <UnitOfMeasurePrice>0.0000</UnitOfMeasurePrice>
      <AllowDiscount>1</AllowDiscount>
      <ItemStatus>1</ItemStatus>
      <ItemId>222320</ItemId>
    </Item>
    <Item>
      <PriceUpdateDate>2015-01-01 00:00:00</PriceUpdateDate>
      <ItemCode>2128311</ItemCode>
      <ItemType>0</ItemType>
      <ItemName>נר נשמה בכוס 7 ימים</ItemName>
      <ManufacturerName>,</ManufacturerName>
      <ManufactureCountry>לא ידוע</ManufactureCountry>
      <ManufacturerItemDescription>נר נשמה בכוס 7 ימים</ManufacturerItemDescription>
      <UnitQty>Unknown </UnitQty>
      <Quantity>0.00</Quantity>
      <UnitOfMeasure>Unknown </UnitOfMeasure>
      <bIsWeighted>0</bIsWeighted>
      <QtyInPackage>1</QtyInPackage>
      <ItemPrice>8.90</ItemPrice>
      <UnitOfMeasurePrice>0.0000</UnitOfMeasurePrice>
      <AllowDiscount>1</AllowDiscount>
      <ItemStatus>1</ItemStatus>
      <ItemId>222321</ItemId>
    </Item>
    <Item>
      <PriceUpdateDate>2015-01-01 00:00:00</PriceUpdateDate>
      <ItemCode>2130581</ItemCode>
      <ItemType>0</ItemType>
      <ItemName>דבש בצנצנת זכוכית 1</ItemName>
      <ManufacturerName>שטראוס</ManufacturerName>
      <ManufactureCountry>ישראל</ManufactureCountry>
      <ManufacturerItemDescription>דבש בצנצנת זכוכית 1 קג</ManufacturerItemDescription>
      <UnitQty>קילוגרמים</UnitQty>
      <Quantity>1.00</Quantity>
      <UnitOfMeasure>ק"ג     </UnitOfMeasure>
      <bIsWeighted>0</bIsWeighted>
      <QtyInPackage>1</QtyInPackage>
      <ItemPrice>39.90</ItemPrice>
      <UnitOfMeasurePrice>39.9000</UnitOfMeasurePrice>
      <AllowDiscount>1</AllowDiscount>
      <ItemStatus>1</ItemStatus>
      <ItemId>222325</ItemId>
    </Item>
    <Item>
      <PriceUpdateDate>2015-01-01 00:00:00</PriceUpdateDate>
      <ItemCode>2209652</ItemCode>
      <ItemType>0</ItemType>
      <ItemName>דאודורנט  מגנום דאוד</ItemName>
      <ManufacturerName>,</ManufacturerName>
      <ManufactureCountry>לא ידוע</ManufactureCountry>
      <ManufacturerItemDescription>דאודורנט  מגנום דאוד.ספריי 200 מ"ל</ManufacturerItemDescription>
      <UnitQty>מיליליטרים</UnitQty>
      <Quantity>200.00</Quantity>
      <UnitOfMeasure>100 מ"ל</UnitOfMeasure>
      <bIsWeighted>0</bIsWeighted>
      <QtyInPackage>1</QtyInPackage>
      <ItemPrice>17.90</ItemPrice>
      <UnitOfMeasurePrice>8.9500</UnitOfMeasurePrice>
      <AllowDiscount>1</AllowDiscount>
      <ItemStatus>1</ItemStatus>
      <ItemId>222342</ItemId>
    </Item>
    <Item>
      <PriceUpdateDate>2016-05-19 08:12:00</PriceUpdateDate>
      <ItemCode>9002218</ItemCode>
      <ItemType>0</ItemType>
      <ItemName>ארטישוק</ItemName>
      <ManufacturerName>,</ManufacturerName>
      <ManufactureCountry>לא ידוע</ManufactureCountry>
      <ManufacturerItemDescription>ארטישוק</ManufacturerItemDescription>
      <UnitQty>קילוגרמים</UnitQty>
      <Quantity>1.00</Quantity>
      <UnitOfMeasure>ק"ג</UnitOfMeasure>
      <bIsWeighted>1</bIsWeighted>
      <QtyInPackage>לא ידוע</QtyInPackage>
      <ItemPrice>7.90</ItemPrice>
      <UnitOfMeasurePrice>7.9000</UnitOfMeasurePrice>
      <AllowDiscount>1</AllowDiscount>
      <ItemStatus>1</ItemStatus>
      <ItemId>222343</ItemId>
    </Item>
    <Item>
      <PriceUpdateDate>2015-01-01 00:00:00</PriceUpdateDate>
      <ItemCode>2253150</ItemCode>
      <ItemType>0</ItemType>
      <ItemName>בזיליקום טרי קצוץ 70</ItemName>
      <ManufacturerName>דורות</ManufacturerName>
      <ManufactureCountry>ישראל</ManufactureCountry>
      <ManufacturerItemDescription>בזיליקום טרי קצוץ 70 גרם</ManufacturerItemDescription>
      <UnitQty>גרמים</UnitQty>
      <Quantity>70.00</Quantity>
      <UnitOfMeasure>100 גרם</UnitOfMeasure>
      <bIsWeighted>0</bIsWeighted>
      <QtyInPackage>1</QtyInPackage>
      <ItemPrice>9.50</ItemPrice>
      <UnitOfMeasurePrice>13.5714</UnitOfMeasurePrice>
      <AllowDiscount>1</AllowDiscount>
      <ItemStatus>1</ItemStatus>
      <ItemId>222360</ItemId>
    </Item>
    <Item>
      <PriceUpdateDate>2015-01-01 00:00:00</PriceUpdateDate>
      <ItemCode>2253167</ItemCode>
      <ItemType>0</ItemType>
      <ItemName>פטרוזיליה קצוצה קפוא</ItemName>
      <ManufacturerName>דורות</ManufacturerName>
      <ManufactureCountry>ישראל</ManufactureCountry>
      <ManufacturerItemDescription>פטרוזיליה קצוצה קפואה 70 גרם</ManufacturerItemDescription>
      <UnitQty>גרמים</UnitQty>
      <Quantity>70.00</Quantity>
      <UnitOfMeasure>100 גרם</UnitOfMeasure>
      <bIsWeighted>0</bIsWeighted>
      <QtyInPackage>1</QtyInPackage>
      <ItemPrice>9.50</ItemPrice>
      <UnitOfMeasurePrice>13.5714</UnitOfMeasurePrice>
      <AllowDiscount>1</AllowDiscount>
      <ItemStatus>1</ItemStatus>
      <ItemId>222361</ItemId>
    </Item>
    <Item>
      <PriceUpdateDate>2015-01-01 00:00:00</PriceUpdateDate>
      <ItemCode>2319023</ItemCode>
      <ItemType>0</ItemType>
      <ItemName>סוכר וניל 10 יח</ItemName>
      <ManufacturerName>,</ManufacturerName>
      <ManufactureCountry>לא ידוע</ManufactureCountry>
      <ManufacturerItemDescription>סוכר וניל 10 יח"</ManufacturerItemDescription>
      <UnitQty>גרמים</UnitQty>
      <Quantity>100.00</Quantity>
      <UnitOfMeasure>100 גרם</UnitOfMeasure>
      <bIsWeighted>0</bIsWeighted>
      <QtyInPackage>1</QtyInPackage>
      <ItemPrice>2.30</ItemPrice>
      <UnitOfMeasurePrice>2.3000</UnitOfMeasurePrice>
      <AllowDiscount>1</AllowDiscount>
      <ItemStatus>1</ItemStatus>
      <ItemId>222395</ItemId>
    </Item>
    <Item>
      <PriceUpdateDate>2015-01-01 00:00:00</PriceUpdateDate>
      <ItemCode>2319030</ItemCode>
      <ItemType>0</ItemType>
      <ItemName>אבקת בצל 80 גרם צנצנ</ItemName>
      <ManufacturerName>מיה תעשיות מזון בעמ</ManufacturerName>
      <ManufactureCountry>ישראל</ManufactureCountry>
      <ManufacturerItemDescription>אבקת בצל 80 גרם צנצנת</ManufacturerItemDescription>
      <UnitQty>גרמים</UnitQty>
      <Quantity>80.00</Quantity>
      <UnitOfMeasure>100 גרם</UnitOfMeasure>
      <bIsWeighted>0</bIsWeighted>
      <QtyInPackage>1</QtyInPackage>
      <ItemPrice>5.80</ItemPrice>
      <UnitOfMeasurePrice>7.2500</UnitOfMeasurePrice>
      <AllowDiscount>1</AllowDiscount>
      <ItemStatus>1</ItemStatus>
      <ItemId>222396</ItemId>
    </Item>
    <Item>
      <PriceUpdateDate>2015-01-01 00:00:00</PriceUpdateDate>
      <ItemCode>2319054</ItemCode>
      <ItemType>0</ItemType>
      <ItemName>פרג טחון 100 גרם</ItemName>
      <ManufacturerName>,</ManufacturerName>
      <ManufactureCountry>לא ידוע</ManufactureCountry>
      <ManufacturerItemDescription>פרג טחון 100 גרם בד"צ העד"ח</ManufacturerItemDescription>
      <UnitQty>גרמים</UnitQty>
      <Quantity>100.00</Quantity>
      <UnitOfMeasure>100 גרם</UnitOfMeasure>
      <bIsWeighted>0</bIsWeighted>
      <QtyInPackage>1</QtyInPackage>
      <ItemPrice>4.90</ItemPrice>
      <UnitOfMeasurePrice>4.9000</UnitOfMeasurePrice>
      <AllowDiscount>1</AllowDiscount>
      <ItemStatus>1</ItemStatus>
      <ItemId>222397</ItemId>
    </Item>
    <Item>
      <PriceUpdateDate>2015-09-21 08:18:19</PriceUpdateDate>
      <ItemCode>7290100681503</ItemCode>
      <ItemType>0</ItemType>
      <ItemName>סירופ לימונענע דיאט</ItemName>
      <ManufacturerName>בית השיטה עסיס תעשיו</ManufacturerName>
      <ManufactureCountry>לא ידוע</ManufactureCountry>
      <ManufacturerItemDescription>סירופ לימונענע דיאט עסיס 1 ליטר</ManufacturerItemDescription>
      <UnitQty>ליטרים</UnitQty>
      <Quantity>1.00</Quantity>
      <UnitOfMeasure>ליטר    </UnitOfMeasure>
      <bIsWeighted>0</bIsWeighted>
      <QtyInPackage>1</QtyInPackage>
      <ItemPrice>9.90</ItemPrice>
      <UnitOfMeasurePrice>9.9000</UnitOfMeasurePrice>
      <AllowDiscount>1</AllowDiscount>
      <ItemStatus>1</ItemStatus>
      <ItemId>244286</ItemId>
    </Item>
    <Item>
      <PriceUpdateDate>2015-09-20 12:14:24</PriceUpdateDate>
      <ItemCode>8005217176557</ItemCode>
      <ItemType>0</ItemType>
      <ItemName>נסטי בטעם ענבים מלון</ItemName>
      <ManufacturerName>סן פלגרינו</ManufacturerName>
      <ManufactureCountry>איטליה</ManufactureCountry>
      <ManufacturerItemDescription>נסטי בטעם ענבים מלון 1.5 ליטר</ManufacturerItemDescription>
      <UnitQty>ליטרים</UnitQty>
      <Quantity>1.50</Quantity>
      <UnitOfMeasure>ליטר    </UnitOfMeasure>
      <bIsWeighted>0</bIsWeighted>
      <QtyInPackage>1</QtyInPackage>
      <ItemPrice>4.90</ItemPrice>
      <UnitOfMeasurePrice>3.2667</UnitOfMeasurePrice>
      <AllowDiscount>1</AllowDiscount>
      <ItemStatus>1</ItemStatus>
      <ItemId>251059</ItemId>
    </Item>
    <Item>
      <PriceUpdateDate>2015-01-01 00:00:00</PriceUpdateDate>
      <ItemCode>2319405</ItemCode>
      <ItemType>0</ItemType>
      <ItemName>קינמון  80 גרם צנצנת</ItemName>
      <ManufacturerName>מיה תעשיות מזון בעמ</ManufacturerName>
      <ManufactureCountry>ישראל</ManufactureCountry>
      <ManufacturerItemDescription>קינמון  80 גרם צנצנת</ManufacturerItemDescription>
      <UnitQty>גרמים</UnitQty>
      <Quantity>80.00</Quantity>
      <UnitOfMeasure>100 גרם</UnitOfMeasure>
      <bIsWeighted>0</bIsWeighted>
      <QtyInPackage>1</QtyInPackage>
      <ItemPrice>5.80</ItemPrice>
      <UnitOfMeasurePrice>7.2500</UnitOfMeasurePrice>
      <AllowDiscount>1</AllowDiscount>
      <ItemStatus>1</ItemStatus>
      <ItemId>222404</ItemId>
    </Item>
    <Item>
      <PriceUpdateDate>2015-01-01 00:00:00</PriceUpdateDate>
      <ItemCode>2319429</ItemCode>
      <ItemType>0</ItemType>
      <ItemName>פפריקה מתוקה 80 גרם</ItemName>
      <ManufacturerName>מיה תעשיות מזון בעמ</ManufacturerName>
      <ManufactureCountry>ישראל</ManufactureCountry>
      <ManufacturerItemDescription>פפריקה מתוקה 80 גרם צנצנת</ManufacturerItemDescription>
      <UnitQty>גרמים</UnitQty>
      <Quantity>80.00</Quantity>
      <UnitOfMeasure>100 גרם</UnitOfMeasure>
      <bIsWeighted>0</bIsWeighted>
      <QtyInPackage>1</QtyInPackage>
      <ItemPrice>5.80</ItemPrice>
      <UnitOfMeasurePrice>7.2500</UnitOfMeasurePrice>
      <AllowDiscount>1</AllowDiscount>
      <ItemStatus>1</ItemStatus>
      <ItemId>222406</ItemId>
    </Item>
    <Item>
      <PriceUpdateDate>2015-01-01 00:00:00</PriceUpdateDate>
      <ItemCode>2319450</ItemCode>
      <ItemType>0</ItemType>
      <ItemName>כורכום 80 גרם צנצנת</ItemName>
      <ManufacturerName>מיה תעשיות מזון בעמ</ManufacturerName>
      <ManufactureCountry>ישראל</ManufactureCountry>
      <ManufacturerItemDescription>כורכום 80 גרם צנצנת</ManufacturerItemDescription>
      <UnitQty>גרמים</UnitQty>
      <Quantity>80.00</Quantity>
      <UnitOfMeasure>100 גרם</UnitOfMeasure>
      <bIsWeighted>0</bIsWeighted>
      <QtyInPackage>1</QtyInPackage>
      <ItemPrice>5.80</ItemPrice>
      <UnitOfMeasurePrice>7.2500</UnitOfMeasurePrice>
      <AllowDiscount>1</AllowDiscount>
      <ItemStatus>1</ItemStatus>
      <ItemId>222409</ItemId>
    </Item>
    <Item>
      <PriceUpdateDate>2015-01-01 00:00:00</PriceUpdateDate>
      <ItemCode>2319474</ItemCode>
      <ItemType>0</ItemType>
      <ItemName>אבקת שום  80 גרם צנצ</ItemName>
      <ManufacturerName>מיה תעשיות מזון בעמ</ManufacturerName>
      <ManufactureCountry>ישראל</ManufactureCountry>
      <ManufacturerItemDescription>אבקת שום  80 גרם צנצנת</ManufacturerItemDescription>
      <UnitQty>גרמים</UnitQty>
      <Quantity>80.00</Quantity>
      <UnitOfMeasure>100 גרם</UnitOfMeasure>
      <bIsWeighted>0</bIsWeighted>
      <QtyInPackage>1</QtyInPackage>
      <ItemPrice>5.80</ItemPrice>
      <UnitOfMeasurePrice>7.2500</UnitOfMeasurePrice>
      <AllowDiscount>1</AllowDiscount>
      <ItemStatus>1</ItemStatus>
      <ItemId>222411</ItemId>
    </Item>
    <Item>
      <PriceUpdateDate>2015-01-01 00:00:00</PriceUpdateDate>
      <ItemCode>2319610</ItemCode>
      <ItemType>0</ItemType>
      <ItemName>שקד טחון 100 גרם</ItemName>
      <ManufacturerName>מיה תעשיות מזון בעמ</ManufacturerName>
      <ManufactureCountry>ישראל</ManufactureCountry>
      <ManufacturerItemDescription>שקד טחון 100 גרם</ManufacturerItemDescription>
      <UnitQty>גרמים</UnitQty>
      <Quantity>100.00</Quantity>
      <UnitOfMeasure>100 גרם</UnitOfMeasure>
      <bIsWeighted>0</bIsWeighted>
      <QtyInPackage>1</QtyInPackage>
      <ItemPrice>11.90</ItemPrice>
      <UnitOfMeasurePrice>11.9000</UnitOfMeasurePrice>
      <AllowDiscount>1</AllowDiscount>
      <ItemStatus>1</ItemStatus>
      <ItemId>222414</ItemId>
    </Item>
    <Item>
      <PriceUpdateDate>2015-01-01 00:00:00</PriceUpdateDate>
      <ItemCode>2319634</ItemCode>
      <ItemType>0</ItemType>
      <ItemName>קשיו קלוי 200 גרם</ItemName>
      <ManufacturerName>מיה תעשיות מזון בעמ</ManufacturerName>
      <ManufactureCountry>ישראל</ManufactureCountry>
      <ManufacturerItemDescription>קשיו קלוי 200 גרם</ManufacturerItemDescription>
      <UnitQty>גרמים</UnitQty>
      <Quantity>200.00</Quantity>
      <UnitOfMeasure>100 גרם</UnitOfMeasure>
      <bIsWeighted>0</bIsWeighted>
      <QtyInPackage>1</QtyInPackage>
      <ItemPrice>13.90</ItemPrice>
      <UnitOfMeasurePrice>6.9500</UnitOfMeasurePrice>
      <AllowDiscount>1</AllowDiscount>
      <ItemStatus>1</ItemStatus>
      <ItemId>222416</ItemId>
    </Item>
    <Item>
      <PriceUpdateDate>2015-01-01 00:00:00</PriceUpdateDate>
      <ItemCode>2319641</ItemCode>
      <ItemType>0</ItemType>
      <ItemName>גריל עוף 80 גרם צנצנ</ItemName>
      <ManufacturerName>מיה תעשיות מזון בעמ</ManufacturerName>
      <ManufactureCountry>ישראל</ManufactureCountry>
      <ManufacturerItemDescription>גריל עוף 80 גרם צנצנת</ManufacturerItemDescription>
      <UnitQty>גרמים</UnitQty>
      <Quantity>80.00</Quantity>
      <UnitOfMeasure>100 גרם</UnitOfMeasure>
      <bIsWeighted>0</bIsWeighted>
      <QtyInPackage>1</QtyInPackage>
      <ItemPrice>5.80</ItemPrice>
      <UnitOfMeasurePrice>7.2500</UnitOfMeasurePrice>
      <AllowDiscount>1</AllowDiscount>
      <ItemStatus>1</ItemStatus>
      <ItemId>222417</ItemId>
    </Item>
    <Item>
      <PriceUpdateDate>2015-01-01 00:00:00</PriceUpdateDate>
      <ItemCode>2319689</ItemCode>
      <ItemType>0</ItemType>
      <ItemName>סודה לשתיה  150 גרם</ItemName>
      <ManufacturerName>,</ManufacturerName>
      <ManufactureCountry>לא ידוע</ManufactureCountry>
      <ManufacturerItemDescription>סודה לשתיה  150 גרם צנצנת</ManufacturerItemDescription>
      <UnitQty>גרמים</UnitQty>
      <Quantity>150.00</Quantity>
      <UnitOfMeasure>100 גרם</UnitOfMeasure>
      <bIsWeighted>0</bIsWeighted>
      <QtyInPackage>1</QtyInPackage>
      <ItemPrice>5.80</ItemPrice>
      <UnitOfMeasurePrice>3.8667</UnitOfMeasurePrice>
      <AllowDiscount>1</AllowDiscount>
      <ItemStatus>1</ItemStatus>
      <ItemId>222419</ItemId>
    </Item>
    <Item>
      <PriceUpdateDate>2015-01-01 00:00:00</PriceUpdateDate>
      <ItemCode>2319702</ItemCode>
      <ItemType>0</ItemType>
      <ItemName>ציפורן שלם 40 גרם צנ</ItemName>
      <ManufacturerName>מיה תעשיות מזון בעמ</ManufacturerName>
      <ManufactureCountry>ישראל</ManufactureCountry>
      <ManufacturerItemDescription>ציפורן שלם 40 גרם צנצנת</ManufacturerItemDescription>
      <UnitQty>גרמים</UnitQty>
      <Quantity>40.00</Quantity>
      <UnitOfMeasure>100 גרם</UnitOfMeasure>
      <bIsWeighted>0</bIsWeighted>
      <QtyInPackage>1</QtyInPackage>
      <ItemPrice>10.90</ItemPrice>
      <UnitOfMeasurePrice>27.2500</UnitOfMeasurePrice>
      <AllowDiscount>1</AllowDiscount>
      <ItemStatus>1</ItemStatus>
      <ItemId>222421</ItemId>
    </Item>
    <Item>
      <PriceUpdateDate>2015-01-01 00:00:00</PriceUpdateDate>
      <ItemCode>2319771</ItemCode>
      <ItemType>0</ItemType>
      <ItemName>תמצית אפיה וניל</ItemName>
      <ManufacturerName>מיה תעשיות מזון בעמ</ManufacturerName>
      <ManufactureCountry>ישראל</ManufactureCountry>
      <ManufacturerItemDescription>תמצית אפיה וניל</ManufacturerItemDescription>
      <UnitQty>מיליליטרים</UnitQty>
      <Quantity>50.00</Quantity>
      <UnitOfMeasure>100 מ"ל</UnitOfMeasure>
      <bIsWeighted>0</bIsWeighted>
      <QtyInPackage>1</QtyInPackage>
      <ItemPrice>2.90</ItemPrice>
      <UnitOfMeasurePrice>5.8000</UnitOfMeasurePrice>
      <AllowDiscount>1</AllowDiscount>
      <ItemStatus>1</ItemStatus>
      <ItemId>222423</ItemId>
    </Item>
    <Item>
      <PriceUpdateDate>2015-01-01 00:00:00</PriceUpdateDate>
      <ItemCode>2319788</ItemCode>
      <ItemType>0</ItemType>
      <ItemName>תמצית אפיה רום</ItemName>
      <ManufacturerName>מיה תעשיות מזון בעמ</ManufacturerName>
      <ManufactureCountry>ישראל</ManufactureCountry>
      <ManufacturerItemDescription>תמצית אפיה רום</ManufacturerItemDescription>
      <UnitQty>מיליליטרים</UnitQty>
      <Quantity>60.00</Quantity>
      <UnitOfMeasure>100 מ"ל</UnitOfMeasure>
      <bIsWeighted>0</bIsWeighted>
      <QtyInPackage>1</QtyInPackage>
      <ItemPrice>2.90</ItemPrice>
      <UnitOfMeasurePrice>4.8333</UnitOfMeasurePrice>
      <AllowDiscount>1</AllowDiscount>
      <ItemStatus>1</ItemStatus>
      <ItemId>222424</ItemId>
    </Item>
    <Item>
      <PriceUpdateDate>2015-01-01 00:00:00</PriceUpdateDate>
      <ItemCode>2319801</ItemCode>
      <ItemType>0</ItemType>
      <ItemName>שבבי בצל 50 גרם צנצנ</ItemName>
      <ManufacturerName>מיה תעשיות מזון בעמ</ManufacturerName>
      <ManufactureCountry>ישראל</ManufactureCountry>
      <ManufacturerItemDescription>שבבי בצל 50 גרם צנצנת</ManufacturerItemDescription>
      <UnitQty>גרמים</UnitQty>
      <Quantity>50.00</Quantity>
      <UnitOfMeasure>100 גרם</UnitOfMeasure>
      <bIsWeighted>0</bIsWeighted>
      <QtyInPackage>1</QtyInPackage>
      <ItemPrice>5.80</ItemPrice>
      <UnitOfMeasurePrice>11.6000</UnitOfMeasurePrice>
      <AllowDiscount>1</AllowDiscount>
      <ItemStatus>1</ItemStatus>
      <ItemId>222426</ItemId>
    </Item>
    <Item>
      <PriceUpdateDate>2015-01-01 00:00:00</PriceUpdateDate>
      <ItemCode>2323198</ItemCode>
      <ItemType>0</ItemType>
      <ItemName>ספרינג מיץ תפוחים 1.</ItemName>
      <ManufacturerName>יפאורה תבורי</ManufacturerName>
      <ManufactureCountry>ישראל</ManufactureCountry>
      <ManufacturerItemDescription>ספרינג מיץ תפוחים 1.5 ליטר</ManufacturerItemDescription>
      <UnitQty>ליטרים</UnitQty>
      <Quantity>1.50</Quantity>
      <UnitOfMeasure>ליטר    </UnitOfMeasure>
      <bIsWeighted>0</bIsWeighted>
      <QtyInPackage>1</QtyInPackage>
      <ItemPrice>5.90</ItemPrice>
      <UnitOfMeasurePrice>3.9333</UnitOfMeasurePrice>
      <AllowDiscount>1</AllowDiscount>
      <ItemStatus>1</ItemStatus>
      <ItemId>222431</ItemId>
    </Item>
    <Item>
      <PriceUpdateDate>2015-01-01 00:00:00</PriceUpdateDate>
      <ItemCode>2323204</ItemCode>
      <ItemType>0</ItemType>
      <ItemName>ספרינג תפוחים דיאט 1</ItemName>
      <ManufacturerName>יפאורה תבורי</ManufacturerName>
      <ManufactureCountry>ישראל</ManufactureCountry>
      <ManufacturerItemDescription>ספרינג תפוחים דיאט 1.5 ליטר</ManufacturerItemDescription>
      <UnitQty>ליטרים</UnitQty>
      <Quantity>1.50</Quantity>
      <UnitOfMeasure>ליטר    </UnitOfMeasure>
      <bIsWeighted>0</bIsWeighted>
      <QtyInPackage>1</QtyInPackage>
      <ItemPrice>5.90</ItemPrice>
      <UnitOfMeasurePrice>3.9333</UnitOfMeasurePrice>
      <AllowDiscount>1</AllowDiscount>
      <ItemStatus>1</ItemStatus>
      <ItemId>222432</ItemId>
    </Item>
    <Item>
      <PriceUpdateDate>2015-01-01 00:00:00</PriceUpdateDate>
      <ItemCode>2323815</ItemCode>
      <ItemType>0</ItemType>
      <ItemName>קריסטל תפוזים 2 ליטר</ItemName>
      <ManufacturerName>יפאורה תבורי</ManufacturerName>
      <ManufactureCountry>ישראל</ManufactureCountry>
      <ManufacturerItemDescription>קריסטל תפוזים 2 ליטר</ManufacturerItemDescription>
      <UnitQty>ליטרים</UnitQty>
      <Quantity>2.00</Quantity>
      <UnitOfMeasure>ליטר    </UnitOfMeasure>
      <bIsWeighted>0</bIsWeighted>
      <QtyInPackage>1</QtyInPackage>
      <ItemPrice>3.30</ItemPrice>
      <UnitOfMeasurePrice>1.6500</UnitOfMeasurePrice>
      <AllowDiscount>1</AllowDiscount>
      <ItemStatus>1</ItemStatus>
      <ItemId>222433</ItemId>
    </Item>
    <Item>
      <PriceUpdateDate>2015-01-01 00:00:00</PriceUpdateDate>
      <ItemCode>2323822</ItemCode>
      <ItemType>0</ItemType>
      <ItemName>קריסטל אשכוליות 2 לי</ItemName>
      <ManufacturerName>יפאורה תבורי</ManufacturerName>
      <ManufactureCountry>ישראל</ManufactureCountry>
      <ManufacturerItemDescription>קריסטל אשכוליות 2 ליטר</ManufacturerItemDescription>
      <UnitQty>ליטרים</UnitQty>
      <Quantity>2.00</Quantity>
      <UnitOfMeasure>ליטר    </UnitOfMeasure>
      <bIsWeighted>0</bIsWeighted>
      <QtyInPackage>1</QtyInPackage>
      <ItemPrice>3.30</ItemPrice>
      <UnitOfMeasurePrice>1.6500</UnitOfMeasurePrice>
      <AllowDiscount>1</AllowDiscount>
      <ItemStatus>1</ItemStatus>
      <ItemId>222434</ItemId>
    </Item>
    <Item>
      <PriceUpdateDate>2015-01-01 00:00:00</PriceUpdateDate>
      <ItemCode>2323839</ItemCode>
      <ItemType>0</ItemType>
      <ItemName>קריסטל ענבים 2 ליטר</ItemName>
      <ManufacturerName>יפאורה תבורי</ManufacturerName>
      <ManufactureCountry>ישראל</ManufactureCountry>
      <ManufacturerItemDescription>קריסטל ענבים 2 ליטר</ManufacturerItemDescription>
      <UnitQty>ליטרים</UnitQty>
      <Quantity>2.00</Quantity>
      <UnitOfMeasure>ליטר    </UnitOfMeasure>
      <bIsWeighted>0</bIsWeighted>
      <QtyInPackage>1</QtyInPackage>
      <ItemPrice>3.30</ItemPrice>
      <UnitOfMeasurePrice>1.6500</UnitOfMeasurePrice>
      <AllowDiscount>1</AllowDiscount>
      <ItemStatus>1</ItemStatus>
      <ItemId>222435</ItemId>
    </Item>
    <Item>
      <PriceUpdateDate>2015-01-01 00:00:00</PriceUpdateDate>
      <ItemCode>2323846</ItemCode>
      <ItemType>0</ItemType>
      <ItemName>קריסטל מנגו 2 ליטר</ItemName>
      <ManufacturerName>יפאורה תבורי</ManufacturerName>
      <ManufactureCountry>ישראל</ManufactureCountry>
      <ManufacturerItemDescription>קריסטל מנגו 2 ליטר</ManufacturerItemDescription>
      <UnitQty>ליטרים</UnitQty>
      <Quantity>2.00</Quantity>
      <UnitOfMeasure>ליטר    </UnitOfMeasure>
      <bIsWeighted>0</bIsWeighted>
      <QtyInPackage>1</QtyInPackage>
      <ItemPrice>3.30</ItemPrice>
      <UnitOfMeasurePrice>1.6500</UnitOfMeasurePrice>
      <AllowDiscount>1</AllowDiscount>
      <ItemStatus>1</ItemStatus>
      <ItemId>222436</ItemId>
    </Item>
    <Item>
      <PriceUpdateDate>2015-01-01 00:00:00</PriceUpdateDate>
      <ItemCode>2327042</ItemCode>
      <ItemType>0</ItemType>
      <ItemName>בורקס תפו"א 800 גרם</ItemName>
      <ManufacturerName>שלושת האופים</ManufacturerName>
      <ManufactureCountry>לא ידוע</ManufactureCountry>
      <ManufacturerItemDescription>בורקס תפו"א 800 גרם</ManufacturerItemDescription>
      <UnitQty>גרמים</UnitQty>
      <Quantity>800.00</Quantity>
      <UnitOfMeasure>100 גרם</UnitOfMeasure>
      <bIsWeighted>0</bIsWeighted>
      <QtyInPackage>1</QtyInPackage>
      <ItemPrice>17.90</ItemPrice>
      <UnitOfMeasurePrice>2.2375</UnitOfMeasurePrice>
      <AllowDiscount>1</AllowDiscount>
      <ItemStatus>1</ItemStatus>
      <ItemId>222438</ItemId>
    </Item>
    <Item>
      <PriceUpdateDate>2015-01-01 00:00:00</PriceUpdateDate>
      <ItemCode>2327059</ItemCode>
      <ItemType>0</ItemType>
      <ItemName>בצק עלים 1 קג</ItemName>
      <ManufacturerName>שלושת האופים</ManufacturerName>
      <ManufactureCountry>לא ידוע</ManufactureCountry>
      <ManufacturerItemDescription>בצק עלים 1 ק"ג</ManufacturerItemDescription>
      <UnitQty>קילוגרמים</UnitQty>
      <Quantity>1.00</Quantity>
      <UnitOfMeasure>ק"ג     </UnitOfMeasure>
      <bIsWeighted>0</bIsWeighted>
      <QtyInPackage>1</QtyInPackage>
      <ItemPrice>17.90</ItemPrice>
      <UnitOfMeasurePrice>17.9000</UnitOfMeasurePrice>
      <AllowDiscount>1</AllowDiscount>
      <ItemStatus>1</ItemStatus>
      <ItemId>222439</ItemId>
    </Item>
    <Item>
      <PriceUpdateDate>2015-01-01 00:00:00</PriceUpdateDate>
      <ItemCode>2327066</ItemCode>
      <ItemType>0</ItemType>
      <ItemName>קונכיות למילוי 625 ג</ItemName>
      <ManufacturerName>שלושת האופים</ManufacturerName>
      <ManufactureCountry>לא ידוע</ManufactureCountry>
      <ManufacturerItemDescription>קונכיות למילוי 625 גרם</ManufacturerItemDescription>
      <UnitQty>גרמים</UnitQty>
      <Quantity>625.00</Quantity>
      <UnitOfMeasure>100 גרם</UnitOfMeasure>
      <bIsWeighted>0</bIsWeighted>
      <QtyInPackage>1</QtyInPackage>
      <ItemPrice>22.90</ItemPrice>
      <UnitOfMeasurePrice>3.6640</UnitOfMeasurePrice>
      <AllowDiscount>1</AllowDiscount>
      <ItemStatus>1</ItemStatus>
      <ItemId>222440</ItemId>
    </Item>
    <Item>
      <PriceUpdateDate>2015-01-01 00:00:00</PriceUpdateDate>
      <ItemCode>2327073</ItemCode>
      <ItemType>0</ItemType>
      <ItemName>בורקס גבינה 800 גרם</ItemName>
      <ManufacturerName>שלושת האופים</ManufacturerName>
      <ManufactureCountry>לא ידוע</ManufactureCountry>
      <ManufacturerItemDescription>בורקס גבינה 800 גרם</ManufacturerItemDescription>
      <UnitQty>גרמים</UnitQty>
      <Quantity>800.00</Quantity>
      <UnitOfMeasure>100 גרם</UnitOfMeasure>
      <bIsWeighted>0</bIsWeighted>
      <QtyInPackage>1</QtyInPackage>
      <ItemPrice>19.90</ItemPrice>
      <UnitOfMeasurePrice>2.4875</UnitOfMeasurePrice>
      <AllowDiscount>1</AllowDiscount>
      <ItemStatus>1</ItemStatus>
      <ItemId>222441</ItemId>
    </Item>
    <Item>
      <PriceUpdateDate>2015-01-01 00:00:00</PriceUpdateDate>
      <ItemCode>2327103</ItemCode>
      <ItemType>0</ItemType>
      <ItemName>גחנון 900 גרם</ItemName>
      <ManufacturerName>שלושת האופים</ManufacturerName>
      <ManufactureCountry>לא ידוע</ManufactureCountry>
      <ManufacturerItemDescription>גחנון 900 גרם</ManufacturerItemDescription>
      <UnitQty>גרמים</UnitQty>
      <Quantity>900.00</Quantity>
      <UnitOfMeasure>100 גרם</UnitOfMeasure>
      <bIsWeighted>0</bIsWeighted>
      <QtyInPackage>1</QtyInPackage>
      <ItemPrice>19.90</ItemPrice>
      <UnitOfMeasurePrice>2.2111</UnitOfMeasurePrice>
      <AllowDiscount>1</AllowDiscount>
      <ItemStatus>1</ItemStatus>
      <ItemId>222442</ItemId>
    </Item>
    <Item>
      <PriceUpdateDate>2015-01-01 00:00:00</PriceUpdateDate>
      <ItemCode>2331117</ItemCode>
      <ItemType>0</ItemType>
      <ItemName>נביעות טעם ענבים 1.5</ItemName>
      <ManufacturerName>נביעות</ManufacturerName>
      <ManufactureCountry>לא ידוע</ManufactureCountry>
      <ManufacturerItemDescription>נביעות טעם ענבים 1.5 ליטר</ManufacturerItemDescription>
      <UnitQty>ליטרים</UnitQty>
      <Quantity>1.50</Quantity>
      <UnitOfMeasure>ליטר    </UnitOfMeasure>
      <bIsWeighted>0</bIsWeighted>
      <QtyInPackage>1</QtyInPackage>
      <ItemPrice>6.90</ItemPrice>
      <UnitOfMeasurePrice>4.6000</UnitOfMeasurePrice>
      <AllowDiscount>1</AllowDiscount>
      <ItemStatus>1</ItemStatus>
      <ItemId>222445</ItemId>
    </Item>
    <Item>
      <PriceUpdateDate>2015-01-01 00:00:00</PriceUpdateDate>
      <ItemCode>2331148</ItemCode>
      <ItemType>0</ItemType>
      <ItemName>נביעות טעם תפוח 1.5</ItemName>
      <ManufacturerName>נביעות</ManufacturerName>
      <ManufactureCountry>לא ידוע</ManufactureCountry>
      <ManufacturerItemDescription>נביעות טעם תפוח 1.5 ליטר</ManufacturerItemDescription>
      <UnitQty>ליטרים</UnitQty>
      <Quantity>1.50</Quantity>
      <UnitOfMeasure>ליטר    </UnitOfMeasure>
      <bIsWeighted>0</bIsWeighted>
      <QtyInPackage>1</QtyInPackage>
      <ItemPrice>6.90</ItemPrice>
      <UnitOfMeasurePrice>4.6000</UnitOfMeasurePrice>
      <AllowDiscount>1</AllowDiscount>
      <ItemStatus>1</ItemStatus>
      <ItemId>222447</ItemId>
    </Item>
    <Item>
      <PriceUpdateDate>2015-01-01 00:00:00</PriceUpdateDate>
      <ItemCode>2331179</ItemCode>
      <ItemType>0</ItemType>
      <ItemName>נביעות טעם אפרסק 1.5</ItemName>
      <ManufacturerName>נביעות</ManufacturerName>
      <ManufactureCountry>לא ידוע</ManufactureCountry>
      <ManufacturerItemDescription>נביעות טעם אפרסק 1.5 ליטר</ManufacturerItemDescription>
      <UnitQty>ליטרים</UnitQty>
      <Quantity>1.50</Quantity>
      <UnitOfMeasure>ליטר    </UnitOfMeasure>
      <bIsWeighted>0</bIsWeighted>
      <QtyInPackage>1</QtyInPackage>
      <ItemPrice>6.90</ItemPrice>
      <UnitOfMeasurePrice>4.6000</UnitOfMeasurePrice>
      <AllowDiscount>1</AllowDiscount>
      <ItemStatus>1</ItemStatus>
      <ItemId>222448</ItemId>
    </Item>
    <Item>
      <PriceUpdateDate>2015-01-01 00:00:00</PriceUpdateDate>
      <ItemCode>2331322</ItemCode>
      <ItemType>0</ItemType>
      <ItemName>נביעות 6*1.5 ליטר</ItemName>
      <ManufacturerName>נביעות</ManufacturerName>
      <ManufactureCountry>לא ידוע</ManufactureCountry>
      <ManufacturerItemDescription>נביעות 6*1.5 ליטר</ManufacturerItemDescription>
      <UnitQty>ליטרים</UnitQty>
      <Quantity>9.00</Quantity>
      <UnitOfMeasure>ליטר    </UnitOfMeasure>
      <bIsWeighted>0</bIsWeighted>
      <QtyInPackage>1</QtyInPackage>
      <ItemPrice>12.50</ItemPrice>
      <UnitOfMeasurePrice>1.3889</UnitOfMeasurePrice>
      <AllowDiscount>1</AllowDiscount>
      <ItemStatus>1</ItemStatus>
      <ItemId>222449</ItemId>
    </Item>
    <Item>
      <PriceUpdateDate>2015-11-03 09:13:14</PriceUpdateDate>
      <ItemCode>2348238</ItemCode>
      <ItemType>0</ItemType>
      <ItemName>לפתן אננס חתוך 820 ג</ItemName>
      <ManufacturerName>טיפקו</ManufacturerName>
      <ManufactureCountry>תאילנד</ManufactureCountry>
      <ManufacturerItemDescription>לפתן אננס חתוך 820 גרם</ManufacturerItemDescription>
      <UnitQty>גרמים</UnitQty>
      <Quantity>820.00</Quantity>
      <UnitOfMeasure>100 גרם</UnitOfMeasure>
      <bIsWeighted>0</bIsWeighted>
      <QtyInPackage>1</QtyInPackage>
      <ItemPrice>6.90</ItemPrice>
      <UnitOfMeasurePrice>0.8415</UnitOfMeasurePrice>
      <AllowDiscount>1</AllowDiscount>
      <ItemStatus>1</ItemStatus>
      <ItemId>222453</ItemId>
    </Item>
    <Item>
      <PriceUpdateDate>2015-01-01 00:00:00</PriceUpdateDate>
      <ItemCode>2348283</ItemCode>
      <ItemType>0</ItemType>
      <ItemName>לפתן אפרסק 820 גרם</ItemName>
      <ManufacturerName>ויליגר</ManufacturerName>
      <ManufactureCountry>לא ידוע</ManufactureCountry>
      <ManufacturerItemDescription>לפתן אפרסק 820 גרם</ManufacturerItemDescription>
      <UnitQty>גרמים</UnitQty>
      <Quantity>820.00</Quantity>
      <UnitOfMeasure>100 גרם</UnitOfMeasure>
      <bIsWeighted>0</bIsWeighted>
      <QtyInPackage>1</QtyInPackage>
      <ItemPrice>6.90</ItemPrice>
      <UnitOfMeasurePrice>0.8415</UnitOfMeasurePrice>
      <AllowDiscount>1</AllowDiscount>
      <ItemStatus>1</ItemStatus>
      <ItemId>222454</ItemId>
    </Item>
    <Item>
      <PriceUpdateDate>2015-01-01 00:00:00</PriceUpdateDate>
      <ItemCode>2348573</ItemCode>
      <ItemType>0</ItemType>
      <ItemName>מקלוני אורז 300 גרם</ItemName>
      <ManufacturerName>ויליגר</ManufacturerName>
      <ManufactureCountry>לא ידוע</ManufactureCountry>
      <ManufacturerItemDescription>מקלוני אורז 300 גרם</ManufacturerItemDescription>
      <UnitQty>גרמים</UnitQty>
      <Quantity>300.00</Quantity>
      <UnitOfMeasure>100 גרם</UnitOfMeasure>
      <bIsWeighted>0</bIsWeighted>
      <QtyInPackage>1</QtyInPackage>
      <ItemPrice>3.90</ItemPrice>
      <UnitOfMeasurePrice>1.3000</UnitOfMeasurePrice>
      <AllowDiscount>1</AllowDiscount>
      <ItemStatus>1</ItemStatus>
      <ItemId>222455</ItemId>
    </Item>
    <Item>
      <PriceUpdateDate>2015-01-01 00:00:00</PriceUpdateDate>
      <ItemCode>2359197</ItemCode>
      <ItemType>0</ItemType>
      <ItemName>ממרח שקדים 500 גרם</ItemName>
      <ManufacturerName>,</ManufacturerName>
      <ManufactureCountry>לא ידוע</ManufactureCountry>
      <ManufacturerItemDescription>ממרח שקדים 500 גרם</ManufacturerItemDescription>
      <UnitQty>גרמים</UnitQty>
      <Quantity>400.00</Quantity>
      <UnitOfMeasure>100 גרם</UnitOfMeasure>
      <bIsWeighted>0</bIsWeighted>
      <QtyInPackage>1</QtyInPackage>
      <ItemPrice>25.90</ItemPrice>
      <UnitOfMeasurePrice>6.4750</UnitOfMeasurePrice>
      <AllowDiscount>1</AllowDiscount>
      <ItemStatus>1</ItemStatus>
      <ItemId>222459</ItemId>
    </Item>
    <Item>
      <PriceUpdateDate>2015-01-01 00:00:00</PriceUpdateDate>
      <ItemCode>2359647</ItemCode>
      <ItemType>0</ItemType>
      <ItemName>ממרח חרובים אגוזים</ItemName>
      <ManufacturerName>,</ManufacturerName>
      <ManufactureCountry>לא ידוע</ManufactureCountry>
      <ManufacturerItemDescription>ממרח חרובים אגוזים 400 גרם</ManufacturerItemDescription>
      <UnitQty>גרמים</UnitQty>
      <Quantity>400.00</Quantity>
      <UnitOfMeasure>100 גרם</UnitOfMeasure>
      <bIsWeighted>0</bIsWeighted>
      <QtyInPackage>1</QtyInPackage>
      <ItemPrice>25.90</ItemPrice>
      <UnitOfMeasurePrice>6.4750</UnitOfMeasurePrice>
      <AllowDiscount>1</AllowDiscount>
      <ItemStatus>1</ItemStatus>
      <ItemId>222464</ItemId>
    </Item>
    <Item>
      <PriceUpdateDate>2015-01-01 00:00:00</PriceUpdateDate>
      <ItemCode>2359753</ItemCode>
      <ItemType>0</ItemType>
      <ItemName>ממרח אגוזים טבעי 500</ItemName>
      <ManufacturerName>,</ManufacturerName>
      <ManufactureCountry>לא ידוע</ManufactureCountry>
      <ManufacturerItemDescription>ממרח אגוזים טבעי 500 גרם</ManufacturerItemDescription>
      <UnitQty>קילוגרמים</UnitQty>
      <Quantity>1.00</Quantity>
      <UnitOfMeasure>ק"ג     </UnitOfMeasure>
      <bIsWeighted>0</bIsWeighted>
      <QtyInPackage>1</QtyInPackage>
      <ItemPrice>25.90</ItemPrice>
      <UnitOfMeasurePrice>25.9000</UnitOfMeasurePrice>
      <AllowDiscount>1</AllowDiscount>
      <ItemStatus>1</ItemStatus>
      <ItemId>222468</ItemId>
    </Item>
    <Item>
      <PriceUpdateDate>2015-01-01 00:00:00</PriceUpdateDate>
      <ItemCode>238029</ItemCode>
      <ItemType>0</ItemType>
      <ItemName>בצק עלים 1 ק"ג</ItemName>
      <ManufacturerName>מעדנות</ManufacturerName>
      <ManufactureCountry>לא ידוע</ManufactureCountry>
      <ManufacturerItemDescription>בצק עלים 1 ק"ג</ManufacturerItemDescription>
      <UnitQty>קילוגרמים</UnitQty>
      <Quantity>1.00</Quantity>
      <UnitOfMeasure>ק"ג     </UnitOfMeasure>
      <bIsWeighted>0</bIsWeighted>
      <QtyInPackage>1</QtyInPackage>
      <ItemPrice>9.90</ItemPrice>
      <UnitOfMeasurePrice>9.9000</UnitOfMeasurePrice>
      <AllowDiscount>1</AllowDiscount>
      <ItemStatus>1</ItemStatus>
      <ItemId>222471</ItemId>
    </Item>
    <Item>
      <PriceUpdateDate>2015-01-01 00:00:00</PriceUpdateDate>
      <ItemCode>238173</ItemCode>
      <ItemType>0</ItemType>
      <ItemName>בורקס גבינה 800 גרם</ItemName>
      <ManufacturerName>מעדנות</ManufacturerName>
      <ManufactureCountry>לא ידוע</ManufactureCountry>
      <ManufacturerItemDescription>בורקס גבינה 800 גרם</ManufacturerItemDescription>
      <UnitQty>גרמים</UnitQty>
      <Quantity>800.00</Quantity>
      <UnitOfMeasure>100 גרם</UnitOfMeasure>
      <bIsWeighted>0</bIsWeighted>
      <QtyInPackage>1</QtyInPackage>
      <ItemPrice>21.90</ItemPrice>
      <UnitOfMeasurePrice>2.7375</UnitOfMeasurePrice>
      <AllowDiscount>1</AllowDiscount>
      <ItemStatus>1</ItemStatus>
      <ItemId>222473</ItemId>
    </Item>
    <Item>
      <PriceUpdateDate>2015-01-01 00:00:00</PriceUpdateDate>
      <ItemCode>238180</ItemCode>
      <ItemType>0</ItemType>
      <ItemName>בורקס תפו"א 800 גרם</ItemName>
      <ManufacturerName>מעדנות</ManufacturerName>
      <ManufactureCountry>לא ידוע</ManufactureCountry>
      <ManufacturerItemDescription>בורקס תפו"א 800 גרם</ManufacturerItemDescription>
      <UnitQty>גרמים</UnitQty>
      <Quantity>800.00</Quantity>
      <UnitOfMeasure>100 גרם</UnitOfMeasure>
      <bIsWeighted>0</bIsWeighted>
      <QtyInPackage>1</QtyInPackage>
      <ItemPrice>19.90</ItemPrice>
      <UnitOfMeasurePrice>2.4875</UnitOfMeasurePrice>
      <AllowDiscount>1</AllowDiscount>
      <ItemStatus>1</ItemStatus>
      <ItemId>222474</ItemId>
    </Item>
    <Item>
      <PriceUpdateDate>2015-01-01 00:00:00</PriceUpdateDate>
      <ItemCode>2404576</ItemCode>
      <ItemType>0</ItemType>
      <ItemName>יין מוריה לייט 750 מ</ItemName>
      <ManufacturerName>,</ManufacturerName>
      <ManufactureCountry>לא ידוע</ManufactureCountry>
      <ManufacturerItemDescription>יין מוריה לייט 750 מ"ל</ManufacturerItemDescription>
      <UnitQty>מיליליטרים</UnitQty>
      <Quantity>750.00</Quantity>
      <UnitOfMeasure>100 מ"ל</UnitOfMeasure>
      <bIsWeighted>0</bIsWeighted>
      <QtyInPackage>1</QtyInPackage>
      <ItemPrice>14.90</ItemPrice>
      <UnitOfMeasurePrice>1.9867</UnitOfMeasurePrice>
      <AllowDiscount>1</AllowDiscount>
      <ItemStatus>1</ItemStatus>
      <ItemId>222477</ItemId>
    </Item>
    <Item>
      <PriceUpdateDate>2015-01-01 00:00:00</PriceUpdateDate>
      <ItemCode>2404958</ItemCode>
      <ItemType>0</ItemType>
      <ItemName>יין גינוסר 1 ליטר</ItemName>
      <ManufacturerName>,</ManufacturerName>
      <ManufactureCountry>לא ידוע</ManufactureCountry>
      <ManufacturerItemDescription>יין גינוסר 1 ליטר</ManufacturerItemDescription>
      <UnitQty>ליטרים</UnitQty>
      <Quantity>1.00</Quantity>
      <UnitOfMeasure>ליטר    </UnitOfMeasure>
      <bIsWeighted>0</bIsWeighted>
      <QtyInPackage>1</QtyInPackage>
      <ItemPrice>16.90</ItemPrice>
      <UnitOfMeasurePrice>16.9000</UnitOfMeasurePrice>
      <AllowDiscount>1</AllowDiscount>
      <ItemStatus>1</ItemStatus>
      <ItemId>222480</ItemId>
    </Item>
    <Item>
      <PriceUpdateDate>2015-11-01 10:52:28</PriceUpdateDate>
      <ItemCode>2404972</ItemCode>
      <ItemType>0</ItemType>
      <ItemName>מיץ ענבים אדום ענבלי</ItemName>
      <ManufacturerName>,</ManufacturerName>
      <ManufactureCountry>לא ידוע</ManufactureCountry>
      <ManufacturerItemDescription>מיץ ענבים אדום ענבלים 1 ליטר</ManufacturerItemDescription>
      <UnitQty>ליטרים</UnitQty>
      <Quantity>1.00</Quantity>
      <UnitOfMeasure>ליטר    </UnitOfMeasure>
      <bIsWeighted>0</bIsWeighted>
      <QtyInPackage>1</QtyInPackage>
      <ItemPrice>9.90</ItemPrice>
      <UnitOfMeasurePrice>9.9000</UnitOfMeasurePrice>
      <AllowDiscount>1</AllowDiscount>
      <ItemStatus>1</ItemStatus>
      <ItemId>222482</ItemId>
    </Item>
    <Item>
      <PriceUpdateDate>2016-04-03 09:48:38</PriceUpdateDate>
      <ItemCode>2405474</ItemCode>
      <ItemType>0</ItemType>
      <ItemName>קניידלך 130 גרם</ItemName>
      <ManufacturerName>,</ManufacturerName>
      <ManufactureCountry>לא ידוע</ManufactureCountry>
      <ManufacturerItemDescription>קניידלך 130 גרם</ManufacturerItemDescription>
      <UnitQty>גרמים</UnitQty>
      <Quantity>130.00</Quantity>
      <UnitOfMeasure>100 גרם</UnitOfMeasure>
      <bIsWeighted>0</bIsWeighted>
      <QtyInPackage>1</QtyInPackage>
      <ItemPrice>5.90</ItemPrice>
      <UnitOfMeasurePrice>4.5385</UnitOfMeasurePrice>
      <AllowDiscount>1</AllowDiscount>
      <ItemStatus>1</ItemStatus>
      <ItemId>222485</ItemId>
    </Item>
    <Item>
      <PriceUpdateDate>2015-01-01 00:00:00</PriceUpdateDate>
      <ItemCode>2415404</ItemCode>
      <ItemType>0</ItemType>
      <ItemName>חציל רומני 400 גרם</ItemName>
      <ManufacturerName>סלטי שמיר 2006 בעמ</ManufacturerName>
      <ManufactureCountry>לא ידוע</ManufactureCountry>
      <ManufacturerItemDescription>חציל רומני 400 גרם</ManufacturerItemDescription>
      <UnitQty>גרמים</UnitQty>
      <Quantity>400.00</Quantity>
      <UnitOfMeasure>100 גרם</UnitOfMeasure>
      <bIsWeighted>0</bIsWeighted>
      <QtyInPackage>1</QtyInPackage>
      <ItemPrice>9.90</ItemPrice>
      <UnitOfMeasurePrice>2.4750</UnitOfMeasurePrice>
      <AllowDiscount>1</AllowDiscount>
      <ItemStatus>1</ItemStatus>
      <ItemId>222494</ItemId>
    </Item>
    <Item>
      <PriceUpdateDate>2015-01-01 00:00:00</PriceUpdateDate>
      <ItemCode>2415503</ItemCode>
      <ItemType>0</ItemType>
      <ItemName>חציל במיונז 400 גרם</ItemName>
      <ManufacturerName>סלטי שמיר 2006 בעמ</ManufacturerName>
      <ManufactureCountry>לא ידוע</ManufactureCountry>
      <ManufacturerItemDescription>חציל במיונז 400 גרם</ManufacturerItemDescription>
      <UnitQty>גרמים</UnitQty>
      <Quantity>400.00</Quantity>
      <UnitOfMeasure>100 גרם</UnitOfMeasure>
      <bIsWeighted>0</bIsWeighted>
      <QtyInPackage>1</QtyInPackage>
      <ItemPrice>9.90</ItemPrice>
      <UnitOfMeasurePrice>2.4750</UnitOfMeasurePrice>
      <AllowDiscount>1</AllowDiscount>
      <ItemStatus>1</ItemStatus>
      <ItemId>222497</ItemId>
    </Item>
    <Item>
      <PriceUpdateDate>2015-01-01 00:00:00</PriceUpdateDate>
      <ItemCode>2415572</ItemCode>
      <ItemType>0</ItemType>
      <ItemName>סלט כרוב אדום 400 גר</ItemName>
      <ManufacturerName>סלטי שמיר 2006 בעמ</ManufacturerName>
      <ManufactureCountry>לא ידוע</ManufactureCountry>
      <ManufacturerItemDescription>סלט כרוב אדום 400 גרם</ManufacturerItemDescription>
      <UnitQty>גרמים</UnitQty>
      <Quantity>400.00</Quantity>
      <UnitOfMeasure>100 גרם</UnitOfMeasure>
      <bIsWeighted>0</bIsWeighted>
      <QtyInPackage>1</QtyInPackage>
      <ItemPrice>9.90</ItemPrice>
      <UnitOfMeasurePrice>2.4750</UnitOfMeasurePrice>
      <AllowDiscount>1</AllowDiscount>
      <ItemStatus>1</ItemStatus>
      <ItemId>222498</ItemId>
    </Item>
    <Item>
      <PriceUpdateDate>2015-01-01 00:00:00</PriceUpdateDate>
      <ItemCode>2415619</ItemCode>
      <ItemType>0</ItemType>
      <ItemName>סלט סלק ביתי 400 גרם</ItemName>
      <ManufacturerName>סלטי שמיר 2006 בעמ</ManufacturerName>
      <ManufactureCountry>לא ידוע</ManufactureCountry>
      <ManufacturerItemDescription>סלט סלק ביתי 400 גרם</ManufacturerItemDescription>
      <UnitQty>גרמים</UnitQty>
      <Quantity>400.00</Quantity>
      <UnitOfMeasure>100 גרם</UnitOfMeasure>
      <bIsWeighted>0</bIsWeighted>
      <QtyInPackage>1</QtyInPackage>
      <ItemPrice>9.90</ItemPrice>
      <UnitOfMeasurePrice>2.4750</UnitOfMeasurePrice>
      <AllowDiscount>1</AllowDiscount>
      <ItemStatus>1</ItemStatus>
      <ItemId>222500</ItemId>
    </Item>
    <Item>
      <PriceUpdateDate>2015-01-01 00:00:00</PriceUpdateDate>
      <ItemCode>245089</ItemCode>
      <ItemType>0</ItemType>
      <ItemName>מרכך כביסה סוד סגול</ItemName>
      <ManufacturerName>הנקל סוד</ManufacturerName>
      <ManufactureCountry>לא ידוע</ManufactureCountry>
      <ManufacturerItemDescription>מ.כביסה סוד סגול 4 ליטר</ManufacturerItemDescription>
      <UnitQty>ליטרים</UnitQty>
      <Quantity>4.00</Quantity>
      <UnitOfMeasure>ליטר    </UnitOfMeasure>
      <bIsWeighted>0</bIsWeighted>
      <QtyInPackage>1</QtyInPackage>
      <ItemPrice>14.90</ItemPrice>
      <UnitOfMeasurePrice>3.7250</UnitOfMeasurePrice>
      <AllowDiscount>1</AllowDiscount>
      <ItemStatus>1</ItemStatus>
      <ItemId>222511</ItemId>
    </Item>
    <Item>
      <PriceUpdateDate>2015-01-01 00:00:00</PriceUpdateDate>
      <ItemCode>245157</ItemCode>
      <ItemType>0</ItemType>
      <ItemName>מרכך כביסה סוד לבן 4</ItemName>
      <ManufacturerName>הנקל סוד</ManufacturerName>
      <ManufactureCountry>לא ידוע</ManufactureCountry>
      <ManufacturerItemDescription>מ.כביסה סוד לבן 4 ליטר</ManufacturerItemDescription>
      <UnitQty>ליטרים</UnitQty>
      <Quantity>4.00</Quantity>
      <UnitOfMeasure>ליטר    </UnitOfMeasure>
      <bIsWeighted>0</bIsWeighted>
      <QtyInPackage>1</QtyInPackage>
      <ItemPrice>14.90</ItemPrice>
      <UnitOfMeasurePrice>3.7250</UnitOfMeasurePrice>
      <AllowDiscount>1</AllowDiscount>
      <ItemStatus>1</ItemStatus>
      <ItemId>222512</ItemId>
    </Item>
    <Item>
      <PriceUpdateDate>2015-01-01 00:00:00</PriceUpdateDate>
      <ItemCode>245782</ItemCode>
      <ItemType>0</ItemType>
      <ItemName>מרכך כביסה סוד ורוד</ItemName>
      <ManufacturerName>הנקל סוד</ManufacturerName>
      <ManufactureCountry>לא ידוע</ManufactureCountry>
      <ManufacturerItemDescription>מ.כביסה סוד ורוד 4 ליטר</ManufacturerItemDescription>
      <UnitQty>ליטרים</UnitQty>
      <Quantity>4.00</Quantity>
      <UnitOfMeasure>ליטר    </UnitOfMeasure>
      <bIsWeighted>0</bIsWeighted>
      <QtyInPackage>1</QtyInPackage>
      <ItemPrice>14.90</ItemPrice>
      <UnitOfMeasurePrice>3.7250</UnitOfMeasurePrice>
      <AllowDiscount>1</AllowDiscount>
      <ItemStatus>1</ItemStatus>
      <ItemId>222516</ItemId>
    </Item>
    <Item>
      <PriceUpdateDate>2015-01-01 00:00:00</PriceUpdateDate>
      <ItemCode>245799</ItemCode>
      <ItemType>0</ItemType>
      <ItemName>מרכך כביסה סוד כחול</ItemName>
      <ManufacturerName>הנקל סוד</ManufacturerName>
      <ManufactureCountry>לא ידוע</ManufactureCountry>
      <ManufacturerItemDescription>מ.כביסה סוד כחול 4 ליטר</ManufacturerItemDescription>
      <UnitQty>ליטרים</UnitQty>
      <Quantity>4.00</Quantity>
      <UnitOfMeasure>ליטר    </UnitOfMeasure>
      <bIsWeighted>0</bIsWeighted>
      <QtyInPackage>1</QtyInPackage>
      <ItemPrice>14.90</ItemPrice>
      <UnitOfMeasurePrice>3.7250</UnitOfMeasurePrice>
      <AllowDiscount>1</AllowDiscount>
      <ItemStatus>1</ItemStatus>
      <ItemId>222517</ItemId>
    </Item>
    <Item>
      <PriceUpdateDate>2016-05-18 16:53:55</PriceUpdateDate>
      <ItemCode>250</ItemCode>
      <ItemType>0</ItemType>
      <ItemName>חסה עגולה-יח</ItemName>
      <ManufacturerName>,</ManufacturerName>
      <ManufactureCountry>לא ידוע</ManufactureCountry>
      <ManufacturerItemDescription>חסה עגולה-יח</ManufacturerItemDescription>
      <UnitQty>Unknown </UnitQty>
      <Quantity>0.00</Quantity>
      <UnitOfMeasure>Unknown </UnitOfMeasure>
      <bIsWeighted>0</bIsWeighted>
      <QtyInPackage>1</QtyInPackage>
      <ItemPrice>4.90</ItemPrice>
      <UnitOfMeasurePrice>0.0000</UnitOfMeasurePrice>
      <AllowDiscount>1</AllowDiscount>
      <ItemStatus>1</ItemStatus>
      <ItemId>222545</ItemId>
    </Item>
    <Item>
      <PriceUpdateDate>2015-01-01 00:00:00</PriceUpdateDate>
      <ItemCode>2552345</ItemCode>
      <ItemType>0</ItemType>
      <ItemName>מאגדת שלגונים גלי גל</ItemName>
      <ManufacturerName>גלידות ריאו ביח"ר לג</ManufacturerName>
      <ManufactureCountry>לא ידוע</ManufactureCountry>
      <ManufacturerItemDescription>מאגדת שלגונים גלי גל פרווה 8 יח</ManufacturerItemDescription>
      <UnitQty>Unknown </UnitQty>
      <Quantity>0.00</Quantity>
      <UnitOfMeasure>Unknown </UnitOfMeasure>
      <bIsWeighted>0</bIsWeighted>
      <QtyInPackage>1</QtyInPackage>
      <ItemPrice>14.90</ItemPrice>
      <UnitOfMeasurePrice>0.0000</UnitOfMeasurePrice>
      <AllowDiscount>1</AllowDiscount>
      <ItemStatus>1</ItemStatus>
      <ItemId>222550</ItemId>
    </Item>
    <Item>
      <PriceUpdateDate>2015-01-01 00:00:00</PriceUpdateDate>
      <ItemCode>2552499</ItemCode>
      <ItemType>0</ItemType>
      <ItemName>מאגדת קרחונים פרי תו</ItemName>
      <ManufacturerName>גלידות ריאו ביח"ר לג</ManufacturerName>
      <ManufactureCountry>לא ידוע</ManufactureCountry>
      <ManufacturerItemDescription>מאגדת קרחונים פרי תות/מנגו 8 יח"</ManufacturerItemDescription>
      <UnitQty>Unknown </UnitQty>
      <Quantity>0.00</Quantity>
      <UnitOfMeasure>Unknown </UnitOfMeasure>
      <bIsWeighted>0</bIsWeighted>
      <QtyInPackage>1</QtyInPackage>
      <ItemPrice>17.90</ItemPrice>
      <UnitOfMeasurePrice>0.0000</UnitOfMeasurePrice>
      <AllowDiscount>1</AllowDiscount>
      <ItemStatus>1</ItemStatus>
      <ItemId>222553</ItemId>
    </Item>
    <Item>
      <PriceUpdateDate>2015-01-01 00:00:00</PriceUpdateDate>
      <ItemCode>2552772</ItemCode>
      <ItemType>0</ItemType>
      <ItemName>מאגדת קרחונים 10 יח</ItemName>
      <ManufacturerName>גלידות ריאו ביח"ר לג</ManufacturerName>
      <ManufactureCountry>לא ידוע</ManufactureCountry>
      <ManufacturerItemDescription>מאגדת קרחונים 10 יח"</ManufacturerItemDescription>
      <UnitQty>Unknown </UnitQty>
      <Quantity>0.00</Quantity>
      <UnitOfMeasure>Unknown </UnitOfMeasure>
      <bIsWeighted>0</bIsWeighted>
      <QtyInPackage>1</QtyInPackage>
      <ItemPrice>10.90</ItemPrice>
      <UnitOfMeasurePrice>0.0000</UnitOfMeasurePrice>
      <AllowDiscount>1</AllowDiscount>
      <ItemStatus>1</ItemStatus>
      <ItemId>222555</ItemId>
    </Item>
    <Item>
      <PriceUpdateDate>2016-05-18 16:54:04</PriceUpdateDate>
      <ItemCode>260</ItemCode>
      <ItemType>0</ItemType>
      <ItemName>חסה ערבית-יח</ItemName>
      <ManufacturerName>,</ManufacturerName>
      <ManufactureCountry>לא ידוע</ManufactureCountry>
      <ManufacturerItemDescription>חסה ערבית-יח</ManufacturerItemDescription>
      <UnitQty>Unknown </UnitQty>
      <Quantity>0.00</Quantity>
      <UnitOfMeasure>Unknown </UnitOfMeasure>
      <bIsWeighted>0</bIsWeighted>
      <QtyInPackage>1</QtyInPackage>
      <ItemPrice>3.90</ItemPrice>
      <UnitOfMeasurePrice>0.0000</UnitOfMeasurePrice>
      <AllowDiscount>1</AllowDiscount>
      <ItemStatus>1</ItemStatus>
      <ItemId>222567</ItemId>
    </Item>
    <Item>
      <PriceUpdateDate>2015-01-01 00:00:00</PriceUpdateDate>
      <ItemCode>260839</ItemCode>
      <ItemType>0</ItemType>
      <ItemName>ספרינג תפוזים 1.5 לי</ItemName>
      <ManufacturerName>יפאורה תבורי</ManufacturerName>
      <ManufactureCountry>ישראל</ManufactureCountry>
      <ManufacturerItemDescription>ספרינג תפוזים 1.5 ליטר</ManufacturerItemDescription>
      <UnitQty>ליטרים</UnitQty>
      <Quantity>1.50</Quantity>
      <UnitOfMeasure>ליטר    </UnitOfMeasure>
      <bIsWeighted>0</bIsWeighted>
      <QtyInPackage>1</QtyInPackage>
      <ItemPrice>5.90</ItemPrice>
      <UnitOfMeasurePrice>3.9333</UnitOfMeasurePrice>
      <AllowDiscount>1</AllowDiscount>
      <ItemStatus>1</ItemStatus>
      <ItemId>222568</ItemId>
    </Item>
    <Item>
      <PriceUpdateDate>2015-01-01 00:00:00</PriceUpdateDate>
      <ItemCode>260853</ItemCode>
      <ItemType>0</ItemType>
      <ItemName>ספרינג מנגו 1.5 ליטר</ItemName>
      <ManufacturerName>יפאורה תבורי</ManufacturerName>
      <ManufactureCountry>ישראל</ManufactureCountry>
      <ManufacturerItemDescription>ספרינג מנגו 1.5 ליטר</ManufacturerItemDescription>
      <UnitQty>ליטרים</UnitQty>
      <Quantity>1.50</Quantity>
      <UnitOfMeasure>ליטר    </UnitOfMeasure>
      <bIsWeighted>0</bIsWeighted>
      <QtyInPackage>1</QtyInPackage>
      <ItemPrice>5.90</ItemPrice>
      <UnitOfMeasurePrice>3.9333</UnitOfMeasurePrice>
      <AllowDiscount>1</AllowDiscount>
      <ItemStatus>1</ItemStatus>
      <ItemId>222569</ItemId>
    </Item>
    <Item>
      <PriceUpdateDate>2015-01-01 00:00:00</PriceUpdateDate>
      <ItemCode>260860</ItemCode>
      <ItemType>0</ItemType>
      <ItemName>ספרינג אפרסק 1.5 ליט</ItemName>
      <ManufacturerName>יפאורה תבורי</ManufacturerName>
      <ManufactureCountry>ישראל</ManufactureCountry>
      <ManufacturerItemDescription>ספרינג אפרסק 1.5 ליטר</ManufacturerItemDescription>
      <UnitQty>ליטרים</UnitQty>
      <Quantity>1.50</Quantity>
      <UnitOfMeasure>ליטר    </UnitOfMeasure>
      <bIsWeighted>0</bIsWeighted>
      <QtyInPackage>1</QtyInPackage>
      <ItemPrice>5.90</ItemPrice>
      <UnitOfMeasurePrice>3.9333</UnitOfMeasurePrice>
      <AllowDiscount>1</AllowDiscount>
      <ItemStatus>1</ItemStatus>
      <ItemId>222570</ItemId>
    </Item>
    <Item>
      <PriceUpdateDate>2015-01-01 00:00:00</PriceUpdateDate>
      <ItemCode>260969</ItemCode>
      <ItemType>0</ItemType>
      <ItemName>ספרינג דיאט אשכוליות</ItemName>
      <ManufacturerName>יפאורה תבורי</ManufacturerName>
      <ManufactureCountry>ישראל</ManufactureCountry>
      <ManufacturerItemDescription>ספרינג דיאט אשכוליות 1.5 ליטר</ManufacturerItemDescription>
      <UnitQty>ליטרים</UnitQty>
      <Quantity>1.50</Quantity>
      <UnitOfMeasure>ליטר    </UnitOfMeasure>
      <bIsWeighted>0</bIsWeighted>
      <QtyInPackage>1</QtyInPackage>
      <ItemPrice>5.90</ItemPrice>
      <UnitOfMeasurePrice>3.9333</UnitOfMeasurePrice>
      <AllowDiscount>1</AllowDiscount>
      <ItemStatus>1</ItemStatus>
      <ItemId>222571</ItemId>
    </Item>
    <Item>
      <PriceUpdateDate>2015-01-01 00:00:00</PriceUpdateDate>
      <ItemCode>2663522</ItemCode>
      <ItemType>0</ItemType>
      <ItemName>תפוזינה תפוזים 1.5 ל</ItemName>
      <ManufacturerName>יפאורה תבורי</ManufacturerName>
      <ManufactureCountry>לא ידוע</ManufactureCountry>
      <ManufacturerItemDescription>תפוזינה תפוזים 1.5 ליטר</ManufacturerItemDescription>
      <UnitQty>ליטרים</UnitQty>
      <Quantity>1.50</Quantity>
      <UnitOfMeasure>ליטר    </UnitOfMeasure>
      <bIsWeighted>0</bIsWeighted>
      <QtyInPackage>1</QtyInPackage>
      <ItemPrice>5.90</ItemPrice>
      <UnitOfMeasurePrice>3.9333</UnitOfMeasurePrice>
      <AllowDiscount>1</AllowDiscount>
      <ItemStatus>1</ItemStatus>
      <ItemId>222576</ItemId>
    </Item>
    <Item>
      <PriceUpdateDate>2015-01-01 00:00:00</PriceUpdateDate>
      <ItemCode>2663539</ItemCode>
      <ItemType>0</ItemType>
      <ItemName>תפוזינה אשכולינה 1.5</ItemName>
      <ManufacturerName>יפאורה תבורי</ManufacturerName>
      <ManufactureCountry>לא ידוע</ManufactureCountry>
      <ManufacturerItemDescription>תפוזינה אשכולינה 1.5 ליטר</ManufacturerItemDescription>
      <UnitQty>ליטרים</UnitQty>
      <Quantity>1.50</Quantity>
      <UnitOfMeasure>ליטר    </UnitOfMeasure>
      <bIsWeighted>0</bIsWeighted>
      <QtyInPackage>1</QtyInPackage>
      <ItemPrice>5.90</ItemPrice>
      <UnitOfMeasurePrice>3.9333</UnitOfMeasurePrice>
      <AllowDiscount>1</AllowDiscount>
      <ItemStatus>1</ItemStatus>
      <ItemId>222577</ItemId>
    </Item>
    <Item>
      <PriceUpdateDate>2015-01-01 00:00:00</PriceUpdateDate>
      <ItemCode>2663805</ItemCode>
      <ItemType>0</ItemType>
      <ItemName>שוופס טוניק 1.5 ליטר</ItemName>
      <ManufacturerName>יפאורה תבורי</ManufacturerName>
      <ManufactureCountry>לא ידוע</ManufactureCountry>
      <ManufacturerItemDescription>שוופס טוניק 1.5 ליטר</ManufacturerItemDescription>
      <UnitQty>ליטרים</UnitQty>
      <Quantity>1.50</Quantity>
      <UnitOfMeasure>ליטר    </UnitOfMeasure>
      <bIsWeighted>0</bIsWeighted>
      <QtyInPackage>1</QtyInPackage>
      <ItemPrice>7.90</ItemPrice>
      <UnitOfMeasurePrice>5.2667</UnitOfMeasurePrice>
      <AllowDiscount>1</AllowDiscount>
      <ItemStatus>1</ItemStatus>
      <ItemId>222578</ItemId>
    </Item>
    <Item>
      <PriceUpdateDate>2015-01-01 00:00:00</PriceUpdateDate>
      <ItemCode>2663829</ItemCode>
      <ItemType>0</ItemType>
      <ItemName>שוופס ביטר 1.5 ליטר</ItemName>
      <ManufacturerName>יפאורה תבורי</ManufacturerName>
      <ManufactureCountry>לא ידוע</ManufactureCountry>
      <ManufacturerItemDescription>שוופס ביטר 1.5 ליטר</ManufacturerItemDescription>
      <UnitQty>ליטרים</UnitQty>
      <Quantity>1.50</Quantity>
      <UnitOfMeasure>ליטר    </UnitOfMeasure>
      <bIsWeighted>0</bIsWeighted>
      <QtyInPackage>1</QtyInPackage>
      <ItemPrice>7.90</ItemPrice>
      <UnitOfMeasurePrice>5.2667</UnitOfMeasurePrice>
      <AllowDiscount>1</AllowDiscount>
      <ItemStatus>1</ItemStatus>
      <ItemId>222580</ItemId>
    </Item>
    <Item>
      <PriceUpdateDate>2015-01-01 00:00:00</PriceUpdateDate>
      <ItemCode>2663881</ItemCode>
      <ItemType>0</ItemType>
      <ItemName>תפוזינה אשכולינה דיא</ItemName>
      <ManufacturerName>יפאורה תבורי</ManufacturerName>
      <ManufactureCountry>לא ידוע</ManufactureCountry>
      <ManufacturerItemDescription>תפוזינה אשכולינה דיאט 1.5 ליטר</ManufacturerItemDescription>
      <UnitQty>ליטרים</UnitQty>
      <Quantity>1.50</Quantity>
      <UnitOfMeasure>ליטר    </UnitOfMeasure>
      <bIsWeighted>0</bIsWeighted>
      <QtyInPackage>1</QtyInPackage>
      <ItemPrice>5.90</ItemPrice>
      <UnitOfMeasurePrice>3.9333</UnitOfMeasurePrice>
      <AllowDiscount>1</AllowDiscount>
      <ItemStatus>1</ItemStatus>
      <ItemId>222581</ItemId>
    </Item>
    <Item>
      <PriceUpdateDate>2015-01-01 00:00:00</PriceUpdateDate>
      <ItemCode>2664987</ItemCode>
      <ItemType>0</ItemType>
      <ItemName>שוקונית בפח 500 גרם</ItemName>
      <ManufacturerName>,</ManufacturerName>
      <ManufactureCountry>לא ידוע</ManufactureCountry>
      <ManufacturerItemDescription>שוקונית בפח 500 גרם</ManufacturerItemDescription>
      <UnitQty>גרמים</UnitQty>
      <Quantity>500.00</Quantity>
      <UnitOfMeasure>100 גרם</UnitOfMeasure>
      <bIsWeighted>0</bIsWeighted>
      <QtyInPackage>1</QtyInPackage>
      <ItemPrice>11.90</ItemPrice>
      <UnitOfMeasurePrice>2.3800</UnitOfMeasurePrice>
      <AllowDiscount>1</AllowDiscount>
      <ItemStatus>1</ItemStatus>
      <ItemId>222588</ItemId>
    </Item>
    <Item>
      <PriceUpdateDate>2015-09-03 12:27:29</PriceUpdateDate>
      <ItemCode>9002706</ItemCode>
      <ItemType>0</ItemType>
      <ItemName>לוף</ItemName>
      <ManufacturerName>,</ManufacturerName>
      <ManufactureCountry>לא ידוע</ManufactureCountry>
      <ManufacturerItemDescription>לוף</ManufacturerItemDescription>
      <UnitQty>קילוגרמים</UnitQty>
      <Quantity>1.00</Quantity>
      <UnitOfMeasure>ק"ג</UnitOfMeasure>
      <bIsWeighted>1</bIsWeighted>
      <QtyInPackage>לא ידוע</QtyInPackage>
      <ItemPrice>9.90</ItemPrice>
      <UnitOfMeasurePrice>9.9000</UnitOfMeasurePrice>
      <AllowDiscount>1</AllowDiscount>
      <ItemStatus>1</ItemStatus>
      <ItemId>222595</ItemId>
    </Item>
    <Item>
      <PriceUpdateDate>2015-01-01 00:00:00</PriceUpdateDate>
      <ItemCode>2701026</ItemCode>
      <ItemType>0</ItemType>
      <ItemName>פארפיל בתנור 400 גרם</ItemName>
      <ManufacturerName>,</ManufacturerName>
      <ManufactureCountry>לא ידוע</ManufactureCountry>
      <ManufacturerItemDescription>פארפיל בתנור 400 גרם</ManufacturerItemDescription>
      <UnitQty>גרמים</UnitQty>
      <Quantity>400.00</Quantity>
      <UnitOfMeasure>100 גרם</UnitOfMeasure>
      <bIsWeighted>0</bIsWeighted>
      <QtyInPackage>1</QtyInPackage>
      <ItemPrice>6.90</ItemPrice>
      <UnitOfMeasurePrice>1.7250</UnitOfMeasurePrice>
      <AllowDiscount>1</AllowDiscount>
      <ItemStatus>1</ItemStatus>
      <ItemId>222596</ItemId>
    </Item>
    <Item>
      <PriceUpdateDate>2015-01-01 00:00:00</PriceUpdateDate>
      <ItemCode>7290103901882</ItemCode>
      <ItemType>0</ItemType>
      <ItemName>בובה נסיכה</ItemName>
      <ManufacturerName>,</ManufacturerName>
      <ManufactureCountry>Unknown</ManufactureCountry>
      <ManufacturerItemDescription>בובה נסיכה</ManufacturerItemDescription>
      <UnitQty>Unknown </UnitQty>
      <Quantity>0.00</Quantity>
      <UnitOfMeasure>Unknown </UnitOfMeasure>
      <bIsWeighted>0</bIsWeighted>
      <QtyInPackage>1</QtyInPackage>
      <ItemPrice>39.90</ItemPrice>
      <UnitOfMeasurePrice>0.0000</UnitOfMeasurePrice>
      <AllowDiscount>1</AllowDiscount>
      <ItemStatus>1</ItemStatus>
      <ItemId>251159</ItemId>
    </Item>
    <Item>
      <PriceUpdateDate>2015-01-01 00:00:00</PriceUpdateDate>
      <ItemCode>2701057</ItemCode>
      <ItemType>0</ItemType>
      <ItemName>פתיתים אפויים מרובעי</ItemName>
      <ManufacturerName>,</ManufacturerName>
      <ManufactureCountry>לא ידוע</ManufactureCountry>
      <ManufacturerItemDescription>פתיתים אפויים מרובעים 300 גרם</ManufacturerItemDescription>
      <UnitQty>גרמים</UnitQty>
      <Quantity>300.00</Quantity>
      <UnitOfMeasure>100 גרם</UnitOfMeasure>
      <bIsWeighted>0</bIsWeighted>
      <QtyInPackage>1</QtyInPackage>
      <ItemPrice>6.90</ItemPrice>
      <UnitOfMeasurePrice>2.3000</UnitOfMeasurePrice>
      <AllowDiscount>1</AllowDiscount>
      <ItemStatus>1</ItemStatus>
      <ItemId>222598</ItemId>
    </Item>
    <Item>
      <PriceUpdateDate>2015-01-01 00:00:00</PriceUpdateDate>
      <ItemCode>2715405</ItemCode>
      <ItemType>0</ItemType>
      <ItemName>בקלה צעיר ללא ראש</ItemName>
      <ManufacturerName>דלידג</ManufacturerName>
      <ManufactureCountry>לא ידוע</ManufactureCountry>
      <ManufacturerItemDescription>בקלה צעיר ללא ראש</ManufacturerItemDescription>
      <UnitQty>קילוגרמים</UnitQty>
      <Quantity>1.00</Quantity>
      <UnitOfMeasure>ק"ג</UnitOfMeasure>
      <bIsWeighted>1</bIsWeighted>
      <QtyInPackage>לא ידוע</QtyInPackage>
      <ItemPrice>13.90</ItemPrice>
      <UnitOfMeasurePrice>13.9000</UnitOfMeasurePrice>
      <AllowDiscount>1</AllowDiscount>
      <ItemStatus>1</ItemStatus>
      <ItemId>222600</ItemId>
    </Item>
    <Item>
      <PriceUpdateDate>2015-01-01 00:00:00</PriceUpdateDate>
      <ItemCode>7290103156138</ItemCode>
      <ItemType>0</ItemType>
      <ItemName>מפת אלבד גליל עם דוג</ItemName>
      <ManufacturerName>דיספובד</ManufacturerName>
      <ManufactureCountry>לא ידוע</ManufactureCountry>
      <ManufacturerItemDescription>מפת אלבד גליל עם דוגמא</ManufacturerItemDescription>
      <UnitQty>Unknown </UnitQty>
      <Quantity>0.00</Quantity>
      <UnitOfMeasure>Unknown </UnitOfMeasure>
      <bIsWeighted>0</bIsWeighted>
      <QtyInPackage>1</QtyInPackage>
      <ItemPrice>29.90</ItemPrice>
      <UnitOfMeasurePrice>0.0000</UnitOfMeasurePrice>
      <AllowDiscount>1</AllowDiscount>
      <ItemStatus>1</ItemStatus>
      <ItemId>249121</ItemId>
    </Item>
    <Item>
      <PriceUpdateDate>2015-01-01 00:00:00</PriceUpdateDate>
      <ItemCode>2716402</ItemCode>
      <ItemType>0</ItemType>
      <ItemName>אגוז מקולף 400 ג</ItemName>
      <ManufacturerName>,</ManufacturerName>
      <ManufactureCountry>לא ידוע</ManufactureCountry>
      <ManufacturerItemDescription>אגוז מקולף 400 ג</ManufacturerItemDescription>
      <UnitQty>גרמים</UnitQty>
      <Quantity>400.00</Quantity>
      <UnitOfMeasure>100 גרם</UnitOfMeasure>
      <bIsWeighted>0</bIsWeighted>
      <QtyInPackage>1</QtyInPackage>
      <ItemPrice>38.90</ItemPrice>
      <UnitOfMeasurePrice>9.7250</UnitOfMeasurePrice>
      <AllowDiscount>1</AllowDiscount>
      <ItemStatus>1</ItemStatus>
      <ItemId>222618</ItemId>
    </Item>
    <Item>
      <PriceUpdateDate>2015-01-01 00:00:00</PriceUpdateDate>
      <ItemCode>2716419</ItemCode>
      <ItemType>0</ItemType>
      <ItemName>שקד קלוף/טחון 400 ג</ItemName>
      <ManufacturerName>,</ManufacturerName>
      <ManufactureCountry>לא ידוע</ManufactureCountry>
      <ManufacturerItemDescription>שקד קלוף/טחון 400 ג</ManufacturerItemDescription>
      <UnitQty>גרמים</UnitQty>
      <Quantity>400.00</Quantity>
      <UnitOfMeasure>100 גרם</UnitOfMeasure>
      <bIsWeighted>0</bIsWeighted>
      <QtyInPackage>1</QtyInPackage>
      <ItemPrice>38.90</ItemPrice>
      <UnitOfMeasurePrice>9.7250</UnitOfMeasurePrice>
      <AllowDiscount>1</AllowDiscount>
      <ItemStatus>1</ItemStatus>
      <ItemId>222619</ItemId>
    </Item>
    <Item>
      <PriceUpdateDate>2015-01-01 00:00:00</PriceUpdateDate>
      <ItemCode>2716600</ItemCode>
      <ItemType>0</ItemType>
      <ItemName>דבש דרומה 500 גרם</ItemName>
      <ManufacturerName>,</ManufacturerName>
      <ManufactureCountry>לא ידוע</ManufactureCountry>
      <ManufacturerItemDescription>דבש דרומה 500 גרם</ManufacturerItemDescription>
      <UnitQty>גרמים</UnitQty>
      <Quantity>500.00</Quantity>
      <UnitOfMeasure>100 גרם</UnitOfMeasure>
      <bIsWeighted>0</bIsWeighted>
      <QtyInPackage>1</QtyInPackage>
      <ItemPrice>19.90</ItemPrice>
      <UnitOfMeasurePrice>3.9800</UnitOfMeasurePrice>
      <AllowDiscount>1</AllowDiscount>
      <ItemStatus>1</ItemStatus>
      <ItemId>222623</ItemId>
    </Item>
    <Item>
      <PriceUpdateDate>2015-01-01 00:00:00</PriceUpdateDate>
      <ItemCode>2716617</ItemCode>
      <ItemType>0</ItemType>
      <ItemName>דבש 1.5 קג דרומה</ItemName>
      <ManufacturerName>,</ManufacturerName>
      <ManufactureCountry>לא ידוע</ManufactureCountry>
      <ManufacturerItemDescription>דבש 1.5 קג דרומה</ManufacturerItemDescription>
      <UnitQty>קילוגרמים</UnitQty>
      <Quantity>1.50</Quantity>
      <UnitOfMeasure>ק"ג     </UnitOfMeasure>
      <bIsWeighted>0</bIsWeighted>
      <QtyInPackage>1</QtyInPackage>
      <ItemPrice>56.90</ItemPrice>
      <UnitOfMeasurePrice>37.9333</UnitOfMeasurePrice>
      <AllowDiscount>1</AllowDiscount>
      <ItemStatus>1</ItemStatus>
      <ItemId>222624</ItemId>
    </Item>
    <Item>
      <PriceUpdateDate>2015-01-01 00:00:00</PriceUpdateDate>
      <ItemCode>2716853</ItemCode>
      <ItemType>0</ItemType>
      <ItemName>קורנפלור 500 גרם דרו</ItemName>
      <ManufacturerName>,</ManufacturerName>
      <ManufactureCountry>לא ידוע</ManufactureCountry>
      <ManufacturerItemDescription>קורנפלור 500 גרם דרומה</ManufacturerItemDescription>
      <UnitQty>גרמים</UnitQty>
      <Quantity>500.00</Quantity>
      <UnitOfMeasure>100 גרם</UnitOfMeasure>
      <bIsWeighted>0</bIsWeighted>
      <QtyInPackage>1</QtyInPackage>
      <ItemPrice>3.90</ItemPrice>
      <UnitOfMeasurePrice>0.7800</UnitOfMeasurePrice>
      <AllowDiscount>1</AllowDiscount>
      <ItemStatus>1</ItemStatus>
      <ItemId>222630</ItemId>
    </Item>
    <Item>
      <PriceUpdateDate>2015-07-07 16:57:53</PriceUpdateDate>
      <ItemCode>2716877</ItemCode>
      <ItemType>0</ItemType>
      <ItemName>קקאו 500 ג דרומה</ItemName>
      <ManufacturerName>ADM COCOA BV</ManufacturerName>
      <ManufactureCountry>הולנד</ManufactureCountry>
      <ManufacturerItemDescription>קקאו 500 ג דרומה</ManufacturerItemDescription>
      <UnitQty>גרמים</UnitQty>
      <Quantity>500.00</Quantity>
      <UnitOfMeasure>100 גרם</UnitOfMeasure>
      <bIsWeighted>0</bIsWeighted>
      <QtyInPackage>1</QtyInPackage>
      <ItemPrice>13.90</ItemPrice>
      <UnitOfMeasurePrice>2.7800</UnitOfMeasurePrice>
      <AllowDiscount>1</AllowDiscount>
      <ItemStatus>1</ItemStatus>
      <ItemId>222631</ItemId>
    </Item>
    <Item>
      <PriceUpdateDate>2015-01-01 00:00:00</PriceUpdateDate>
      <ItemCode>2716945</ItemCode>
      <ItemType>0</ItemType>
      <ItemName>שוקונית 1 ק"ג דרומה</ItemName>
      <ManufacturerName>,</ManufacturerName>
      <ManufactureCountry>לא ידוע</ManufactureCountry>
      <ManufacturerItemDescription>שוקונית 1 ק"ג דרומה</ManufacturerItemDescription>
      <UnitQty>קילוגרמים</UnitQty>
      <Quantity>1.00</Quantity>
      <UnitOfMeasure>ק"ג     </UnitOfMeasure>
      <bIsWeighted>0</bIsWeighted>
      <QtyInPackage>1</QtyInPackage>
      <ItemPrice>13.90</ItemPrice>
      <UnitOfMeasurePrice>13.9000</UnitOfMeasurePrice>
      <AllowDiscount>1</AllowDiscount>
      <ItemStatus>1</ItemStatus>
      <ItemId>222633</ItemId>
    </Item>
    <Item>
      <PriceUpdateDate>2015-09-21 08:18:18</PriceUpdateDate>
      <ItemCode>272696</ItemCode>
      <ItemType>0</ItemType>
      <ItemName>מיץ לימון 1 ליטר</ItemName>
      <ManufacturerName>בית השיטה עסיס תעשיו</ManufacturerName>
      <ManufactureCountry>לא ידוע</ManufactureCountry>
      <ManufacturerItemDescription>מיץ לימון 1 ליטר בד"צ העדה החרדית י-ם</ManufacturerItemDescription>
      <UnitQty>ליטרים</UnitQty>
      <Quantity>1.00</Quantity>
      <UnitOfMeasure>ליטר    </UnitOfMeasure>
      <bIsWeighted>0</bIsWeighted>
      <QtyInPackage>1</QtyInPackage>
      <ItemPrice>9.90</ItemPrice>
      <UnitOfMeasurePrice>9.9000</UnitOfMeasurePrice>
      <AllowDiscount>1</AllowDiscount>
      <ItemStatus>1</ItemStatus>
      <ItemId>222634</ItemId>
    </Item>
    <Item>
      <PriceUpdateDate>2015-01-01 00:00:00</PriceUpdateDate>
      <ItemCode>272726</ItemCode>
      <ItemType>0</ItemType>
      <ItemName>חומץ טבעי 5% 1 ליטר</ItemName>
      <ManufacturerName>בית השיטה עסיס תעשיו</ManufacturerName>
      <ManufactureCountry>לא ידוע</ManufactureCountry>
      <ManufacturerItemDescription>חומץ טבעי 5% 1 ליטר בד"צ העדה החרדית י-ם</ManufacturerItemDescription>
      <UnitQty>ליטרים</UnitQty>
      <Quantity>1.00</Quantity>
      <UnitOfMeasure>ליטר    </UnitOfMeasure>
      <bIsWeighted>0</bIsWeighted>
      <QtyInPackage>1</QtyInPackage>
      <ItemPrice>5.90</ItemPrice>
      <UnitOfMeasurePrice>5.9000</UnitOfMeasurePrice>
      <AllowDiscount>1</AllowDiscount>
      <ItemStatus>1</ItemStatus>
      <ItemId>222635</ItemId>
    </Item>
    <Item>
      <PriceUpdateDate>2015-01-01 00:00:00</PriceUpdateDate>
      <ItemCode>2731771</ItemCode>
      <ItemType>0</ItemType>
      <ItemName>שריר הזרוע מס 8 הידו</ItemName>
      <ManufacturerName>,</ManufacturerName>
      <ManufactureCountry>לא ידוע</ManufactureCountry>
      <ManufacturerItemDescription>שריר הזרוע מס 8 הידורים</ManufacturerItemDescription>
      <UnitQty>קילוגרמים</UnitQty>
      <Quantity>1.00</Quantity>
      <UnitOfMeasure>ק"ג</UnitOfMeasure>
      <bIsWeighted>1</bIsWeighted>
      <QtyInPackage>לא ידוע</QtyInPackage>
      <ItemPrice>99.90</ItemPrice>
      <UnitOfMeasurePrice>99.9000</UnitOfMeasurePrice>
      <AllowDiscount>1</AllowDiscount>
      <ItemStatus>1</ItemStatus>
      <ItemId>222637</ItemId>
    </Item>
    <Item>
      <PriceUpdateDate>2015-01-01 00:00:00</PriceUpdateDate>
      <ItemCode>2731825</ItemCode>
      <ItemType>0</ItemType>
      <ItemName>צלעות בקר מס 2 הידור</ItemName>
      <ManufacturerName>,</ManufacturerName>
      <ManufactureCountry>לא ידוע</ManufactureCountry>
      <ManufacturerItemDescription>צלעות בקר מס 2 הידורים</ManufacturerItemDescription>
      <UnitQty>קילוגרמים</UnitQty>
      <Quantity>1.00</Quantity>
      <UnitOfMeasure>ק"ג</UnitOfMeasure>
      <bIsWeighted>1</bIsWeighted>
      <QtyInPackage>לא ידוע</QtyInPackage>
      <ItemPrice>69.90</ItemPrice>
      <UnitOfMeasurePrice>69.9000</UnitOfMeasurePrice>
      <AllowDiscount>1</AllowDiscount>
      <ItemStatus>1</ItemStatus>
      <ItemId>222639</ItemId>
    </Item>
    <Item>
      <PriceUpdateDate>2015-09-20 12:48:03</PriceUpdateDate>
      <ItemCode>2741084</ItemCode>
      <ItemType>0</ItemType>
      <ItemName>חטיפי דגנים שוגי צדף</ItemName>
      <ManufacturerName>יוניליוור</ManufacturerName>
      <ManufactureCountry>ישראל</ManufactureCountry>
      <ManufacturerItemDescription>חטיפי דגנים שוגי צדף שוקולד 8 יח</ManufacturerItemDescription>
      <UnitQty>גרמים</UnitQty>
      <Quantity>184.00</Quantity>
      <UnitOfMeasure>100 גרם</UnitOfMeasure>
      <bIsWeighted>0</bIsWeighted>
      <QtyInPackage>8</QtyInPackage>
      <ItemPrice>8.90</ItemPrice>
      <UnitOfMeasurePrice>4.8370</UnitOfMeasurePrice>
      <AllowDiscount>1</AllowDiscount>
      <ItemStatus>1</ItemStatus>
      <ItemId>222641</ItemId>
    </Item>
    <Item>
      <PriceUpdateDate>2015-09-20 12:48:03</PriceUpdateDate>
      <ItemCode>2741091</ItemCode>
      <ItemType>0</ItemType>
      <ItemName>חטיפי דגנים שוגי שוק</ItemName>
      <ManufacturerName>יוניליוור</ManufacturerName>
      <ManufactureCountry>ישראל</ManufactureCountry>
      <ManufacturerItemDescription>חטיפי דגנים שוגי שוקולד 8 יח</ManufacturerItemDescription>
      <UnitQty>גרמים</UnitQty>
      <Quantity>184.00</Quantity>
      <UnitOfMeasure>100 גרם</UnitOfMeasure>
      <bIsWeighted>0</bIsWeighted>
      <QtyInPackage>8</QtyInPackage>
      <ItemPrice>8.90</ItemPrice>
      <UnitOfMeasurePrice>4.8370</UnitOfMeasurePrice>
      <AllowDiscount>1</AllowDiscount>
      <ItemStatus>1</ItemStatus>
      <ItemId>222642</ItemId>
    </Item>
    <Item>
      <PriceUpdateDate>2015-01-01 00:00:00</PriceUpdateDate>
      <ItemCode>2768036</ItemCode>
      <ItemType>0</ItemType>
      <ItemName>מי פה תיאדנט ענק 150</ItemName>
      <ManufacturerName>אמיליה קוסמטיקס</ManufacturerName>
      <ManufactureCountry>לא ידוע</ManufactureCountry>
      <ManufacturerItemDescription>מי פה תיאדנט ענק 150 מ"ל</ManufacturerItemDescription>
      <UnitQty>מיליליטרים</UnitQty>
      <Quantity>150.00</Quantity>
      <UnitOfMeasure>100 מ"ל</UnitOfMeasure>
      <bIsWeighted>0</bIsWeighted>
      <QtyInPackage>1</QtyInPackage>
      <ItemPrice>16.90</ItemPrice>
      <UnitOfMeasurePrice>11.2667</UnitOfMeasurePrice>
      <AllowDiscount>1</AllowDiscount>
      <ItemStatus>1</ItemStatus>
      <ItemId>222646</ItemId>
    </Item>
    <Item>
      <PriceUpdateDate>2015-01-01 00:00:00</PriceUpdateDate>
      <ItemCode>2768043</ItemCode>
      <ItemType>0</ItemType>
      <ItemName>מי פה תיאדנט ופלאורי</ItemName>
      <ManufacturerName>אמיליה קוסמטיקס</ManufacturerName>
      <ManufactureCountry>לא ידוע</ManufactureCountry>
      <ManufacturerItemDescription>מי פה תיאדנט ופלאוריד 150 מ"ל</ManufacturerItemDescription>
      <UnitQty>מיליליטרים</UnitQty>
      <Quantity>150.00</Quantity>
      <UnitOfMeasure>100 מ"ל</UnitOfMeasure>
      <bIsWeighted>0</bIsWeighted>
      <QtyInPackage>1</QtyInPackage>
      <ItemPrice>16.90</ItemPrice>
      <UnitOfMeasurePrice>11.2667</UnitOfMeasurePrice>
      <AllowDiscount>1</AllowDiscount>
      <ItemStatus>1</ItemStatus>
      <ItemId>222647</ItemId>
    </Item>
    <Item>
      <PriceUpdateDate>2015-01-01 00:00:00</PriceUpdateDate>
      <ItemCode>2768074</ItemCode>
      <ItemType>0</ItemType>
      <ItemName>דרמפון 1 ליטר</ItemName>
      <ManufacturerName>אמיליה קוסמטיקס</ManufacturerName>
      <ManufactureCountry>לא ידוע</ManufactureCountry>
      <ManufacturerItemDescription>דרמפון 1 ליטר</ManufacturerItemDescription>
      <UnitQty>ליטרים</UnitQty>
      <Quantity>1.00</Quantity>
      <UnitOfMeasure>ליטר    </UnitOfMeasure>
      <bIsWeighted>0</bIsWeighted>
      <QtyInPackage>1</QtyInPackage>
      <ItemPrice>14.90</ItemPrice>
      <UnitOfMeasurePrice>14.9000</UnitOfMeasurePrice>
      <AllowDiscount>1</AllowDiscount>
      <ItemStatus>1</ItemStatus>
      <ItemId>222648</ItemId>
    </Item>
    <Item>
      <PriceUpdateDate>2016-05-23 14:50:47</PriceUpdateDate>
      <ItemCode>2780007</ItemCode>
      <ItemType>0</ItemType>
      <ItemName>מלפפון במלח 30-36</ItemName>
      <ManufacturerName>,</ManufacturerName>
      <ManufactureCountry>לא ידוע</ManufactureCountry>
      <ManufacturerItemDescription>מלפפון במלח 30-36 א10</ManufacturerItemDescription>
      <UnitQty>קילוגרמים</UnitQty>
      <Quantity>3.00</Quantity>
      <UnitOfMeasure>ק"ג     </UnitOfMeasure>
      <bIsWeighted>0</bIsWeighted>
      <QtyInPackage>1</QtyInPackage>
      <ItemPrice>13.90</ItemPrice>
      <UnitOfMeasurePrice>4.6333</UnitOfMeasurePrice>
      <AllowDiscount>1</AllowDiscount>
      <ItemStatus>1</ItemStatus>
      <ItemId>222656</ItemId>
    </Item>
    <Item>
      <PriceUpdateDate>2016-05-23 14:50:47</PriceUpdateDate>
      <ItemCode>2780045</ItemCode>
      <ItemType>0</ItemType>
      <ItemName>מלפפון בחומץ 30-36 א</ItemName>
      <ManufacturerName>,</ManufacturerName>
      <ManufactureCountry>לא ידוע</ManufactureCountry>
      <ManufacturerItemDescription>מלפפון בחומץ 30-36 א 10</ManufacturerItemDescription>
      <UnitQty>קילוגרמים</UnitQty>
      <Quantity>3.00</Quantity>
      <UnitOfMeasure>ק"ג     </UnitOfMeasure>
      <bIsWeighted>0</bIsWeighted>
      <QtyInPackage>1</QtyInPackage>
      <ItemPrice>13.90</ItemPrice>
      <UnitOfMeasurePrice>4.6333</UnitOfMeasurePrice>
      <AllowDiscount>1</AllowDiscount>
      <ItemStatus>1</ItemStatus>
      <ItemId>222658</ItemId>
    </Item>
    <Item>
      <PriceUpdateDate>2016-05-23 14:50:51</PriceUpdateDate>
      <ItemCode>2780571</ItemCode>
      <ItemType>0</ItemType>
      <ItemName>מלפפון במלח15-20 א5</ItemName>
      <ManufacturerName>,</ManufacturerName>
      <ManufactureCountry>לא ידוע</ManufactureCountry>
      <ManufacturerItemDescription>מלפפון במלח15-20 א5</ManufacturerItemDescription>
      <UnitQty>גרמים</UnitQty>
      <Quantity>725.00</Quantity>
      <UnitOfMeasure>100 גרם</UnitOfMeasure>
      <bIsWeighted>0</bIsWeighted>
      <QtyInPackage>1</QtyInPackage>
      <ItemPrice>10.90</ItemPrice>
      <UnitOfMeasurePrice>1.5034</UnitOfMeasurePrice>
      <AllowDiscount>1</AllowDiscount>
      <ItemStatus>1</ItemStatus>
      <ItemId>222666</ItemId>
    </Item>
    <Item>
      <PriceUpdateDate>2016-05-23 14:50:52</PriceUpdateDate>
      <ItemCode>2780601</ItemCode>
      <ItemType>0</ItemType>
      <ItemName>מלפפון בחומץ 15-20 א</ItemName>
      <ManufacturerName>,</ManufacturerName>
      <ManufactureCountry>לא ידוע</ManufactureCountry>
      <ManufacturerItemDescription>מלפפון בחומץ 15-20 A5</ManufacturerItemDescription>
      <UnitQty>גרמים</UnitQty>
      <Quantity>675.00</Quantity>
      <UnitOfMeasure>100 גרם</UnitOfMeasure>
      <bIsWeighted>0</bIsWeighted>
      <QtyInPackage>1</QtyInPackage>
      <ItemPrice>10.90</ItemPrice>
      <UnitOfMeasurePrice>1.6148</UnitOfMeasurePrice>
      <AllowDiscount>1</AllowDiscount>
      <ItemStatus>1</ItemStatus>
      <ItemId>222668</ItemId>
    </Item>
    <Item>
      <PriceUpdateDate>2016-05-23 14:50:53</PriceUpdateDate>
      <ItemCode>2780649</ItemCode>
      <ItemType>0</ItemType>
      <ItemName>.טבעות זית ירוק  א2-</ItemName>
      <ManufacturerName>,</ManufacturerName>
      <ManufactureCountry>לא ידוע</ManufactureCountry>
      <ManufacturerItemDescription>.טבעות זית ירוק  15-17 א2</ManufacturerItemDescription>
      <UnitQty>גרמים</UnitQty>
      <Quantity>560.00</Quantity>
      <UnitOfMeasure>100 גרם</UnitOfMeasure>
      <bIsWeighted>0</bIsWeighted>
      <QtyInPackage>1</QtyInPackage>
      <ItemPrice>7.30</ItemPrice>
      <UnitOfMeasurePrice>1.3036</UnitOfMeasurePrice>
      <AllowDiscount>1</AllowDiscount>
      <ItemStatus>1</ItemStatus>
      <ItemId>222669</ItemId>
    </Item>
    <Item>
      <PriceUpdateDate>2016-05-18 16:54:14</PriceUpdateDate>
      <ItemCode>282</ItemCode>
      <ItemType>0</ItemType>
      <ItemName>שום ארוז</ItemName>
      <ManufacturerName>,</ManufacturerName>
      <ManufactureCountry>לא ידוע</ManufactureCountry>
      <ManufacturerItemDescription>שום ארוז יח</ManufacturerItemDescription>
      <UnitQty>Unknown </UnitQty>
      <Quantity>0.00</Quantity>
      <UnitOfMeasure>Unknown </UnitOfMeasure>
      <bIsWeighted>0</bIsWeighted>
      <QtyInPackage>1</QtyInPackage>
      <ItemPrice>19.90</ItemPrice>
      <UnitOfMeasurePrice>0.0000</UnitOfMeasurePrice>
      <AllowDiscount>1</AllowDiscount>
      <ItemStatus>1</ItemStatus>
      <ItemId>222677</ItemId>
    </Item>
    <Item>
      <PriceUpdateDate>2016-02-11 13:39:47</PriceUpdateDate>
      <ItemCode>2824183</ItemCode>
      <ItemType>0</ItemType>
      <ItemName>גבינה סקי 5% 500 גרם</ItemName>
      <ManufacturerName>שטראוס</ManufacturerName>
      <ManufactureCountry>ישראל</ManufactureCountry>
      <ManufacturerItemDescription>גבינה סקי 5% 500 גרם</ManufacturerItemDescription>
      <UnitQty>גרמים</UnitQty>
      <Quantity>500.00</Quantity>
      <UnitOfMeasure>100 גרם</UnitOfMeasure>
      <bIsWeighted>0</bIsWeighted>
      <QtyInPackage>1</QtyInPackage>
      <ItemPrice>8.90</ItemPrice>
      <UnitOfMeasurePrice>1.7800</UnitOfMeasurePrice>
      <AllowDiscount>1</AllowDiscount>
      <ItemStatus>1</ItemStatus>
      <ItemId>222678</ItemId>
    </Item>
    <Item>
      <PriceUpdateDate>2016-02-11 13:39:47</PriceUpdateDate>
      <ItemCode>2824640</ItemCode>
      <ItemType>0</ItemType>
      <ItemName>גבינה 5% סקי מעודנת</ItemName>
      <ManufacturerName>שטראוס</ManufacturerName>
      <ManufactureCountry>ישראל</ManufactureCountry>
      <ManufacturerItemDescription>גבינה 5% סקי מעודנת 250 גרם</ManufacturerItemDescription>
      <UnitQty>גרמים</UnitQty>
      <Quantity>250.00</Quantity>
      <UnitOfMeasure>100 גרם</UnitOfMeasure>
      <bIsWeighted>0</bIsWeighted>
      <QtyInPackage>1</QtyInPackage>
      <ItemPrice>4.50</ItemPrice>
      <UnitOfMeasurePrice>1.8000</UnitOfMeasurePrice>
      <AllowDiscount>1</AllowDiscount>
      <ItemStatus>1</ItemStatus>
      <ItemId>222680</ItemId>
    </Item>
    <Item>
      <PriceUpdateDate>2016-05-19 08:12:20</PriceUpdateDate>
      <ItemCode>9002843</ItemCode>
      <ItemType>0</ItemType>
      <ItemName>שום ירוק קג</ItemName>
      <ManufacturerName>,</ManufacturerName>
      <ManufactureCountry>לא ידוע</ManufactureCountry>
      <ManufacturerItemDescription>שום ירוק קג</ManufacturerItemDescription>
      <UnitQty>קילוגרמים</UnitQty>
      <Quantity>1.00</Quantity>
      <UnitOfMeasure>ק"ג</UnitOfMeasure>
      <bIsWeighted>1</bIsWeighted>
      <QtyInPackage>לא ידוע</QtyInPackage>
      <ItemPrice>19.90</ItemPrice>
      <UnitOfMeasurePrice>19.9000</UnitOfMeasurePrice>
      <AllowDiscount>1</AllowDiscount>
      <ItemStatus>1</ItemStatus>
      <ItemId>222681</ItemId>
    </Item>
    <Item>
      <PriceUpdateDate>2015-01-01 00:00:00</PriceUpdateDate>
      <ItemCode>284316</ItemCode>
      <ItemType>0</ItemType>
      <ItemName>קוקה קולה בקבוק 1.5</ItemName>
      <ManufacturerName>קוקה קולה</ManufacturerName>
      <ManufactureCountry>לא ידוע</ManufactureCountry>
      <ManufacturerItemDescription>קוקה קולה בקבוק 1.5 ליטר</ManufacturerItemDescription>
      <UnitQty>ליטרים</UnitQty>
      <Quantity>1.50</Quantity>
      <UnitOfMeasure>ליטר    </UnitOfMeasure>
      <bIsWeighted>0</bIsWeighted>
      <QtyInPackage>1</QtyInPackage>
      <ItemPrice>6.50</ItemPrice>
      <UnitOfMeasurePrice>4.3333</UnitOfMeasurePrice>
      <AllowDiscount>1</AllowDiscount>
      <ItemStatus>1</ItemStatus>
      <ItemId>222682</ItemId>
    </Item>
    <Item>
      <PriceUpdateDate>2015-01-01 00:00:00</PriceUpdateDate>
      <ItemCode>284361</ItemCode>
      <ItemType>0</ItemType>
      <ItemName>קוקה קולה דיאט בבקבו</ItemName>
      <ManufacturerName>קוקה קולה</ManufacturerName>
      <ManufactureCountry>לא ידוע</ManufactureCountry>
      <ManufacturerItemDescription>קוקה קולה דיאט בבקבוק 1.5 ליטר</ManufacturerItemDescription>
      <UnitQty>ליטרים</UnitQty>
      <Quantity>1.50</Quantity>
      <UnitOfMeasure>ליטר    </UnitOfMeasure>
      <bIsWeighted>0</bIsWeighted>
      <QtyInPackage>1</QtyInPackage>
      <ItemPrice>6.50</ItemPrice>
      <UnitOfMeasurePrice>4.3333</UnitOfMeasurePrice>
      <AllowDiscount>1</AllowDiscount>
      <ItemStatus>1</ItemStatus>
      <ItemId>222685</ItemId>
    </Item>
    <Item>
      <PriceUpdateDate>2015-12-10 09:09:18</PriceUpdateDate>
      <ItemCode>9002850</ItemCode>
      <ItemType>0</ItemType>
      <ItemName>שום בתפזורת</ItemName>
      <ManufacturerName>,</ManufacturerName>
      <ManufactureCountry>לא ידוע</ManufactureCountry>
      <ManufacturerItemDescription>שום בתפזורת</ManufacturerItemDescription>
      <UnitQty>קילוגרמים</UnitQty>
      <Quantity>1.00</Quantity>
      <UnitOfMeasure>ק"ג</UnitOfMeasure>
      <bIsWeighted>1</bIsWeighted>
      <QtyInPackage>לא ידוע</QtyInPackage>
      <ItemPrice>19.90</ItemPrice>
      <UnitOfMeasurePrice>19.9000</UnitOfMeasurePrice>
      <AllowDiscount>1</AllowDiscount>
      <ItemStatus>1</ItemStatus>
      <ItemId>222688</ItemId>
    </Item>
    <Item>
      <PriceUpdateDate>2015-01-01 00:00:00</PriceUpdateDate>
      <ItemCode>286228</ItemCode>
      <ItemType>0</ItemType>
      <ItemName>סנו סושי 6 כריות יפנ</ItemName>
      <ManufacturerName>סדובסקי</ManufacturerName>
      <ManufactureCountry>לא ידוע</ManufactureCountry>
      <ManufacturerItemDescription>סנו סושי 6 כריות יפניות</ManufacturerItemDescription>
      <UnitQty>Unknown </UnitQty>
      <Quantity>0.00</Quantity>
      <UnitOfMeasure>Unknown </UnitOfMeasure>
      <bIsWeighted>0</bIsWeighted>
      <QtyInPackage>1</QtyInPackage>
      <ItemPrice>11.90</ItemPrice>
      <UnitOfMeasurePrice>0.0000</UnitOfMeasurePrice>
      <AllowDiscount>1</AllowDiscount>
      <ItemStatus>1</ItemStatus>
      <ItemId>222690</ItemId>
    </Item>
    <Item>
      <PriceUpdateDate>2015-01-01 00:00:00</PriceUpdateDate>
      <ItemCode>286297</ItemCode>
      <ItemType>0</ItemType>
      <ItemName>סנו אנטיקאלק מסיר אב</ItemName>
      <ManufacturerName>סנו</ManufacturerName>
      <ManufactureCountry>לא ידוע</ManufactureCountry>
      <ManufacturerItemDescription>סנו אנטיקאלק מסיר אבן 700 מ"ל</ManufacturerItemDescription>
      <UnitQty>מיליליטרים</UnitQty>
      <Quantity>700.00</Quantity>
      <UnitOfMeasure>100 מ"ל</UnitOfMeasure>
      <bIsWeighted>0</bIsWeighted>
      <QtyInPackage>1</QtyInPackage>
      <ItemPrice>7.90</ItemPrice>
      <UnitOfMeasurePrice>1.1286</UnitOfMeasurePrice>
      <AllowDiscount>1</AllowDiscount>
      <ItemStatus>1</ItemStatus>
      <ItemId>222691</ItemId>
    </Item>
    <Item>
      <PriceUpdateDate>2015-01-01 00:00:00</PriceUpdateDate>
      <ItemCode>286488</ItemCode>
      <ItemType>0</ItemType>
      <ItemName>ספוג כיף פיראט</ItemName>
      <ManufacturerName>קוסמופארם</ManufacturerName>
      <ManufactureCountry>לא ידוע</ManufactureCountry>
      <ManufacturerItemDescription>ספוג כיף פיראט</ManufacturerItemDescription>
      <UnitQty>Unknown </UnitQty>
      <Quantity>0.00</Quantity>
      <UnitOfMeasure>Unknown </UnitOfMeasure>
      <bIsWeighted>0</bIsWeighted>
      <QtyInPackage>1</QtyInPackage>
      <ItemPrice>6.90</ItemPrice>
      <UnitOfMeasurePrice>0.0000</UnitOfMeasurePrice>
      <AllowDiscount>1</AllowDiscount>
      <ItemStatus>1</ItemStatus>
      <ItemId>222692</ItemId>
    </Item>
    <Item>
      <PriceUpdateDate>2015-01-01 00:00:00</PriceUpdateDate>
      <ItemCode>286525</ItemCode>
      <ItemType>0</ItemType>
      <ItemName>ספוג כיף רחצה פרינה</ItemName>
      <ManufacturerName>קוסמופארם</ManufacturerName>
      <ManufactureCountry>לא ידוע</ManufactureCountry>
      <ManufacturerItemDescription>ספוג כיף רחצה פרינה</ManufacturerItemDescription>
      <UnitQty>Unknown </UnitQty>
      <Quantity>0.00</Quantity>
      <UnitOfMeasure>Unknown </UnitOfMeasure>
      <bIsWeighted>0</bIsWeighted>
      <QtyInPackage>1</QtyInPackage>
      <ItemPrice>8.90</ItemPrice>
      <UnitOfMeasurePrice>0.0000</UnitOfMeasurePrice>
      <AllowDiscount>1</AllowDiscount>
      <ItemStatus>1</ItemStatus>
      <ItemId>222694</ItemId>
    </Item>
    <Item>
      <PriceUpdateDate>2015-01-01 00:00:00</PriceUpdateDate>
      <ItemCode>286549</ItemCode>
      <ItemType>0</ItemType>
      <ItemName>מטלית סנו סושי לכל 9</ItemName>
      <ManufacturerName>נועם אורים</ManufacturerName>
      <ManufactureCountry>לא ידוע</ManufactureCountry>
      <ManufacturerItemDescription>מטלית סנו סושי לכל 9 יח"</ManufacturerItemDescription>
      <UnitQty>Unknown </UnitQty>
      <Quantity>0.00</Quantity>
      <UnitOfMeasure>Unknown </UnitOfMeasure>
      <bIsWeighted>0</bIsWeighted>
      <QtyInPackage>1</QtyInPackage>
      <ItemPrice>11.90</ItemPrice>
      <UnitOfMeasurePrice>0.0000</UnitOfMeasurePrice>
      <AllowDiscount>1</AllowDiscount>
      <ItemStatus>1</ItemStatus>
      <ItemId>222695</ItemId>
    </Item>
    <Item>
      <PriceUpdateDate>2015-01-01 00:00:00</PriceUpdateDate>
      <ItemCode>287492</ItemCode>
      <ItemType>0</ItemType>
      <ItemName>סנובון נוזלי לימון</ItemName>
      <ManufacturerName>סנו</ManufacturerName>
      <ManufactureCountry>לא ידוע</ManufactureCountry>
      <ManufacturerItemDescription>סנובון נוזלי לימון 750 מ"ל</ManufacturerItemDescription>
      <UnitQty>מיליליטרים</UnitQty>
      <Quantity>750.00</Quantity>
      <UnitOfMeasure>100 מ"ל</UnitOfMeasure>
      <bIsWeighted>0</bIsWeighted>
      <QtyInPackage>1</QtyInPackage>
      <ItemPrice>7.50</ItemPrice>
      <UnitOfMeasurePrice>1.0000</UnitOfMeasurePrice>
      <AllowDiscount>1</AllowDiscount>
      <ItemStatus>1</ItemStatus>
      <ItemId>250613</ItemId>
    </Item>
    <Item>
      <PriceUpdateDate>2015-01-01 00:00:00</PriceUpdateDate>
      <ItemCode>286631</ItemCode>
      <ItemType>0</ItemType>
      <ItemName>סנו X לימון שקית מיל</ItemName>
      <ManufacturerName>סנו</ManufacturerName>
      <ManufactureCountry>לא ידוע</ManufactureCountry>
      <ManufacturerItemDescription>סנו X לימון שקית מילוי 600 ג"</ManufacturerItemDescription>
      <UnitQty>גרמים</UnitQty>
      <Quantity>600.00</Quantity>
      <UnitOfMeasure>100 גרם</UnitOfMeasure>
      <bIsWeighted>0</bIsWeighted>
      <QtyInPackage>1</QtyInPackage>
      <ItemPrice>6.90</ItemPrice>
      <UnitOfMeasurePrice>1.1500</UnitOfMeasurePrice>
      <AllowDiscount>1</AllowDiscount>
      <ItemStatus>1</ItemStatus>
      <ItemId>222698</ItemId>
    </Item>
    <Item>
      <PriceUpdateDate>2015-01-01 00:00:00</PriceUpdateDate>
      <ItemCode>4009300525684</ItemCode>
      <ItemType>0</ItemType>
      <ItemName>חליטת פירות פומפדור</ItemName>
      <ManufacturerName>טייקנה</ManufacturerName>
      <ManufactureCountry>גרמניה</ManufactureCountry>
      <ManufacturerItemDescription>חליטת פירות פומפדור פירות לימון 35 גרם</ManufacturerItemDescription>
      <UnitQty>גרמים</UnitQty>
      <Quantity>35.00</Quantity>
      <UnitOfMeasure>100 גרם</UnitOfMeasure>
      <bIsWeighted>0</bIsWeighted>
      <QtyInPackage>1</QtyInPackage>
      <ItemPrice>14.90</ItemPrice>
      <UnitOfMeasurePrice>42.5714</UnitOfMeasurePrice>
      <AllowDiscount>1</AllowDiscount>
      <ItemStatus>1</ItemStatus>
      <ItemId>248973</ItemId>
    </Item>
    <Item>
      <PriceUpdateDate>2015-01-01 00:00:00</PriceUpdateDate>
      <ItemCode>2868446</ItemCode>
      <ItemType>0</ItemType>
      <ItemName>גבינה ניו יורק מותכת</ItemName>
      <ManufacturerName>טרה</ManufacturerName>
      <ManufactureCountry>לא ידוע</ManufactureCountry>
      <ManufacturerItemDescription>גבינה ניו יורק מותכת 4*25 גרם</ManufacturerItemDescription>
      <UnitQty>גרמים</UnitQty>
      <Quantity>100.00</Quantity>
      <UnitOfMeasure>100 גרם</UnitOfMeasure>
      <bIsWeighted>0</bIsWeighted>
      <QtyInPackage>1</QtyInPackage>
      <ItemPrice>6.80</ItemPrice>
      <UnitOfMeasurePrice>6.8000</UnitOfMeasurePrice>
      <AllowDiscount>1</AllowDiscount>
      <ItemStatus>1</ItemStatus>
      <ItemId>222701</ItemId>
    </Item>
    <Item>
      <PriceUpdateDate>2015-07-15 08:39:17</PriceUpdateDate>
      <ItemCode>2868996</ItemCode>
      <ItemType>0</ItemType>
      <ItemName>קוטג 5% מועשר בסידן</ItemName>
      <ManufacturerName>טרה</ManufacturerName>
      <ManufactureCountry>לא ידוע</ManufactureCountry>
      <ManufacturerItemDescription>קוטג 5% מועשר בסידן 250 גרם</ManufacturerItemDescription>
      <UnitQty>גרמים</UnitQty>
      <Quantity>250.00</Quantity>
      <UnitOfMeasure>100 גרם</UnitOfMeasure>
      <bIsWeighted>0</bIsWeighted>
      <QtyInPackage>1</QtyInPackage>
      <ItemPrice>5.70</ItemPrice>
      <UnitOfMeasurePrice>2.2800</UnitOfMeasurePrice>
      <AllowDiscount>1</AllowDiscount>
      <ItemStatus>1</ItemStatus>
      <ItemId>222704</ItemId>
    </Item>
    <Item>
      <PriceUpdateDate>2015-01-01 00:00:00</PriceUpdateDate>
      <ItemCode>286914</ItemCode>
      <ItemType>0</ItemType>
      <ItemName>ספריי סנו עמילן 500</ItemName>
      <ManufacturerName>סנו</ManufacturerName>
      <ManufactureCountry>לא ידוע</ManufactureCountry>
      <ManufacturerItemDescription>ספריי סנו עמילן 500 מ"ל</ManufacturerItemDescription>
      <UnitQty>מיליליטרים</UnitQty>
      <Quantity>500.00</Quantity>
      <UnitOfMeasure>100 מ"ל</UnitOfMeasure>
      <bIsWeighted>0</bIsWeighted>
      <QtyInPackage>1</QtyInPackage>
      <ItemPrice>14.90</ItemPrice>
      <UnitOfMeasurePrice>2.9800</UnitOfMeasurePrice>
      <AllowDiscount>1</AllowDiscount>
      <ItemStatus>1</ItemStatus>
      <ItemId>222705</ItemId>
    </Item>
    <Item>
      <PriceUpdateDate>2015-01-01 00:00:00</PriceUpdateDate>
      <ItemCode>286945</ItemCode>
      <ItemType>0</ItemType>
      <ItemName>סנו רהיט מרסס 500 מ</ItemName>
      <ManufacturerName>סנו</ManufacturerName>
      <ManufactureCountry>לא ידוע</ManufactureCountry>
      <ManufacturerItemDescription>סנו רהיט מרסס 500 מ"ל</ManufacturerItemDescription>
      <UnitQty>מיליליטרים</UnitQty>
      <Quantity>500.00</Quantity>
      <UnitOfMeasure>100 מ"ל</UnitOfMeasure>
      <bIsWeighted>0</bIsWeighted>
      <QtyInPackage>1</QtyInPackage>
      <ItemPrice>8.90</ItemPrice>
      <UnitOfMeasurePrice>1.7800</UnitOfMeasurePrice>
      <AllowDiscount>1</AllowDiscount>
      <ItemStatus>1</ItemStatus>
      <ItemId>222706</ItemId>
    </Item>
    <Item>
      <PriceUpdateDate>2015-01-01 00:00:00</PriceUpdateDate>
      <ItemCode>287102</ItemCode>
      <ItemType>0</ItemType>
      <ItemName>סנו שמפו לשטיחים 600</ItemName>
      <ManufacturerName>סנו</ManufacturerName>
      <ManufactureCountry>ישראל</ManufactureCountry>
      <ManufacturerItemDescription>סנו שמפו לשטיחים 600 גרם</ManufacturerItemDescription>
      <UnitQty>מיליליטרים</UnitQty>
      <Quantity>600.00</Quantity>
      <UnitOfMeasure>100 מ"ל</UnitOfMeasure>
      <bIsWeighted>0</bIsWeighted>
      <QtyInPackage>1</QtyInPackage>
      <ItemPrice>17.90</ItemPrice>
      <UnitOfMeasurePrice>2.9833</UnitOfMeasurePrice>
      <AllowDiscount>1</AllowDiscount>
      <ItemStatus>1</ItemStatus>
      <ItemId>222708</ItemId>
    </Item>
    <Item>
      <PriceUpdateDate>2015-01-01 00:00:00</PriceUpdateDate>
      <ItemCode>2871446</ItemCode>
      <ItemType>0</ItemType>
      <ItemName>פריגת ענבים 1.5 ליטר</ItemName>
      <ManufacturerName>פריגת</ManufacturerName>
      <ManufactureCountry>לא ידוע</ManufactureCountry>
      <ManufacturerItemDescription>פריגת ענבים 1.5 ליטר</ManufacturerItemDescription>
      <UnitQty>ליטרים</UnitQty>
      <Quantity>1.50</Quantity>
      <UnitOfMeasure>ליטר    </UnitOfMeasure>
      <bIsWeighted>0</bIsWeighted>
      <QtyInPackage>1</QtyInPackage>
      <ItemPrice>5.90</ItemPrice>
      <UnitOfMeasurePrice>3.9333</UnitOfMeasurePrice>
      <AllowDiscount>1</AllowDiscount>
      <ItemStatus>1</ItemStatus>
      <ItemId>222709</ItemId>
    </Item>
    <Item>
      <PriceUpdateDate>2015-01-01 00:00:00</PriceUpdateDate>
      <ItemCode>2871460</ItemCode>
      <ItemType>0</ItemType>
      <ItemName>פריגת תפוזים 1.5 ליט</ItemName>
      <ManufacturerName>פריגת</ManufacturerName>
      <ManufactureCountry>לא ידוע</ManufactureCountry>
      <ManufacturerItemDescription>פריגת תפוזים 1.5 ליטר</ManufacturerItemDescription>
      <UnitQty>ליטרים</UnitQty>
      <Quantity>1.50</Quantity>
      <UnitOfMeasure>ליטר    </UnitOfMeasure>
      <bIsWeighted>0</bIsWeighted>
      <QtyInPackage>1</QtyInPackage>
      <ItemPrice>5.90</ItemPrice>
      <UnitOfMeasurePrice>3.9333</UnitOfMeasurePrice>
      <AllowDiscount>1</AllowDiscount>
      <ItemStatus>1</ItemStatus>
      <ItemId>222710</ItemId>
    </Item>
    <Item>
      <PriceUpdateDate>2015-01-01 00:00:00</PriceUpdateDate>
      <ItemCode>2871477</ItemCode>
      <ItemType>0</ItemType>
      <ItemName>פריגת אשכוליות 1.5 ל</ItemName>
      <ManufacturerName>פריגת</ManufacturerName>
      <ManufactureCountry>לא ידוע</ManufactureCountry>
      <ManufacturerItemDescription>פריגת אשכוליות 1.5 ליטר</ManufacturerItemDescription>
      <UnitQty>ליטרים</UnitQty>
      <Quantity>1.50</Quantity>
      <UnitOfMeasure>ליטר    </UnitOfMeasure>
      <bIsWeighted>0</bIsWeighted>
      <QtyInPackage>1</QtyInPackage>
      <ItemPrice>5.90</ItemPrice>
      <UnitOfMeasurePrice>3.9333</UnitOfMeasurePrice>
      <AllowDiscount>1</AllowDiscount>
      <ItemStatus>1</ItemStatus>
      <ItemId>222711</ItemId>
    </Item>
    <Item>
      <PriceUpdateDate>2015-01-01 00:00:00</PriceUpdateDate>
      <ItemCode>2871491</ItemCode>
      <ItemType>0</ItemType>
      <ItemName>פריגת אשכוליות דיאט</ItemName>
      <ManufacturerName>פריגת</ManufacturerName>
      <ManufactureCountry>לא ידוע</ManufactureCountry>
      <ManufacturerItemDescription>פריגת אשכוליות דיאט 1.5 ליטר</ManufacturerItemDescription>
      <UnitQty>ליטרים</UnitQty>
      <Quantity>1.50</Quantity>
      <UnitOfMeasure>ליטר    </UnitOfMeasure>
      <bIsWeighted>0</bIsWeighted>
      <QtyInPackage>1</QtyInPackage>
      <ItemPrice>5.90</ItemPrice>
      <UnitOfMeasurePrice>3.9333</UnitOfMeasurePrice>
      <AllowDiscount>1</AllowDiscount>
      <ItemStatus>1</ItemStatus>
      <ItemId>222713</ItemId>
    </Item>
    <Item>
      <PriceUpdateDate>2015-01-01 00:00:00</PriceUpdateDate>
      <ItemCode>287195</ItemCode>
      <ItemType>0</ItemType>
      <ItemName>סנורהיט מבריק רהיטים</ItemName>
      <ManufacturerName>סנו</ManufacturerName>
      <ManufactureCountry>לא ידוע</ManufactureCountry>
      <ManufacturerItemDescription>סנורהיט מבריק רהיטים 305 גרם</ManufacturerItemDescription>
      <UnitQty>מיליליטרים</UnitQty>
      <Quantity>305.00</Quantity>
      <UnitOfMeasure>100 מ"ל</UnitOfMeasure>
      <bIsWeighted>0</bIsWeighted>
      <QtyInPackage>1</QtyInPackage>
      <ItemPrice>8.90</ItemPrice>
      <UnitOfMeasurePrice>2.9180</UnitOfMeasurePrice>
      <AllowDiscount>1</AllowDiscount>
      <ItemStatus>1</ItemStatus>
      <ItemId>222714</ItemId>
    </Item>
    <Item>
      <PriceUpdateDate>2015-01-01 00:00:00</PriceUpdateDate>
      <ItemCode>287409</ItemCode>
      <ItemType>0</ItemType>
      <ItemName>סבון אסלה סנובון תות</ItemName>
      <ManufacturerName>סנו</ManufacturerName>
      <ManufactureCountry>לא ידוע</ManufactureCountry>
      <ManufacturerItemDescription>סבון אסלה סנובון תות 3*55 גרם</ManufacturerItemDescription>
      <UnitQty>גרמים</UnitQty>
      <Quantity>165.00</Quantity>
      <UnitOfMeasure>100 גרם</UnitOfMeasure>
      <bIsWeighted>0</bIsWeighted>
      <QtyInPackage>1</QtyInPackage>
      <ItemPrice>9.90</ItemPrice>
      <UnitOfMeasurePrice>6.0000</UnitOfMeasurePrice>
      <AllowDiscount>1</AllowDiscount>
      <ItemStatus>1</ItemStatus>
      <ItemId>222716</ItemId>
    </Item>
    <Item>
      <PriceUpdateDate>2015-01-01 00:00:00</PriceUpdateDate>
      <ItemCode>287430</ItemCode>
      <ItemType>0</ItemType>
      <ItemName>סבון אסלה סנובון צבע</ItemName>
      <ManufacturerName>סנו</ManufacturerName>
      <ManufactureCountry>לא ידוע</ManufactureCountry>
      <ManufacturerItemDescription>סבון אסלה סנובון צבעוני 3*55 גרם</ManufacturerItemDescription>
      <UnitQty>גרמים</UnitQty>
      <Quantity>165.00</Quantity>
      <UnitOfMeasure>100 גרם</UnitOfMeasure>
      <bIsWeighted>0</bIsWeighted>
      <QtyInPackage>1</QtyInPackage>
      <ItemPrice>9.90</ItemPrice>
      <UnitOfMeasurePrice>6.0000</UnitOfMeasurePrice>
      <AllowDiscount>1</AllowDiscount>
      <ItemStatus>1</ItemStatus>
      <ItemId>222717</ItemId>
    </Item>
    <Item>
      <PriceUpdateDate>2015-01-01 00:00:00</PriceUpdateDate>
      <ItemCode>287485</ItemCode>
      <ItemType>0</ItemType>
      <ItemName>סבון אסלה סנובון לוב</ItemName>
      <ManufacturerName>סנו</ManufacturerName>
      <ManufactureCountry>לא ידוע</ManufactureCountry>
      <ManufacturerItemDescription>סבון אסלה סנובון לובר 3*55 גרם</ManufacturerItemDescription>
      <UnitQty>גרמים</UnitQty>
      <Quantity>165.00</Quantity>
      <UnitOfMeasure>100 גרם</UnitOfMeasure>
      <bIsWeighted>0</bIsWeighted>
      <QtyInPackage>1</QtyInPackage>
      <ItemPrice>9.90</ItemPrice>
      <UnitOfMeasurePrice>6.0000</UnitOfMeasurePrice>
      <AllowDiscount>1</AllowDiscount>
      <ItemStatus>1</ItemStatus>
      <ItemId>222718</ItemId>
    </Item>
    <Item>
      <PriceUpdateDate>2015-09-20 12:53:31</PriceUpdateDate>
      <ItemCode>287621</ItemCode>
      <ItemType>0</ItemType>
      <ItemName>סנו אנטי קאלק לאסלות</ItemName>
      <ManufacturerName>סנו</ManufacturerName>
      <ManufactureCountry>לא ידוע</ManufactureCountry>
      <ManufacturerItemDescription>סנו אנטי קאלק לאסלות 750 מ"ל</ManufacturerItemDescription>
      <UnitQty>מיליליטרים</UnitQty>
      <Quantity>750.00</Quantity>
      <UnitOfMeasure>100 מ"ל</UnitOfMeasure>
      <bIsWeighted>0</bIsWeighted>
      <QtyInPackage>1</QtyInPackage>
      <ItemPrice>7.50</ItemPrice>
      <UnitOfMeasurePrice>1.0000</UnitOfMeasurePrice>
      <AllowDiscount>1</AllowDiscount>
      <ItemStatus>1</ItemStatus>
      <ItemId>222719</ItemId>
    </Item>
    <Item>
      <PriceUpdateDate>2015-01-01 00:00:00</PriceUpdateDate>
      <ItemCode>287799</ItemCode>
      <ItemType>0</ItemType>
      <ItemName>סנופרש ענק פלורל 375</ItemName>
      <ManufacturerName>סנו</ManufacturerName>
      <ManufactureCountry>לא ידוע</ManufactureCountry>
      <ManufacturerItemDescription>סנופרש ענק פלורל 375 מ"ל</ManufacturerItemDescription>
      <UnitQty>מיליליטרים</UnitQty>
      <Quantity>375.00</Quantity>
      <UnitOfMeasure>100 מ"ל</UnitOfMeasure>
      <bIsWeighted>0</bIsWeighted>
      <QtyInPackage>1</QtyInPackage>
      <ItemPrice>9.90</ItemPrice>
      <UnitOfMeasurePrice>2.6400</UnitOfMeasurePrice>
      <AllowDiscount>1</AllowDiscount>
      <ItemStatus>1</ItemStatus>
      <ItemId>222720</ItemId>
    </Item>
    <Item>
      <PriceUpdateDate>2015-01-01 00:00:00</PriceUpdateDate>
      <ItemCode>288024</ItemCode>
      <ItemType>0</ItemType>
      <ItemName>אקונומיקה סנו גאוול</ItemName>
      <ManufacturerName>סנו</ManufacturerName>
      <ManufactureCountry>לא ידוע</ManufactureCountry>
      <ManufacturerItemDescription>אקונומיקה סנו גאוול 4 ליטר</ManufacturerItemDescription>
      <UnitQty>ליטרים</UnitQty>
      <Quantity>4.00</Quantity>
      <UnitOfMeasure>ליטר    </UnitOfMeasure>
      <bIsWeighted>0</bIsWeighted>
      <QtyInPackage>1</QtyInPackage>
      <ItemPrice>15.90</ItemPrice>
      <UnitOfMeasurePrice>3.9750</UnitOfMeasurePrice>
      <AllowDiscount>1</AllowDiscount>
      <ItemStatus>1</ItemStatus>
      <ItemId>222725</ItemId>
    </Item>
    <Item>
      <PriceUpdateDate>2015-09-20 12:53:31</PriceUpdateDate>
      <ItemCode>288253</ItemCode>
      <ItemType>0</ItemType>
      <ItemName>K-400 קוטל חרקים/זבו</ItemName>
      <ManufacturerName>סנו</ManufacturerName>
      <ManufactureCountry>לא ידוע</ManufactureCountry>
      <ManufacturerItemDescription>K-400 קוטל חרקים/זבוב 630 מ"ל</ManufacturerItemDescription>
      <UnitQty>מיליליטרים</UnitQty>
      <Quantity>630.00</Quantity>
      <UnitOfMeasure>100 מ"ל</UnitOfMeasure>
      <bIsWeighted>0</bIsWeighted>
      <QtyInPackage>1</QtyInPackage>
      <ItemPrice>19.90</ItemPrice>
      <UnitOfMeasurePrice>3.1587</UnitOfMeasurePrice>
      <AllowDiscount>1</AllowDiscount>
      <ItemStatus>1</ItemStatus>
      <ItemId>222729</ItemId>
    </Item>
    <Item>
      <PriceUpdateDate>2015-01-01 00:00:00</PriceUpdateDate>
      <ItemCode>288291</ItemCode>
      <ItemType>0</ItemType>
      <ItemName>סנומט קוטל יתוש/זבוב</ItemName>
      <ManufacturerName>זובאלה</ManufacturerName>
      <ManufactureCountry>לא ידוע</ManufactureCountry>
      <ManufacturerItemDescription>סנומט קוטל יתוש/זבוב 30 טבליות</ManufacturerItemDescription>
      <UnitQty>Unknown </UnitQty>
      <Quantity>0.00</Quantity>
      <UnitOfMeasure>Unknown </UnitOfMeasure>
      <bIsWeighted>0</bIsWeighted>
      <QtyInPackage>1</QtyInPackage>
      <ItemPrice>13.90</ItemPrice>
      <UnitOfMeasurePrice>0.0000</UnitOfMeasurePrice>
      <AllowDiscount>1</AllowDiscount>
      <ItemStatus>1</ItemStatus>
      <ItemId>222730</ItemId>
    </Item>
    <Item>
      <PriceUpdateDate>2015-09-20 12:53:31</PriceUpdateDate>
      <ItemCode>288352</ItemCode>
      <ItemType>0</ItemType>
      <ItemName>K-300 קוטל חרקים זוח</ItemName>
      <ManufacturerName>סנו</ManufacturerName>
      <ManufactureCountry>לא ידוע</ManufactureCountry>
      <ManufacturerItemDescription>K-300 קוטל חרקים זוחלים 630 מ"ל</ManufacturerItemDescription>
      <UnitQty>מיליליטרים</UnitQty>
      <Quantity>630.00</Quantity>
      <UnitOfMeasure>100 מ"ל</UnitOfMeasure>
      <bIsWeighted>0</bIsWeighted>
      <QtyInPackage>1</QtyInPackage>
      <ItemPrice>19.90</ItemPrice>
      <UnitOfMeasurePrice>3.1587</UnitOfMeasurePrice>
      <AllowDiscount>1</AllowDiscount>
      <ItemStatus>1</ItemStatus>
      <ItemId>222733</ItemId>
    </Item>
    <Item>
      <PriceUpdateDate>2015-09-20 12:53:31</PriceUpdateDate>
      <ItemCode>288383</ItemCode>
      <ItemType>0</ItemType>
      <ItemName>K-500 תרס.נגד נמלים</ItemName>
      <ManufacturerName>סנו</ManufacturerName>
      <ManufactureCountry>לא ידוע</ManufactureCountry>
      <ManufacturerItemDescription>K-500 תרס.נגד נמלים 400 מ"ל</ManufacturerItemDescription>
      <UnitQty>מיליליטרים</UnitQty>
      <Quantity>400.00</Quantity>
      <UnitOfMeasure>100 מ"ל</UnitOfMeasure>
      <bIsWeighted>0</bIsWeighted>
      <QtyInPackage>1</QtyInPackage>
      <ItemPrice>19.90</ItemPrice>
      <UnitOfMeasurePrice>4.9750</UnitOfMeasurePrice>
      <AllowDiscount>1</AllowDiscount>
      <ItemStatus>1</ItemStatus>
      <ItemId>222734</ItemId>
    </Item>
    <Item>
      <PriceUpdateDate>2015-09-20 12:53:31</PriceUpdateDate>
      <ItemCode>288390</ItemCode>
      <ItemType>0</ItemType>
      <ItemName>K-600 יבש קוטל חרקים</ItemName>
      <ManufacturerName>סנו</ManufacturerName>
      <ManufactureCountry>לא ידוע</ManufactureCountry>
      <ManufacturerItemDescription>K-600 יבש קוטל חרקים 500 מ"ל</ManufacturerItemDescription>
      <UnitQty>מיליליטרים</UnitQty>
      <Quantity>500.00</Quantity>
      <UnitOfMeasure>100 מ"ל</UnitOfMeasure>
      <bIsWeighted>0</bIsWeighted>
      <QtyInPackage>1</QtyInPackage>
      <ItemPrice>19.90</ItemPrice>
      <UnitOfMeasurePrice>3.9800</UnitOfMeasurePrice>
      <AllowDiscount>1</AllowDiscount>
      <ItemStatus>1</ItemStatus>
      <ItemId>222735</ItemId>
    </Item>
    <Item>
      <PriceUpdateDate>2015-01-01 00:00:00</PriceUpdateDate>
      <ItemCode>288413</ItemCode>
      <ItemType>0</ItemType>
      <ItemName>סנו די כדורי 50 מל</ItemName>
      <ManufacturerName>קוסמופארם</ManufacturerName>
      <ManufactureCountry>לא ידוע</ManufactureCountry>
      <ManufacturerItemDescription>סנו די כדורי 50 מ"ל</ManufacturerItemDescription>
      <UnitQty>מיליליטרים</UnitQty>
      <Quantity>50.00</Quantity>
      <UnitOfMeasure>100 מ"ל</UnitOfMeasure>
      <bIsWeighted>0</bIsWeighted>
      <QtyInPackage>1</QtyInPackage>
      <ItemPrice>19.90</ItemPrice>
      <UnitOfMeasurePrice>39.8000</UnitOfMeasurePrice>
      <AllowDiscount>1</AllowDiscount>
      <ItemStatus>1</ItemStatus>
      <ItemId>222736</ItemId>
    </Item>
    <Item>
      <PriceUpdateDate>2015-01-01 00:00:00</PriceUpdateDate>
      <ItemCode>288420</ItemCode>
      <ItemType>0</ItemType>
      <ItemName>סנו די תרסיס דוחה ית</ItemName>
      <ManufacturerName>קוסמופארם</ManufacturerName>
      <ManufactureCountry>לא ידוע</ManufactureCountry>
      <ManufacturerItemDescription>סנו די תרסיס דוחה יתושים 125 מ"ל</ManufacturerItemDescription>
      <UnitQty>מיליליטרים</UnitQty>
      <Quantity>125.00</Quantity>
      <UnitOfMeasure>100 מ"ל</UnitOfMeasure>
      <bIsWeighted>0</bIsWeighted>
      <QtyInPackage>1</QtyInPackage>
      <ItemPrice>17.90</ItemPrice>
      <UnitOfMeasurePrice>14.3200</UnitOfMeasurePrice>
      <AllowDiscount>1</AllowDiscount>
      <ItemStatus>1</ItemStatus>
      <ItemId>222737</ItemId>
    </Item>
    <Item>
      <PriceUpdateDate>2015-09-20 12:57:36</PriceUpdateDate>
      <ItemCode>288642</ItemCode>
      <ItemType>0</ItemType>
      <ItemName>מ.כביסה מקסימה סנסטי</ItemName>
      <ManufacturerName>סנו</ManufacturerName>
      <ManufactureCountry>לא ידוע</ManufactureCountry>
      <ManufacturerItemDescription>מ.כביסה מקסימה סנסטיב 4 ליטר</ManufacturerItemDescription>
      <UnitQty>ליטרים</UnitQty>
      <Quantity>4.00</Quantity>
      <UnitOfMeasure>ליטר    </UnitOfMeasure>
      <bIsWeighted>0</bIsWeighted>
      <QtyInPackage>1</QtyInPackage>
      <ItemPrice>13.90</ItemPrice>
      <UnitOfMeasurePrice>3.4750</UnitOfMeasurePrice>
      <AllowDiscount>1</AllowDiscount>
      <ItemStatus>1</ItemStatus>
      <ItemId>222740</ItemId>
    </Item>
    <Item>
      <PriceUpdateDate>2015-01-01 00:00:00</PriceUpdateDate>
      <ItemCode>289052</ItemCode>
      <ItemType>0</ItemType>
      <ItemName>פוליויקס סחלבים 4 לי</ItemName>
      <ManufacturerName>סנו</ManufacturerName>
      <ManufactureCountry>לא ידוע</ManufactureCountry>
      <ManufacturerItemDescription>פוליויקס סחלבים 4 ליטר</ManufacturerItemDescription>
      <UnitQty>ליטרים</UnitQty>
      <Quantity>4.00</Quantity>
      <UnitOfMeasure>ליטר    </UnitOfMeasure>
      <bIsWeighted>0</bIsWeighted>
      <QtyInPackage>1</QtyInPackage>
      <ItemPrice>25.90</ItemPrice>
      <UnitOfMeasurePrice>6.4750</UnitOfMeasurePrice>
      <AllowDiscount>1</AllowDiscount>
      <ItemStatus>1</ItemStatus>
      <ItemId>222742</ItemId>
    </Item>
    <Item>
      <PriceUpdateDate>2015-01-01 00:00:00</PriceUpdateDate>
      <ItemCode>289069</ItemCode>
      <ItemType>0</ItemType>
      <ItemName>סנו גאוול מרסס לימון</ItemName>
      <ManufacturerName>סנו</ManufacturerName>
      <ManufactureCountry>לא ידוע</ManufactureCountry>
      <ManufacturerItemDescription>סנו גאוול מרסס לימון 1 ליטר</ManufacturerItemDescription>
      <UnitQty>ליטרים</UnitQty>
      <Quantity>1.00</Quantity>
      <UnitOfMeasure>ליטר    </UnitOfMeasure>
      <bIsWeighted>0</bIsWeighted>
      <QtyInPackage>1</QtyInPackage>
      <ItemPrice>7.90</ItemPrice>
      <UnitOfMeasurePrice>7.9000</UnitOfMeasurePrice>
      <AllowDiscount>1</AllowDiscount>
      <ItemStatus>1</ItemStatus>
      <ItemId>222743</ItemId>
    </Item>
    <Item>
      <PriceUpdateDate>2015-01-01 00:00:00</PriceUpdateDate>
      <ItemCode>289113</ItemCode>
      <ItemType>0</ItemType>
      <ItemName>סנו מסיר שומנים 2</ItemName>
      <ManufacturerName>סנו</ManufacturerName>
      <ManufactureCountry>לא ידוע</ManufactureCountry>
      <ManufacturerItemDescription>סנו מסיר שומנים 2*500 מ"ל</ManufacturerItemDescription>
      <UnitQty>ליטרים</UnitQty>
      <Quantity>1.00</Quantity>
      <UnitOfMeasure>ליטר    </UnitOfMeasure>
      <bIsWeighted>0</bIsWeighted>
      <QtyInPackage>1</QtyInPackage>
      <ItemPrice>27.90</ItemPrice>
      <UnitOfMeasurePrice>27.9000</UnitOfMeasurePrice>
      <AllowDiscount>1</AllowDiscount>
      <ItemStatus>1</ItemStatus>
      <ItemId>222745</ItemId>
    </Item>
    <Item>
      <PriceUpdateDate>2015-01-01 00:00:00</PriceUpdateDate>
      <ItemCode>289472</ItemCode>
      <ItemType>0</ItemType>
      <ItemName>שקיות אשפה סנו סושי</ItemName>
      <ManufacturerName>אשפלסט</ManufacturerName>
      <ManufactureCountry>לא ידוע</ManufactureCountry>
      <ManufacturerItemDescription>50 שקיות רב שקיות</ManufacturerItemDescription>
      <UnitQty>Unknown </UnitQty>
      <Quantity>0.00</Quantity>
      <UnitOfMeasure>Unknown </UnitOfMeasure>
      <bIsWeighted>0</bIsWeighted>
      <QtyInPackage>1</QtyInPackage>
      <ItemPrice>16.90</ItemPrice>
      <UnitOfMeasurePrice>0.0000</UnitOfMeasurePrice>
      <AllowDiscount>1</AllowDiscount>
      <ItemStatus>1</ItemStatus>
      <ItemId>222748</ItemId>
    </Item>
    <Item>
      <PriceUpdateDate>2015-01-01 00:00:00</PriceUpdateDate>
      <ItemCode>289595</ItemCode>
      <ItemType>0</ItemType>
      <ItemName>משחת שיניים אורביטול</ItemName>
      <ManufacturerName>טרופיקל דגיל</ManufacturerName>
      <ManufactureCountry>לא ידוע</ManufactureCountry>
      <ManufacturerItemDescription>משחת שיניים אורביטול קיד 145 גרם</ManufacturerItemDescription>
      <UnitQty>גרמים</UnitQty>
      <Quantity>145.00</Quantity>
      <UnitOfMeasure>100 גרם</UnitOfMeasure>
      <bIsWeighted>0</bIsWeighted>
      <QtyInPackage>1</QtyInPackage>
      <ItemPrice>7.90</ItemPrice>
      <UnitOfMeasurePrice>5.4483</UnitOfMeasurePrice>
      <AllowDiscount>1</AllowDiscount>
      <ItemStatus>1</ItemStatus>
      <ItemId>222750</ItemId>
    </Item>
    <Item>
      <PriceUpdateDate>2015-10-26 16:22:43</PriceUpdateDate>
      <ItemCode>289748</ItemCode>
      <ItemType>0</ItemType>
      <ItemName>סנו פורטה פלוס 750 מ</ItemName>
      <ManufacturerName>סנו</ManufacturerName>
      <ManufactureCountry>לא ידוע</ManufactureCountry>
      <ManufacturerItemDescription>סנו פורטה פלוס 750 מ"ל</ManufacturerItemDescription>
      <UnitQty>מיליליטרים</UnitQty>
      <Quantity>750.00</Quantity>
      <UnitOfMeasure>100 מ"ל</UnitOfMeasure>
      <bIsWeighted>0</bIsWeighted>
      <QtyInPackage>1</QtyInPackage>
      <ItemPrice>11.90</ItemPrice>
      <UnitOfMeasurePrice>1.5867</UnitOfMeasurePrice>
      <AllowDiscount>1</AllowDiscount>
      <ItemStatus>1</ItemStatus>
      <ItemId>222751</ItemId>
    </Item>
    <Item>
      <PriceUpdateDate>2015-01-01 00:00:00</PriceUpdateDate>
      <ItemCode>289892</ItemCode>
      <ItemType>0</ItemType>
      <ItemName>סנופרש סאן 170 גרם</ItemName>
      <ManufacturerName>סנו</ManufacturerName>
      <ManufactureCountry>לא ידוע</ManufactureCountry>
      <ManufacturerItemDescription>סנופרש סאן 170 גרם</ManufacturerItemDescription>
      <UnitQty>מיליליטרים</UnitQty>
      <Quantity>170.00</Quantity>
      <UnitOfMeasure>100 מ"ל</UnitOfMeasure>
      <bIsWeighted>0</bIsWeighted>
      <QtyInPackage>1</QtyInPackage>
      <ItemPrice>9.90</ItemPrice>
      <UnitOfMeasurePrice>5.8235</UnitOfMeasurePrice>
      <AllowDiscount>1</AllowDiscount>
      <ItemStatus>1</ItemStatus>
      <ItemId>222753</ItemId>
    </Item>
    <Item>
      <PriceUpdateDate>2015-01-01 00:00:00</PriceUpdateDate>
      <ItemCode>289915</ItemCode>
      <ItemType>0</ItemType>
      <ItemName>סנופרש ענק סאן 170 ג</ItemName>
      <ManufacturerName>סנו</ManufacturerName>
      <ManufactureCountry>לא ידוע</ManufactureCountry>
      <ManufacturerItemDescription>סנופרש ענק סאן 170 גרם</ManufacturerItemDescription>
      <UnitQty>מיליליטרים</UnitQty>
      <Quantity>170.00</Quantity>
      <UnitOfMeasure>100 מ"ל</UnitOfMeasure>
      <bIsWeighted>0</bIsWeighted>
      <QtyInPackage>1</QtyInPackage>
      <ItemPrice>9.90</ItemPrice>
      <UnitOfMeasurePrice>5.8235</UnitOfMeasurePrice>
      <AllowDiscount>1</AllowDiscount>
      <ItemStatus>1</ItemStatus>
      <ItemId>222754</ItemId>
    </Item>
    <Item>
      <PriceUpdateDate>2015-01-01 00:00:00</PriceUpdateDate>
      <ItemCode>2904694</ItemCode>
      <ItemType>0</ItemType>
      <ItemName>דאודורנט טיטניום תרס</ItemName>
      <ManufacturerName>אמיליה קוסמטיקס</ManufacturerName>
      <ManufactureCountry>לא ידוע</ManufactureCountry>
      <ManufacturerItemDescription>דאודורנט טיטניום תרסיס 180מ"ל</ManufacturerItemDescription>
      <UnitQty>מיליליטרים</UnitQty>
      <Quantity>150.00</Quantity>
      <UnitOfMeasure>100 מ"ל</UnitOfMeasure>
      <bIsWeighted>0</bIsWeighted>
      <QtyInPackage>1</QtyInPackage>
      <ItemPrice>19.90</ItemPrice>
      <UnitOfMeasurePrice>13.2667</UnitOfMeasurePrice>
      <AllowDiscount>1</AllowDiscount>
      <ItemStatus>1</ItemStatus>
      <ItemId>222755</ItemId>
    </Item>
    <Item>
      <PriceUpdateDate>2016-01-07 12:47:26</PriceUpdateDate>
      <ItemCode>9002928</ItemCode>
      <ItemType>0</ItemType>
      <ItemName>תפוא ירושלמי קוסבייה</ItemName>
      <ManufacturerName>,</ManufacturerName>
      <ManufactureCountry>לא ידוע</ManufactureCountry>
      <ManufacturerItemDescription>תפוא ירושלמי קוסבייה</ManufacturerItemDescription>
      <UnitQty>קילוגרמים</UnitQty>
      <Quantity>1.00</Quantity>
      <UnitOfMeasure>ק"ג</UnitOfMeasure>
      <bIsWeighted>1</bIsWeighted>
      <QtyInPackage>לא ידוע</QtyInPackage>
      <ItemPrice>14.90</ItemPrice>
      <UnitOfMeasurePrice>14.9000</UnitOfMeasurePrice>
      <AllowDiscount>1</AllowDiscount>
      <ItemStatus>1</ItemStatus>
      <ItemId>222758</ItemId>
    </Item>
    <Item>
      <PriceUpdateDate>2015-01-01 00:00:00</PriceUpdateDate>
      <ItemCode>292137</ItemCode>
      <ItemType>0</ItemType>
      <ItemName>סנו לניקוי עור 500 מ</ItemName>
      <ManufacturerName>סנו</ManufacturerName>
      <ManufactureCountry>לא ידוע</ManufactureCountry>
      <ManufacturerItemDescription>סנו לניקוי עור 500 מ"ל</ManufacturerItemDescription>
      <UnitQty>מיליליטרים</UnitQty>
      <Quantity>500.00</Quantity>
      <UnitOfMeasure>100 מ"ל</UnitOfMeasure>
      <bIsWeighted>0</bIsWeighted>
      <QtyInPackage>1</QtyInPackage>
      <ItemPrice>28.90</ItemPrice>
      <UnitOfMeasurePrice>5.7800</UnitOfMeasurePrice>
      <AllowDiscount>1</AllowDiscount>
      <ItemStatus>1</ItemStatus>
      <ItemId>222759</ItemId>
    </Item>
    <Item>
      <PriceUpdateDate>2015-01-01 00:00:00</PriceUpdateDate>
      <ItemCode>292533</ItemCode>
      <ItemType>0</ItemType>
      <ItemName>סנו גל לניקוי כללי 1</ItemName>
      <ManufacturerName>,</ManufacturerName>
      <ManufactureCountry>לא ידוע</ManufactureCountry>
      <ManufacturerItemDescription>סנו גל לניקוי כללי 1 ליטר</ManufacturerItemDescription>
      <UnitQty>ליטרים</UnitQty>
      <Quantity>1.00</Quantity>
      <UnitOfMeasure>ליטר    </UnitOfMeasure>
      <bIsWeighted>0</bIsWeighted>
      <QtyInPackage>1</QtyInPackage>
      <ItemPrice>13.80</ItemPrice>
      <UnitOfMeasurePrice>13.8000</UnitOfMeasurePrice>
      <AllowDiscount>1</AllowDiscount>
      <ItemStatus>1</ItemStatus>
      <ItemId>222765</ItemId>
    </Item>
    <Item>
      <PriceUpdateDate>2015-01-01 00:00:00</PriceUpdateDate>
      <ItemCode>292557</ItemCode>
      <ItemType>0</ItemType>
      <ItemName>סנומט נוזלי 45 לילות</ItemName>
      <ManufacturerName>זובאלה</ManufacturerName>
      <ManufactureCountry>לא ידוע</ManufactureCountry>
      <ManufacturerItemDescription>סנומט נוזלי 45 לילות-מילוי</ManufacturerItemDescription>
      <UnitQty>Unknown </UnitQty>
      <Quantity>0.00</Quantity>
      <UnitOfMeasure>Unknown </UnitOfMeasure>
      <bIsWeighted>0</bIsWeighted>
      <QtyInPackage>1</QtyInPackage>
      <ItemPrice>16.90</ItemPrice>
      <UnitOfMeasurePrice>0.0000</UnitOfMeasurePrice>
      <AllowDiscount>1</AllowDiscount>
      <ItemStatus>1</ItemStatus>
      <ItemId>222767</ItemId>
    </Item>
    <Item>
      <PriceUpdateDate>2015-01-01 00:00:00</PriceUpdateDate>
      <ItemCode>292564</ItemCode>
      <ItemType>0</ItemType>
      <ItemName>K-2000 אינסקטל 750 מ</ItemName>
      <ManufacturerName>סנו</ManufacturerName>
      <ManufactureCountry>לא ידוע</ManufactureCountry>
      <ManufacturerItemDescription>K-2000 אינסקטל 750 מ"ל</ManufacturerItemDescription>
      <UnitQty>מיליליטרים</UnitQty>
      <Quantity>750.00</Quantity>
      <UnitOfMeasure>100 מ"ל</UnitOfMeasure>
      <bIsWeighted>0</bIsWeighted>
      <QtyInPackage>1</QtyInPackage>
      <ItemPrice>28.90</ItemPrice>
      <UnitOfMeasurePrice>3.8533</UnitOfMeasurePrice>
      <AllowDiscount>1</AllowDiscount>
      <ItemStatus>1</ItemStatus>
      <ItemId>222768</ItemId>
    </Item>
    <Item>
      <PriceUpdateDate>2015-01-01 00:00:00</PriceUpdateDate>
      <ItemCode>292595</ItemCode>
      <ItemType>0</ItemType>
      <ItemName>סנו סופר פוליש 2 ליט</ItemName>
      <ManufacturerName>סנו</ManufacturerName>
      <ManufactureCountry>לא ידוע</ManufactureCountry>
      <ManufacturerItemDescription>סנו סופר פוליש 2 ליטר</ManufacturerItemDescription>
      <UnitQty>ליטרים</UnitQty>
      <Quantity>2.00</Quantity>
      <UnitOfMeasure>ליטר    </UnitOfMeasure>
      <bIsWeighted>0</bIsWeighted>
      <QtyInPackage>1</QtyInPackage>
      <ItemPrice>47.90</ItemPrice>
      <UnitOfMeasurePrice>23.9500</UnitOfMeasurePrice>
      <AllowDiscount>1</AllowDiscount>
      <ItemStatus>1</ItemStatus>
      <ItemId>222770</ItemId>
    </Item>
    <Item>
      <PriceUpdateDate>2015-01-01 00:00:00</PriceUpdateDate>
      <ItemCode>292687</ItemCode>
      <ItemType>0</ItemType>
      <ItemName>סבון אסלה סנובון כחו</ItemName>
      <ManufacturerName>סנו</ManufacturerName>
      <ManufactureCountry>לא ידוע</ManufactureCountry>
      <ManufacturerItemDescription>סבון אסלה סנובון כחול 3*55 גרם</ManufacturerItemDescription>
      <UnitQty>גרמים</UnitQty>
      <Quantity>165.00</Quantity>
      <UnitOfMeasure>100 גרם</UnitOfMeasure>
      <bIsWeighted>0</bIsWeighted>
      <QtyInPackage>1</QtyInPackage>
      <ItemPrice>10.90</ItemPrice>
      <UnitOfMeasurePrice>6.6061</UnitOfMeasurePrice>
      <AllowDiscount>1</AllowDiscount>
      <ItemStatus>1</ItemStatus>
      <ItemId>222772</ItemId>
    </Item>
    <Item>
      <PriceUpdateDate>2015-01-01 00:00:00</PriceUpdateDate>
      <ItemCode>292694</ItemCode>
      <ItemType>0</ItemType>
      <ItemName>ווקס לרצפה סנו מגן 2</ItemName>
      <ManufacturerName>סנו</ManufacturerName>
      <ManufactureCountry>לא ידוע</ManufactureCountry>
      <ManufacturerItemDescription>ווקס לרצפה סנו מגן 2 ליטר</ManufacturerItemDescription>
      <UnitQty>ליטרים</UnitQty>
      <Quantity>2.00</Quantity>
      <UnitOfMeasure>ליטר    </UnitOfMeasure>
      <bIsWeighted>0</bIsWeighted>
      <QtyInPackage>1</QtyInPackage>
      <ItemPrice>39.90</ItemPrice>
      <UnitOfMeasurePrice>19.9500</UnitOfMeasurePrice>
      <AllowDiscount>1</AllowDiscount>
      <ItemStatus>1</ItemStatus>
      <ItemId>222773</ItemId>
    </Item>
    <Item>
      <PriceUpdateDate>2015-01-01 00:00:00</PriceUpdateDate>
      <ItemCode>292915</ItemCode>
      <ItemType>0</ItemType>
      <ItemName>סנו רסס ונגב מרסס</ItemName>
      <ManufacturerName>סנו</ManufacturerName>
      <ManufactureCountry>לא ידוע</ManufactureCountry>
      <ManufacturerItemDescription>סנו רסס ונגב מרסס 750 מ"ל</ManufacturerItemDescription>
      <UnitQty>מיליליטרים</UnitQty>
      <Quantity>750.00</Quantity>
      <UnitOfMeasure>100 מ"ל</UnitOfMeasure>
      <bIsWeighted>0</bIsWeighted>
      <QtyInPackage>1</QtyInPackage>
      <ItemPrice>8.90</ItemPrice>
      <UnitOfMeasurePrice>1.1867</UnitOfMeasurePrice>
      <AllowDiscount>1</AllowDiscount>
      <ItemStatus>1</ItemStatus>
      <ItemId>222774</ItemId>
    </Item>
    <Item>
      <PriceUpdateDate>2015-09-20 12:57:36</PriceUpdateDate>
      <ItemCode>293073</ItemCode>
      <ItemType>0</ItemType>
      <ItemName>מ.כביסה מקסימה ביו 4</ItemName>
      <ManufacturerName>סנו</ManufacturerName>
      <ManufactureCountry>לא ידוע</ManufactureCountry>
      <ManufacturerItemDescription>מ.כביסה מקסימה ביו 4 ליטר</ManufacturerItemDescription>
      <UnitQty>ליטרים</UnitQty>
      <Quantity>4.00</Quantity>
      <UnitOfMeasure>ליטר    </UnitOfMeasure>
      <bIsWeighted>0</bIsWeighted>
      <QtyInPackage>1</QtyInPackage>
      <ItemPrice>13.90</ItemPrice>
      <UnitOfMeasurePrice>3.4750</UnitOfMeasurePrice>
      <AllowDiscount>1</AllowDiscount>
      <ItemStatus>1</ItemStatus>
      <ItemId>222777</ItemId>
    </Item>
    <Item>
      <PriceUpdateDate>2015-01-01 00:00:00</PriceUpdateDate>
      <ItemCode>293448</ItemCode>
      <ItemType>0</ItemType>
      <ItemName>קרם רב שימושי כיף</ItemName>
      <ManufacturerName>קוסמופארם</ManufacturerName>
      <ManufactureCountry>לא ידוע</ManufactureCountry>
      <ManufacturerItemDescription>קרם רב שימושי כיף 200 מ"ל</ManufacturerItemDescription>
      <UnitQty>מיליליטרים</UnitQty>
      <Quantity>200.00</Quantity>
      <UnitOfMeasure>100 מ"ל</UnitOfMeasure>
      <bIsWeighted>0</bIsWeighted>
      <QtyInPackage>1</QtyInPackage>
      <ItemPrice>18.90</ItemPrice>
      <UnitOfMeasurePrice>9.4500</UnitOfMeasurePrice>
      <AllowDiscount>1</AllowDiscount>
      <ItemStatus>1</ItemStatus>
      <ItemId>222779</ItemId>
    </Item>
    <Item>
      <PriceUpdateDate>2015-01-01 00:00:00</PriceUpdateDate>
      <ItemCode>293561</ItemCode>
      <ItemType>0</ItemType>
      <ItemName>סנו מסיר עובש 750 מ</ItemName>
      <ManufacturerName>סנו</ManufacturerName>
      <ManufactureCountry>לא ידוע</ManufactureCountry>
      <ManufacturerItemDescription>סנו מסיר עובש 750 מ"ל</ManufacturerItemDescription>
      <UnitQty>מיליליטרים</UnitQty>
      <Quantity>750.00</Quantity>
      <UnitOfMeasure>100 מ"ל</UnitOfMeasure>
      <bIsWeighted>0</bIsWeighted>
      <QtyInPackage>1</QtyInPackage>
      <ItemPrice>13.90</ItemPrice>
      <UnitOfMeasurePrice>1.8533</UnitOfMeasurePrice>
      <AllowDiscount>1</AllowDiscount>
      <ItemStatus>1</ItemStatus>
      <ItemId>222781</ItemId>
    </Item>
    <Item>
      <PriceUpdateDate>2015-01-01 00:00:00</PriceUpdateDate>
      <ItemCode>2939054</ItemCode>
      <ItemType>0</ItemType>
      <ItemName>שניצל עוף אמיתי 600</ItemName>
      <ManufacturerName>,</ManufacturerName>
      <ManufactureCountry>לא ידוע</ManufactureCountry>
      <ManufacturerItemDescription>שניצל עוף אמיתי 600 גרם עטרה</ManufacturerItemDescription>
      <UnitQty>גרמים</UnitQty>
      <Quantity>600.00</Quantity>
      <UnitOfMeasure>100 גרם</UnitOfMeasure>
      <bIsWeighted>0</bIsWeighted>
      <QtyInPackage>1</QtyInPackage>
      <ItemPrice>24.90</ItemPrice>
      <UnitOfMeasurePrice>4.1500</UnitOfMeasurePrice>
      <AllowDiscount>1</AllowDiscount>
      <ItemStatus>1</ItemStatus>
      <ItemId>222783</ItemId>
    </Item>
    <Item>
      <PriceUpdateDate>2015-01-01 00:00:00</PriceUpdateDate>
      <ItemCode>2939078</ItemCode>
      <ItemType>0</ItemType>
      <ItemName>נגיסי עוף 600 גרם עט</ItemName>
      <ManufacturerName>,</ManufacturerName>
      <ManufactureCountry>לא ידוע</ManufactureCountry>
      <ManufacturerItemDescription>נגיסי עוף 600 גרם עטרה</ManufacturerItemDescription>
      <UnitQty>גרמים</UnitQty>
      <Quantity>600.00</Quantity>
      <UnitOfMeasure>100 גרם</UnitOfMeasure>
      <bIsWeighted>0</bIsWeighted>
      <QtyInPackage>1</QtyInPackage>
      <ItemPrice>9.90</ItemPrice>
      <UnitOfMeasurePrice>1.6500</UnitOfMeasurePrice>
      <AllowDiscount>1</AllowDiscount>
      <ItemStatus>1</ItemStatus>
      <ItemId>222784</ItemId>
    </Item>
    <Item>
      <PriceUpdateDate>2016-06-26 14:27:32</PriceUpdateDate>
      <ItemCode>2939139</ItemCode>
      <ItemType>0</ItemType>
      <ItemName>כנף הודו טרי ארוז עט</ItemName>
      <ManufacturerName>עטרה</ManufacturerName>
      <ManufactureCountry>לא ידוע</ManufactureCountry>
      <ManufacturerItemDescription>כנף הודו טרי ארוז עטרה</ManufacturerItemDescription>
      <UnitQty>קילוגרמים</UnitQty>
      <Quantity>1.00</Quantity>
      <UnitOfMeasure>ק"ג</UnitOfMeasure>
      <bIsWeighted>1</bIsWeighted>
      <QtyInPackage>לא ידוע</QtyInPackage>
      <ItemPrice>14.90</ItemPrice>
      <UnitOfMeasurePrice>14.9000</UnitOfMeasurePrice>
      <AllowDiscount>1</AllowDiscount>
      <ItemStatus>1</ItemStatus>
      <ItemId>222788</ItemId>
    </Item>
    <Item>
      <PriceUpdateDate>2015-01-01 00:00:00</PriceUpdateDate>
      <ItemCode>2939153</ItemCode>
      <ItemType>0</ItemType>
      <ItemName>שווארמה הודו זכר  טר</ItemName>
      <ManufacturerName>עטרה</ManufacturerName>
      <ManufactureCountry>לא ידוע</ManufactureCountry>
      <ManufacturerItemDescription>שווארמה הודו זכר  טרי ארוז עטרה</ManufacturerItemDescription>
      <UnitQty>קילוגרמים</UnitQty>
      <Quantity>1.00</Quantity>
      <UnitOfMeasure>ק"ג</UnitOfMeasure>
      <bIsWeighted>1</bIsWeighted>
      <QtyInPackage>לא ידוע</QtyInPackage>
      <ItemPrice>49.90</ItemPrice>
      <UnitOfMeasurePrice>49.9000</UnitOfMeasurePrice>
      <AllowDiscount>1</AllowDiscount>
      <ItemStatus>1</ItemStatus>
      <ItemId>222790</ItemId>
    </Item>
    <Item>
      <PriceUpdateDate>2016-03-07 11:00:56</PriceUpdateDate>
      <ItemCode>5996496000745</ItemCode>
      <ItemType>1</ItemType>
      <ItemName>בונבוניירה טראפל רוש</ItemName>
      <ManufacturerName>,</ManufacturerName>
      <ManufactureCountry>לא ידוע</ManufactureCountry>
      <ManufacturerItemDescription>בונבוניירה טראפל רושן 179 גרם</ManufacturerItemDescription>
      <UnitQty>גרמים</UnitQty>
      <Quantity>179.00</Quantity>
      <UnitOfMeasure>100 גרם</UnitOfMeasure>
      <bIsWeighted>0</bIsWeighted>
      <QtyInPackage>1</QtyInPackage>
      <ItemPrice>9.90</ItemPrice>
      <UnitOfMeasurePrice>5.5307</UnitOfMeasurePrice>
      <AllowDiscount>1</AllowDiscount>
      <ItemStatus>1</ItemStatus>
      <ItemId>267202</ItemId>
    </Item>
    <Item>
      <PriceUpdateDate>2016-03-29 10:36:19</PriceUpdateDate>
      <ItemCode>7290010328727</ItemCode>
      <ItemType>0</ItemType>
      <ItemName>ממרח טחינה עם שוקולד</ItemName>
      <ManufacturerName>אחדות ביחר לטחינה חל</ManufacturerName>
      <ManufactureCountry>לא ידוע</ManufactureCountry>
      <ManufacturerItemDescription>ממרח טחינה עם שוקולד אחוה 400 גרם</ManufacturerItemDescription>
      <UnitQty>גרמים</UnitQty>
      <Quantity>400.00</Quantity>
      <UnitOfMeasure>100 גרם</UnitOfMeasure>
      <bIsWeighted>0</bIsWeighted>
      <QtyInPackage>1</QtyInPackage>
      <ItemPrice>7.90</ItemPrice>
      <UnitOfMeasurePrice>1.9750</UnitOfMeasurePrice>
      <AllowDiscount>1</AllowDiscount>
      <ItemStatus>1</ItemStatus>
      <ItemId>267605</ItemId>
    </Item>
    <Item>
      <PriceUpdateDate>2015-01-01 00:00:00</PriceUpdateDate>
      <ItemCode>2939160</ItemCode>
      <ItemType>0</ItemType>
      <ItemName>בשר אדום טרי ארוז עט</ItemName>
      <ManufacturerName>עטרה</ManufacturerName>
      <ManufactureCountry>לא ידוע</ManufactureCountry>
      <ManufacturerItemDescription>בשר אדום טרי ארוז עטרה</ManufacturerItemDescription>
      <UnitQty>קילוגרמים</UnitQty>
      <Quantity>1.00</Quantity>
      <UnitOfMeasure>ק"ג</UnitOfMeasure>
      <bIsWeighted>1</bIsWeighted>
      <QtyInPackage>לא ידוע</QtyInPackage>
      <ItemPrice>39.90</ItemPrice>
      <UnitOfMeasurePrice>39.9000</UnitOfMeasurePrice>
      <AllowDiscount>1</AllowDiscount>
      <ItemStatus>1</ItemStatus>
      <ItemId>222791</ItemId>
    </Item>
    <Item>
      <PriceUpdateDate>2015-01-01 00:00:00</PriceUpdateDate>
      <ItemCode>2939450</ItemCode>
      <ItemType>0</ItemType>
      <ItemName>שניצל אמריקאי 600 גר</ItemName>
      <ManufacturerName>,</ManufacturerName>
      <ManufactureCountry>לא ידוע</ManufactureCountry>
      <ManufacturerItemDescription>שניצל אמריקאי 600 גרם עטרה</ManufacturerItemDescription>
      <UnitQty>גרמים</UnitQty>
      <Quantity>600.00</Quantity>
      <UnitOfMeasure>100 גרם</UnitOfMeasure>
      <bIsWeighted>0</bIsWeighted>
      <QtyInPackage>1</QtyInPackage>
      <ItemPrice>9.90</ItemPrice>
      <UnitOfMeasurePrice>1.6500</UnitOfMeasurePrice>
      <AllowDiscount>1</AllowDiscount>
      <ItemStatus>1</ItemStatus>
      <ItemId>222796</ItemId>
    </Item>
    <Item>
      <PriceUpdateDate>2015-01-01 00:00:00</PriceUpdateDate>
      <ItemCode>2939474</ItemCode>
      <ItemType>0</ItemType>
      <ItemName>טבעות עוף 600 גרם עט</ItemName>
      <ManufacturerName>,</ManufacturerName>
      <ManufactureCountry>לא ידוע</ManufactureCountry>
      <ManufacturerItemDescription>טבעות עוף 600 גרם עטרה</ManufacturerItemDescription>
      <UnitQty>גרמים</UnitQty>
      <Quantity>600.00</Quantity>
      <UnitOfMeasure>100 גרם</UnitOfMeasure>
      <bIsWeighted>0</bIsWeighted>
      <QtyInPackage>1</QtyInPackage>
      <ItemPrice>9.90</ItemPrice>
      <UnitOfMeasurePrice>1.6500</UnitOfMeasurePrice>
      <AllowDiscount>1</AllowDiscount>
      <ItemStatus>1</ItemStatus>
      <ItemId>222797</ItemId>
    </Item>
    <Item>
      <PriceUpdateDate>2015-06-29 10:53:51</PriceUpdateDate>
      <ItemCode>2939498</ItemCode>
      <ItemType>0</ItemType>
      <ItemName>בשר מס 8 שריר צרכני</ItemName>
      <ManufacturerName>עטרה</ManufacturerName>
      <ManufactureCountry>לא ידוע</ManufactureCountry>
      <ManufacturerItemDescription>בשר מס 8 שריר צרכני עטרה</ManufacturerItemDescription>
      <UnitQty>קילוגרמים</UnitQty>
      <Quantity>1.00</Quantity>
      <UnitOfMeasure>ק"ג</UnitOfMeasure>
      <bIsWeighted>1</bIsWeighted>
      <QtyInPackage>לא ידוע</QtyInPackage>
      <ItemPrice>53.90</ItemPrice>
      <UnitOfMeasurePrice>53.9000</UnitOfMeasurePrice>
      <AllowDiscount>1</AllowDiscount>
      <ItemStatus>1</ItemStatus>
      <ItemId>222798</ItemId>
    </Item>
    <Item>
      <PriceUpdateDate>2015-01-01 00:00:00</PriceUpdateDate>
      <ItemCode>2939528</ItemCode>
      <ItemType>0</ItemType>
      <ItemName>גידים בקר עטרה</ItemName>
      <ManufacturerName>,</ManufacturerName>
      <ManufactureCountry>לא ידוע</ManufactureCountry>
      <ManufacturerItemDescription>גידים בקר עטרה</ManufacturerItemDescription>
      <UnitQty>קילוגרמים</UnitQty>
      <Quantity>1.00</Quantity>
      <UnitOfMeasure>ק"ג</UnitOfMeasure>
      <bIsWeighted>1</bIsWeighted>
      <QtyInPackage>לא ידוע</QtyInPackage>
      <ItemPrice>54.90</ItemPrice>
      <UnitOfMeasurePrice>54.9000</UnitOfMeasurePrice>
      <AllowDiscount>1</AllowDiscount>
      <ItemStatus>1</ItemStatus>
      <ItemId>222800</ItemId>
    </Item>
    <Item>
      <PriceUpdateDate>2015-01-01 00:00:00</PriceUpdateDate>
      <ItemCode>2939535</ItemCode>
      <ItemType>0</ItemType>
      <ItemName>בשר ראש קפוא עטרה</ItemName>
      <ManufacturerName>,</ManufacturerName>
      <ManufactureCountry>לא ידוע</ManufactureCountry>
      <ManufacturerItemDescription>בשר ראש קפוא עטרה</ManufacturerItemDescription>
      <UnitQty>קילוגרמים</UnitQty>
      <Quantity>1.00</Quantity>
      <UnitOfMeasure>ק"ג</UnitOfMeasure>
      <bIsWeighted>1</bIsWeighted>
      <QtyInPackage>לא ידוע</QtyInPackage>
      <ItemPrice>54.90</ItemPrice>
      <UnitOfMeasurePrice>54.9000</UnitOfMeasurePrice>
      <AllowDiscount>1</AllowDiscount>
      <ItemStatus>1</ItemStatus>
      <ItemId>222801</ItemId>
    </Item>
    <Item>
      <PriceUpdateDate>2015-01-01 00:00:00</PriceUpdateDate>
      <ItemCode>2939542</ItemCode>
      <ItemType>0</ItemType>
      <ItemName>לשון בקר קפוא עטרה</ItemName>
      <ManufacturerName>עטרה</ManufacturerName>
      <ManufactureCountry>לא ידוע</ManufactureCountry>
      <ManufacturerItemDescription>לשון בקר קפוא עטרה</ManufacturerItemDescription>
      <UnitQty>קילוגרמים</UnitQty>
      <Quantity>1.00</Quantity>
      <UnitOfMeasure>ק"ג</UnitOfMeasure>
      <bIsWeighted>1</bIsWeighted>
      <QtyInPackage>לא ידוע</QtyInPackage>
      <ItemPrice>59.90</ItemPrice>
      <UnitOfMeasurePrice>59.9000</UnitOfMeasurePrice>
      <AllowDiscount>1</AllowDiscount>
      <ItemStatus>1</ItemStatus>
      <ItemId>222802</ItemId>
    </Item>
    <Item>
      <PriceUpdateDate>2015-01-01 00:00:00</PriceUpdateDate>
      <ItemCode>2939788</ItemCode>
      <ItemType>0</ItemType>
      <ItemName>שווארמה אמיתית 500 ג</ItemName>
      <ManufacturerName>עטרה</ManufacturerName>
      <ManufactureCountry>לא ידוע</ManufactureCountry>
      <ManufacturerItemDescription>שווארמה אמיתית 500 גרם עטרה</ManufacturerItemDescription>
      <UnitQty>גרמים</UnitQty>
      <Quantity>500.00</Quantity>
      <UnitOfMeasure>100 גרם</UnitOfMeasure>
      <bIsWeighted>0</bIsWeighted>
      <QtyInPackage>1</QtyInPackage>
      <ItemPrice>28.90</ItemPrice>
      <UnitOfMeasurePrice>5.7800</UnitOfMeasurePrice>
      <AllowDiscount>1</AllowDiscount>
      <ItemStatus>1</ItemStatus>
      <ItemId>222803</ItemId>
    </Item>
    <Item>
      <PriceUpdateDate>2015-01-01 00:00:00</PriceUpdateDate>
      <ItemCode>294391</ItemCode>
      <ItemType>0</ItemType>
      <ItemName>סנו גט ניקוי כללי שח</ItemName>
      <ManufacturerName>סנו</ManufacturerName>
      <ManufactureCountry>לא ידוע</ManufactureCountry>
      <ManufacturerItemDescription>סנו גט ניקוי כללי שחלבים 4 ליטר</ManufacturerItemDescription>
      <UnitQty>ליטרים</UnitQty>
      <Quantity>4.00</Quantity>
      <UnitOfMeasure>ליטר    </UnitOfMeasure>
      <bIsWeighted>0</bIsWeighted>
      <QtyInPackage>1</QtyInPackage>
      <ItemPrice>19.90</ItemPrice>
      <UnitOfMeasurePrice>4.9750</UnitOfMeasurePrice>
      <AllowDiscount>1</AllowDiscount>
      <ItemStatus>1</ItemStatus>
      <ItemId>222806</ItemId>
    </Item>
    <Item>
      <PriceUpdateDate>2015-01-01 00:00:00</PriceUpdateDate>
      <ItemCode>294414</ItemCode>
      <ItemType>0</ItemType>
      <ItemName>סנומוד נטול גז מדונה</ItemName>
      <ManufacturerName>סנו</ManufacturerName>
      <ManufactureCountry>לא ידוע</ManufactureCountry>
      <ManufacturerItemDescription>סנומוד נטול גז מדונה 150 מ"ל</ManufacturerItemDescription>
      <UnitQty>מיליליטרים</UnitQty>
      <Quantity>150.00</Quantity>
      <UnitOfMeasure>100 מ"ל</UnitOfMeasure>
      <bIsWeighted>0</bIsWeighted>
      <QtyInPackage>1</QtyInPackage>
      <ItemPrice>9.90</ItemPrice>
      <UnitOfMeasurePrice>6.6000</UnitOfMeasurePrice>
      <AllowDiscount>1</AllowDiscount>
      <ItemStatus>1</ItemStatus>
      <ItemId>222807</ItemId>
    </Item>
    <Item>
      <PriceUpdateDate>2015-01-01 00:00:00</PriceUpdateDate>
      <ItemCode>2946700</ItemCode>
      <ItemType>0</ItemType>
      <ItemName>מצית פחם נוזלי</ItemName>
      <ManufacturerName>,</ManufacturerName>
      <ManufactureCountry>לא ידוע</ManufactureCountry>
      <ManufacturerItemDescription>מצית פחם נוזלי</ManufacturerItemDescription>
      <UnitQty>מיליליטרים</UnitQty>
      <Quantity>200.00</Quantity>
      <UnitOfMeasure>100 מ"ל</UnitOfMeasure>
      <bIsWeighted>0</bIsWeighted>
      <QtyInPackage>1</QtyInPackage>
      <ItemPrice>8.90</ItemPrice>
      <UnitOfMeasurePrice>4.4500</UnitOfMeasurePrice>
      <AllowDiscount>1</AllowDiscount>
      <ItemStatus>1</ItemStatus>
      <ItemId>222811</ItemId>
    </Item>
    <Item>
      <PriceUpdateDate>2015-01-01 00:00:00</PriceUpdateDate>
      <ItemCode>294780</ItemCode>
      <ItemType>0</ItemType>
      <ItemName>אקונומיקה סנו גאוול</ItemName>
      <ManufacturerName>סנו</ManufacturerName>
      <ManufactureCountry>לא ידוע</ManufactureCountry>
      <ManufacturerItemDescription>אקונומיקה סנו גאוול 4 ליטר</ManufacturerItemDescription>
      <UnitQty>ליטרים</UnitQty>
      <Quantity>4.00</Quantity>
      <UnitOfMeasure>ליטר    </UnitOfMeasure>
      <bIsWeighted>0</bIsWeighted>
      <QtyInPackage>1</QtyInPackage>
      <ItemPrice>15.90</ItemPrice>
      <UnitOfMeasurePrice>3.9750</UnitOfMeasurePrice>
      <AllowDiscount>1</AllowDiscount>
      <ItemStatus>1</ItemStatus>
      <ItemId>222813</ItemId>
    </Item>
    <Item>
      <PriceUpdateDate>2015-01-01 00:00:00</PriceUpdateDate>
      <ItemCode>295121</ItemCode>
      <ItemType>0</ItemType>
      <ItemName>מטלית רצפה זיגזג 3 י</ItemName>
      <ManufacturerName>עופרטקס</ManufacturerName>
      <ManufactureCountry>לא ידוע</ManufactureCountry>
      <ManufacturerItemDescription>מטלית רצפה זיגזג 3 יחידות</ManufacturerItemDescription>
      <UnitQty>Unknown </UnitQty>
      <Quantity>0.00</Quantity>
      <UnitOfMeasure>Unknown </UnitOfMeasure>
      <bIsWeighted>0</bIsWeighted>
      <QtyInPackage>1</QtyInPackage>
      <ItemPrice>12.90</ItemPrice>
      <UnitOfMeasurePrice>0.0000</UnitOfMeasurePrice>
      <AllowDiscount>1</AllowDiscount>
      <ItemStatus>1</ItemStatus>
      <ItemId>222816</ItemId>
    </Item>
    <Item>
      <PriceUpdateDate>2015-01-01 00:00:00</PriceUpdateDate>
      <ItemCode>295404</ItemCode>
      <ItemType>0</ItemType>
      <ItemName>שקיות אשפה סנו סושי</ItemName>
      <ManufacturerName>אשפלסט</ManufacturerName>
      <ManufactureCountry>לא ידוע</ManufactureCountry>
      <ManufacturerItemDescription>שקיות אשפה סנו סושי רב שקית 60 יח</ManufacturerItemDescription>
      <UnitQty>Unknown </UnitQty>
      <Quantity>0.00</Quantity>
      <UnitOfMeasure>Unknown </UnitOfMeasure>
      <bIsWeighted>0</bIsWeighted>
      <QtyInPackage>1</QtyInPackage>
      <ItemPrice>17.90</ItemPrice>
      <UnitOfMeasurePrice>0.0000</UnitOfMeasurePrice>
      <AllowDiscount>1</AllowDiscount>
      <ItemStatus>1</ItemStatus>
      <ItemId>222820</ItemId>
    </Item>
    <Item>
      <PriceUpdateDate>2015-01-01 00:00:00</PriceUpdateDate>
      <ItemCode>295503</ItemCode>
      <ItemType>0</ItemType>
      <ItemName>שקיות אוכל סנו סושי</ItemName>
      <ManufacturerName>אשפלסט</ManufacturerName>
      <ManufactureCountry>לא ידוע</ManufactureCountry>
      <ManufacturerItemDescription>שקיות אוכל סנו סושי 2*150 יח</ManufacturerItemDescription>
      <UnitQty>Unknown </UnitQty>
      <Quantity>0.00</Quantity>
      <UnitOfMeasure>Unknown </UnitOfMeasure>
      <bIsWeighted>0</bIsWeighted>
      <QtyInPackage>1</QtyInPackage>
      <ItemPrice>12.90</ItemPrice>
      <UnitOfMeasurePrice>0.0000</UnitOfMeasurePrice>
      <AllowDiscount>1</AllowDiscount>
      <ItemStatus>1</ItemStatus>
      <ItemId>222822</ItemId>
    </Item>
    <Item>
      <PriceUpdateDate>2015-01-01 00:00:00</PriceUpdateDate>
      <ItemCode>295558</ItemCode>
      <ItemType>0</ItemType>
      <ItemName>נייר אלומיניום סנו ס</ItemName>
      <ManufacturerName>בורסה פזרי</ManufacturerName>
      <ManufactureCountry>לא ידוע</ManufactureCountry>
      <ManufacturerItemDescription>נייר אלומיניום סנו סושי 30 ס"מ זוגות</ManufacturerItemDescription>
      <UnitQty>Unknown </UnitQty>
      <Quantity>0.00</Quantity>
      <UnitOfMeasure>Unknown </UnitOfMeasure>
      <bIsWeighted>0</bIsWeighted>
      <QtyInPackage>1</QtyInPackage>
      <ItemPrice>11.90</ItemPrice>
      <UnitOfMeasurePrice>0.0000</UnitOfMeasurePrice>
      <AllowDiscount>1</AllowDiscount>
      <ItemStatus>1</ItemStatus>
      <ItemId>222824</ItemId>
    </Item>
    <Item>
      <PriceUpdateDate>2015-01-01 00:00:00</PriceUpdateDate>
      <ItemCode>295565</ItemCode>
      <ItemType>0</ItemType>
      <ItemName>נייר אלומניום סנו סו</ItemName>
      <ManufacturerName>בורסה פזרי</ManufacturerName>
      <ManufactureCountry>לא ידוע</ManufactureCountry>
      <ManufacturerItemDescription>נייר אלומניום סנו סושי 45 ס"מ זוגות</ManufacturerItemDescription>
      <UnitQty>Unknown </UnitQty>
      <Quantity>0.00</Quantity>
      <UnitOfMeasure>Unknown </UnitOfMeasure>
      <bIsWeighted>0</bIsWeighted>
      <QtyInPackage>1</QtyInPackage>
      <ItemPrice>14.90</ItemPrice>
      <UnitOfMeasurePrice>0.0000</UnitOfMeasurePrice>
      <AllowDiscount>1</AllowDiscount>
      <ItemStatus>1</ItemStatus>
      <ItemId>222825</ItemId>
    </Item>
    <Item>
      <PriceUpdateDate>2015-09-20 12:53:31</PriceUpdateDate>
      <ItemCode>295572</ItemCode>
      <ItemType>0</ItemType>
      <ItemName>מנקה אסלות 00 2*750</ItemName>
      <ManufacturerName>סנו</ManufacturerName>
      <ManufactureCountry>לא ידוע</ManufactureCountry>
      <ManufacturerItemDescription>מנקה אסלות 00 2*750 מ"ל</ManufacturerItemDescription>
      <UnitQty>ליטרים</UnitQty>
      <Quantity>1.50</Quantity>
      <UnitOfMeasure>ליטר    </UnitOfMeasure>
      <bIsWeighted>0</bIsWeighted>
      <QtyInPackage>1</QtyInPackage>
      <ItemPrice>15.90</ItemPrice>
      <UnitOfMeasurePrice>10.6000</UnitOfMeasurePrice>
      <AllowDiscount>1</AllowDiscount>
      <ItemStatus>1</ItemStatus>
      <ItemId>222826</ItemId>
    </Item>
    <Item>
      <PriceUpdateDate>2015-01-01 00:00:00</PriceUpdateDate>
      <ItemCode>295589</ItemCode>
      <ItemType>0</ItemType>
      <ItemName>טלק בייבי כיף 200 גר</ItemName>
      <ManufacturerName>קוסמופארם</ManufacturerName>
      <ManufactureCountry>לא ידוע</ManufactureCountry>
      <ManufacturerItemDescription>טלק בייבי כיף 200 גרם</ManufacturerItemDescription>
      <UnitQty>גרמים</UnitQty>
      <Quantity>200.00</Quantity>
      <UnitOfMeasure>100 גרם</UnitOfMeasure>
      <bIsWeighted>0</bIsWeighted>
      <QtyInPackage>1</QtyInPackage>
      <ItemPrice>14.90</ItemPrice>
      <UnitOfMeasurePrice>7.4500</UnitOfMeasurePrice>
      <AllowDiscount>1</AllowDiscount>
      <ItemStatus>1</ItemStatus>
      <ItemId>222827</ItemId>
    </Item>
    <Item>
      <PriceUpdateDate>2015-01-01 00:00:00</PriceUpdateDate>
      <ItemCode>295749</ItemCode>
      <ItemType>0</ItemType>
      <ItemName>ספוג כיף סאקי מסאז</ItemName>
      <ManufacturerName>קוסמופארם</ManufacturerName>
      <ManufactureCountry>לא ידוע</ManufactureCountry>
      <ManufacturerItemDescription>ספוג כיף סאקי מסאז</ManufacturerItemDescription>
      <UnitQty>Unknown </UnitQty>
      <Quantity>0.00</Quantity>
      <UnitOfMeasure>Unknown </UnitOfMeasure>
      <bIsWeighted>0</bIsWeighted>
      <QtyInPackage>1</QtyInPackage>
      <ItemPrice>8.90</ItemPrice>
      <UnitOfMeasurePrice>0.0000</UnitOfMeasurePrice>
      <AllowDiscount>1</AllowDiscount>
      <ItemStatus>1</ItemStatus>
      <ItemId>222828</ItemId>
    </Item>
    <Item>
      <PriceUpdateDate>2016-05-19 14:20:59</PriceUpdateDate>
      <ItemCode>9007121</ItemCode>
      <ItemType>0</ItemType>
      <ItemName>תפו"ע בתפזורת</ItemName>
      <ManufacturerName>,</ManufacturerName>
      <ManufactureCountry>לא ידוע</ManufactureCountry>
      <ManufacturerItemDescription>תפו"ע</ManufacturerItemDescription>
      <UnitQty>קילוגרמים</UnitQty>
      <Quantity>1.00</Quantity>
      <UnitOfMeasure>ק"ג</UnitOfMeasure>
      <bIsWeighted>1</bIsWeighted>
      <QtyInPackage>לא ידוע</QtyInPackage>
      <ItemPrice>13.90</ItemPrice>
      <UnitOfMeasurePrice>13.9000</UnitOfMeasurePrice>
      <AllowDiscount>1</AllowDiscount>
      <ItemStatus>1</ItemStatus>
      <ItemId>268262</ItemId>
    </Item>
    <Item>
      <PriceUpdateDate>2015-01-01 00:00:00</PriceUpdateDate>
      <ItemCode>7290014397859</ItemCode>
      <ItemType>0</ItemType>
      <ItemName>סנו אוקסיגן סבון מוצ</ItemName>
      <ManufacturerName>סנו</ManufacturerName>
      <ManufactureCountry>לא ידוע</ManufactureCountry>
      <ManufacturerItemDescription>סנו אוקסיגן סבון מוצק להסרת כתמים</ManufacturerItemDescription>
      <UnitQty>Unknown </UnitQty>
      <Quantity>0.00</Quantity>
      <UnitOfMeasure>Unknown </UnitOfMeasure>
      <bIsWeighted>0</bIsWeighted>
      <QtyInPackage>1</QtyInPackage>
      <ItemPrice>14.90</ItemPrice>
      <UnitOfMeasurePrice>0.0000</UnitOfMeasurePrice>
      <AllowDiscount>1</AllowDiscount>
      <ItemStatus>1</ItemStatus>
      <ItemId>248795</ItemId>
    </Item>
    <Item>
      <PriceUpdateDate>2015-01-01 00:00:00</PriceUpdateDate>
      <ItemCode>3087945</ItemCode>
      <ItemType>0</ItemType>
      <ItemName>בולי 80 גרם</ItemName>
      <ManufacturerName>א מ חטיפי העמק בעמ</ManufacturerName>
      <ManufactureCountry>לא ידוע</ManufactureCountry>
      <ManufacturerItemDescription>בולי 80 גרם</ManufacturerItemDescription>
      <UnitQty>גרמים</UnitQty>
      <Quantity>80.00</Quantity>
      <UnitOfMeasure>100 גרם</UnitOfMeasure>
      <bIsWeighted>0</bIsWeighted>
      <QtyInPackage>1</QtyInPackage>
      <ItemPrice>2.90</ItemPrice>
      <UnitOfMeasurePrice>3.6250</UnitOfMeasurePrice>
      <AllowDiscount>1</AllowDiscount>
      <ItemStatus>1</ItemStatus>
      <ItemId>241783</ItemId>
    </Item>
    <Item>
      <PriceUpdateDate>2016-04-03 09:39:37</PriceUpdateDate>
      <ItemCode>2986256</ItemCode>
      <ItemType>0</ItemType>
      <ItemName>עוגיות יין עיגולית</ItemName>
      <ManufacturerName>,</ManufacturerName>
      <ManufactureCountry>לא ידוע</ManufactureCountry>
      <ManufacturerItemDescription>עוגיות יין עיגולית 400 גרם</ManufacturerItemDescription>
      <UnitQty>גרמים</UnitQty>
      <Quantity>400.00</Quantity>
      <UnitOfMeasure>100 גרם</UnitOfMeasure>
      <bIsWeighted>0</bIsWeighted>
      <QtyInPackage>1</QtyInPackage>
      <ItemPrice>4.90</ItemPrice>
      <UnitOfMeasurePrice>1.2250</UnitOfMeasurePrice>
      <AllowDiscount>1</AllowDiscount>
      <ItemStatus>1</ItemStatus>
      <ItemId>222840</ItemId>
    </Item>
    <Item>
      <PriceUpdateDate>2016-04-03 09:39:38</PriceUpdateDate>
      <ItemCode>2986539</ItemCode>
      <ItemType>0</ItemType>
      <ItemName>עוגיות יין פריכות</ItemName>
      <ManufacturerName>,</ManufacturerName>
      <ManufactureCountry>לא ידוע</ManufactureCountry>
      <ManufacturerItemDescription>עוגיות יין פריכות 250 גרם</ManufacturerItemDescription>
      <UnitQty>גרמים</UnitQty>
      <Quantity>250.00</Quantity>
      <UnitOfMeasure>100 גרם</UnitOfMeasure>
      <bIsWeighted>0</bIsWeighted>
      <QtyInPackage>1</QtyInPackage>
      <ItemPrice>4.90</ItemPrice>
      <UnitOfMeasurePrice>1.9600</UnitOfMeasurePrice>
      <AllowDiscount>1</AllowDiscount>
      <ItemStatus>1</ItemStatus>
      <ItemId>222842</ItemId>
    </Item>
    <Item>
      <PriceUpdateDate>2016-03-08 09:53:12</PriceUpdateDate>
      <ItemCode>9002997</ItemCode>
      <ItemType>0</ItemType>
      <ItemName>תפו"א תפזורת</ItemName>
      <ManufacturerName>,</ManufacturerName>
      <ManufactureCountry>לא ידוע</ManufactureCountry>
      <ManufacturerItemDescription>תפו"א תפזורת</ManufacturerItemDescription>
      <UnitQty>קילוגרמים</UnitQty>
      <Quantity>1.00</Quantity>
      <UnitOfMeasure>ק"ג</UnitOfMeasure>
      <bIsWeighted>1</bIsWeighted>
      <QtyInPackage>לא ידוע</QtyInPackage>
      <ItemPrice>6.90</ItemPrice>
      <UnitOfMeasurePrice>6.9000</UnitOfMeasurePrice>
      <AllowDiscount>1</AllowDiscount>
      <ItemStatus>1</ItemStatus>
      <ItemId>222844</ItemId>
    </Item>
    <Item>
      <PriceUpdateDate>2015-01-01 00:00:00</PriceUpdateDate>
      <ItemCode>300115</ItemCode>
      <ItemType>0</ItemType>
      <ItemName>שניצל מן הצומח 1 קג</ItemName>
      <ManufacturerName>טבעול ישראל</ManufacturerName>
      <ManufactureCountry>ישראל</ManufactureCountry>
      <ManufacturerItemDescription>שניצל מן הצומח 1 קג</ManufacturerItemDescription>
      <UnitQty>קילוגרמים</UnitQty>
      <Quantity>1.00</Quantity>
      <UnitOfMeasure>ק"ג     </UnitOfMeasure>
      <bIsWeighted>0</bIsWeighted>
      <QtyInPackage>1</QtyInPackage>
      <ItemPrice>37.80</ItemPrice>
      <UnitOfMeasurePrice>37.8000</UnitOfMeasurePrice>
      <AllowDiscount>1</AllowDiscount>
      <ItemStatus>1</ItemStatus>
      <ItemId>222845</ItemId>
    </Item>
    <Item>
      <PriceUpdateDate>2015-01-01 00:00:00</PriceUpdateDate>
      <ItemCode>300139</ItemCode>
      <ItemType>0</ItemType>
      <ItemName>המבורגר צמחי 750 גרם</ItemName>
      <ManufacturerName>טבעול ישראל</ManufacturerName>
      <ManufactureCountry>ישראל</ManufactureCountry>
      <ManufacturerItemDescription>המבורגר צמחי 750 גרם</ManufacturerItemDescription>
      <UnitQty>גרמים</UnitQty>
      <Quantity>750.00</Quantity>
      <UnitOfMeasure>100 גרם</UnitOfMeasure>
      <bIsWeighted>0</bIsWeighted>
      <QtyInPackage>1</QtyInPackage>
      <ItemPrice>33.90</ItemPrice>
      <UnitOfMeasurePrice>4.5200</UnitOfMeasurePrice>
      <AllowDiscount>1</AllowDiscount>
      <ItemStatus>1</ItemStatus>
      <ItemId>222846</ItemId>
    </Item>
    <Item>
      <PriceUpdateDate>2015-01-01 00:00:00</PriceUpdateDate>
      <ItemCode>300924</ItemCode>
      <ItemType>0</ItemType>
      <ItemName>שניצל תרד 750 גרם</ItemName>
      <ManufacturerName>טבעול ישראל</ManufacturerName>
      <ManufactureCountry>ישראל</ManufactureCountry>
      <ManufacturerItemDescription>שניצל תרד 750 גרם</ManufacturerItemDescription>
      <UnitQty>גרמים</UnitQty>
      <Quantity>750.00</Quantity>
      <UnitOfMeasure>100 גרם</UnitOfMeasure>
      <bIsWeighted>0</bIsWeighted>
      <QtyInPackage>1</QtyInPackage>
      <ItemPrice>29.90</ItemPrice>
      <UnitOfMeasurePrice>3.9867</UnitOfMeasurePrice>
      <AllowDiscount>1</AllowDiscount>
      <ItemStatus>1</ItemStatus>
      <ItemId>222856</ItemId>
    </Item>
    <Item>
      <PriceUpdateDate>2015-01-01 00:00:00</PriceUpdateDate>
      <ItemCode>3009626</ItemCode>
      <ItemType>0</ItemType>
      <ItemName>סירופ פטל פריגת 1.5</ItemName>
      <ManufacturerName>סירופ גבעת חיים</ManufacturerName>
      <ManufactureCountry>לא ידוע</ManufactureCountry>
      <ManufacturerItemDescription>סירופ פטל פריגת 1.5 ליטר</ManufacturerItemDescription>
      <UnitQty>ליטרים</UnitQty>
      <Quantity>1.50</Quantity>
      <UnitOfMeasure>ליטר    </UnitOfMeasure>
      <bIsWeighted>0</bIsWeighted>
      <QtyInPackage>1</QtyInPackage>
      <ItemPrice>14.90</ItemPrice>
      <UnitOfMeasurePrice>9.9333</UnitOfMeasurePrice>
      <AllowDiscount>1</AllowDiscount>
      <ItemStatus>1</ItemStatus>
      <ItemId>222860</ItemId>
    </Item>
    <Item>
      <PriceUpdateDate>2015-01-01 00:00:00</PriceUpdateDate>
      <ItemCode>3015450</ItemCode>
      <ItemType>0</ItemType>
      <ItemName>תחליב רחצה בייבי כיף</ItemName>
      <ManufacturerName>,</ManufacturerName>
      <ManufactureCountry>לא ידוע</ManufactureCountry>
      <ManufacturerItemDescription>תחליב רחצה בייבי כיף 750 מ"ל</ManufacturerItemDescription>
      <UnitQty>מיליליטרים</UnitQty>
      <Quantity>750.00</Quantity>
      <UnitOfMeasure>100 מ"ל</UnitOfMeasure>
      <bIsWeighted>0</bIsWeighted>
      <QtyInPackage>1</QtyInPackage>
      <ItemPrice>16.90</ItemPrice>
      <UnitOfMeasurePrice>2.2533</UnitOfMeasurePrice>
      <AllowDiscount>1</AllowDiscount>
      <ItemStatus>1</ItemStatus>
      <ItemId>222869</ItemId>
    </Item>
    <Item>
      <PriceUpdateDate>2015-01-01 00:00:00</PriceUpdateDate>
      <ItemCode>3015627</ItemCode>
      <ItemType>0</ItemType>
      <ItemName>ריצפז פרש אפרסק 2 לי</ItemName>
      <ManufacturerName>סנו</ManufacturerName>
      <ManufactureCountry>לא ידוע</ManufactureCountry>
      <ManufacturerItemDescription>ריצפז פרש אפרסק 2 ליטר</ManufacturerItemDescription>
      <UnitQty>ליטרים</UnitQty>
      <Quantity>2.00</Quantity>
      <UnitOfMeasure>ליטר    </UnitOfMeasure>
      <bIsWeighted>0</bIsWeighted>
      <QtyInPackage>1</QtyInPackage>
      <ItemPrice>14.90</ItemPrice>
      <UnitOfMeasurePrice>7.4500</UnitOfMeasurePrice>
      <AllowDiscount>1</AllowDiscount>
      <ItemStatus>1</ItemStatus>
      <ItemId>222875</ItemId>
    </Item>
    <Item>
      <PriceUpdateDate>2015-01-01 00:00:00</PriceUpdateDate>
      <ItemCode>301662</ItemCode>
      <ItemType>0</ItemType>
      <ItemName>שניצל מן הצומח 5% שו</ItemName>
      <ManufacturerName>טבעול ישראל</ManufacturerName>
      <ManufactureCountry>ישראל</ManufactureCountry>
      <ManufacturerItemDescription>שניצל מן הצומח 5% שומן 750 גרם</ManufacturerItemDescription>
      <UnitQty>גרמים</UnitQty>
      <Quantity>750.00</Quantity>
      <UnitOfMeasure>100 גרם</UnitOfMeasure>
      <bIsWeighted>0</bIsWeighted>
      <QtyInPackage>1</QtyInPackage>
      <ItemPrice>33.90</ItemPrice>
      <UnitOfMeasurePrice>4.5200</UnitOfMeasurePrice>
      <AllowDiscount>1</AllowDiscount>
      <ItemStatus>1</ItemStatus>
      <ItemId>222880</ItemId>
    </Item>
    <Item>
      <PriceUpdateDate>2015-07-09 11:42:34</PriceUpdateDate>
      <ItemCode>3029181</ItemCode>
      <ItemType>0</ItemType>
      <ItemName>שוקו יטבתה 1 ליטר בק</ItemName>
      <ManufacturerName>שטראוס</ManufacturerName>
      <ManufactureCountry>ישראל</ManufactureCountry>
      <ManufacturerItemDescription>שוקו יטבתה 1 ליטר בקבוק מהדרין</ManufacturerItemDescription>
      <UnitQty>ליטרים</UnitQty>
      <Quantity>1.00</Quantity>
      <UnitOfMeasure>ליטר    </UnitOfMeasure>
      <bIsWeighted>0</bIsWeighted>
      <QtyInPackage>1</QtyInPackage>
      <ItemPrice>11.50</ItemPrice>
      <UnitOfMeasurePrice>11.5000</UnitOfMeasurePrice>
      <AllowDiscount>1</AllowDiscount>
      <ItemStatus>1</ItemStatus>
      <ItemId>222882</ItemId>
    </Item>
    <Item>
      <PriceUpdateDate>2015-01-01 00:00:00</PriceUpdateDate>
      <ItemCode>3031719</ItemCode>
      <ItemType>0</ItemType>
      <ItemName>נקניקיות הודו במשקל</ItemName>
      <ManufacturerName>,</ManufacturerName>
      <ManufactureCountry>לא ידוע</ManufactureCountry>
      <ManufacturerItemDescription>נקניקיות הודו במשקל מחפוד</ManufacturerItemDescription>
      <UnitQty>קילוגרמים</UnitQty>
      <Quantity>1.00</Quantity>
      <UnitOfMeasure>ק"ג</UnitOfMeasure>
      <bIsWeighted>1</bIsWeighted>
      <QtyInPackage>לא ידוע</QtyInPackage>
      <ItemPrice>19.90</ItemPrice>
      <UnitOfMeasurePrice>19.9000</UnitOfMeasurePrice>
      <AllowDiscount>1</AllowDiscount>
      <ItemStatus>1</ItemStatus>
      <ItemId>222884</ItemId>
    </Item>
    <Item>
      <PriceUpdateDate>2015-01-01 00:00:00</PriceUpdateDate>
      <ItemCode>3031733</ItemCode>
      <ItemType>0</ItemType>
      <ItemName>פסטרמה על גחלים 400</ItemName>
      <ManufacturerName>טירת צבי</ManufacturerName>
      <ManufactureCountry>ישראל</ManufactureCountry>
      <ManufacturerItemDescription>פסטרמה על גחלים 400 גרם מחפוד</ManufacturerItemDescription>
      <UnitQty>גרמים</UnitQty>
      <Quantity>400.00</Quantity>
      <UnitOfMeasure>100 גרם</UnitOfMeasure>
      <bIsWeighted>0</bIsWeighted>
      <QtyInPackage>1</QtyInPackage>
      <ItemPrice>24.90</ItemPrice>
      <UnitOfMeasurePrice>6.2250</UnitOfMeasurePrice>
      <AllowDiscount>1</AllowDiscount>
      <ItemStatus>1</ItemStatus>
      <ItemId>222885</ItemId>
    </Item>
    <Item>
      <PriceUpdateDate>2016-04-03 11:26:02</PriceUpdateDate>
      <ItemCode>7290104856242</ItemCode>
      <ItemType>0</ItemType>
      <ItemName>כוס קוקטייל קריסטל 1</ItemName>
      <ManufacturerName>HANTRONIX</ManufacturerName>
      <ManufactureCountry>לא ידוע</ManufactureCountry>
      <ManufacturerItemDescription>כוס קוקטייל קריסטל 180 מ"ל 8 יח</ManufacturerItemDescription>
      <UnitQty>Unknown </UnitQty>
      <Quantity>0.00</Quantity>
      <UnitOfMeasure>Unknown </UnitOfMeasure>
      <bIsWeighted>0</bIsWeighted>
      <QtyInPackage>1</QtyInPackage>
      <ItemPrice>12.90</ItemPrice>
      <UnitOfMeasurePrice>0.0000</UnitOfMeasurePrice>
      <AllowDiscount>1</AllowDiscount>
      <ItemStatus>1</ItemStatus>
      <ItemId>267696</ItemId>
    </Item>
    <Item>
      <PriceUpdateDate>2016-06-13 13:56:04</PriceUpdateDate>
      <ItemCode>710069082304</ItemCode>
      <ItemType>0</ItemType>
      <ItemName>חרדל 464 גרם</ItemName>
      <ManufacturerName>,</ManufacturerName>
      <ManufactureCountry>לא ידוע</ManufactureCountry>
      <ManufacturerItemDescription>חרדל 464 גרם</ManufacturerItemDescription>
      <UnitQty>גרמים</UnitQty>
      <Quantity>464.00</Quantity>
      <UnitOfMeasure>100 גרם</UnitOfMeasure>
      <bIsWeighted>0</bIsWeighted>
      <QtyInPackage>1</QtyInPackage>
      <ItemPrice>14.90</ItemPrice>
      <UnitOfMeasurePrice>3.2112</UnitOfMeasurePrice>
      <AllowDiscount>1</AllowDiscount>
      <ItemStatus>1</ItemStatus>
      <ItemId>268431</ItemId>
    </Item>
    <Item>
      <PriceUpdateDate>2015-01-01 00:00:00</PriceUpdateDate>
      <ItemCode>3031740</ItemCode>
      <ItemType>0</ItemType>
      <ItemName>פסטרמה בדבש 400 גרם</ItemName>
      <ManufacturerName>טירת צבי</ManufacturerName>
      <ManufactureCountry>ישראל</ManufactureCountry>
      <ManufacturerItemDescription>פסטרמה בדבש 400 גרם מחפוד</ManufacturerItemDescription>
      <UnitQty>גרמים</UnitQty>
      <Quantity>400.00</Quantity>
      <UnitOfMeasure>100 גרם</UnitOfMeasure>
      <bIsWeighted>0</bIsWeighted>
      <QtyInPackage>1</QtyInPackage>
      <ItemPrice>24.90</ItemPrice>
      <UnitOfMeasurePrice>6.2250</UnitOfMeasurePrice>
      <AllowDiscount>1</AllowDiscount>
      <ItemStatus>1</ItemStatus>
      <ItemId>222886</ItemId>
    </Item>
    <Item>
      <PriceUpdateDate>2015-01-01 00:00:00</PriceUpdateDate>
      <ItemCode>3031788</ItemCode>
      <ItemType>0</ItemType>
      <ItemName>צמד כפרי 800 גרם מחפ</ItemName>
      <ManufacturerName>טירת צבי</ManufacturerName>
      <ManufactureCountry>ישראל</ManufactureCountry>
      <ManufacturerItemDescription>צמד כפרי 800 גרם מחפוד</ManufacturerItemDescription>
      <UnitQty>גרמים</UnitQty>
      <Quantity>800.00</Quantity>
      <UnitOfMeasure>100 גרם</UnitOfMeasure>
      <bIsWeighted>0</bIsWeighted>
      <QtyInPackage>2</QtyInPackage>
      <ItemPrice>27.90</ItemPrice>
      <UnitOfMeasurePrice>3.4875</UnitOfMeasurePrice>
      <AllowDiscount>1</AllowDiscount>
      <ItemStatus>1</ItemStatus>
      <ItemId>222888</ItemId>
    </Item>
    <Item>
      <PriceUpdateDate>2015-01-01 00:00:00</PriceUpdateDate>
      <ItemCode>304</ItemCode>
      <ItemType>0</ItemType>
      <ItemName>סלרי אמריקאי יח</ItemName>
      <ManufacturerName>,</ManufacturerName>
      <ManufactureCountry>לא ידוע</ManufactureCountry>
      <ManufacturerItemDescription>סלרי אמריקאי יח</ManufacturerItemDescription>
      <UnitQty>Unknown </UnitQty>
      <Quantity>0.00</Quantity>
      <UnitOfMeasure>Unknown </UnitOfMeasure>
      <bIsWeighted>0</bIsWeighted>
      <QtyInPackage>1</QtyInPackage>
      <ItemPrice>4.90</ItemPrice>
      <UnitOfMeasurePrice>0.0000</UnitOfMeasurePrice>
      <AllowDiscount>1</AllowDiscount>
      <ItemStatus>1</ItemStatus>
      <ItemId>222889</ItemId>
    </Item>
    <Item>
      <PriceUpdateDate>2015-01-01 00:00:00</PriceUpdateDate>
      <ItemCode>3047642</ItemCode>
      <ItemType>0</ItemType>
      <ItemName>תה ליפטון ילו לייבל</ItemName>
      <ManufacturerName>יוניליוור</ManufacturerName>
      <ManufactureCountry>לא ידוע</ManufactureCountry>
      <ManufacturerItemDescription>תה ליפטון ילו לייבל 100 שק" 1.5 גרם</ManufacturerItemDescription>
      <UnitQty>גרמים</UnitQty>
      <Quantity>150.00</Quantity>
      <UnitOfMeasure>100 גרם</UnitOfMeasure>
      <bIsWeighted>0</bIsWeighted>
      <QtyInPackage>1</QtyInPackage>
      <ItemPrice>13.90</ItemPrice>
      <UnitOfMeasurePrice>9.2667</UnitOfMeasurePrice>
      <AllowDiscount>1</AllowDiscount>
      <ItemStatus>1</ItemStatus>
      <ItemId>222890</ItemId>
    </Item>
    <Item>
      <PriceUpdateDate>2015-01-01 00:00:00</PriceUpdateDate>
      <ItemCode>305349</ItemCode>
      <ItemType>0</ItemType>
      <ItemName>פסטרמה טונה 120 גרם</ItemName>
      <ManufacturerName>יונה</ManufacturerName>
      <ManufactureCountry>לא ידוע</ManufactureCountry>
      <ManufacturerItemDescription>פסטרמה טונה 120 גרם יונה</ManufacturerItemDescription>
      <UnitQty>גרמים</UnitQty>
      <Quantity>120.00</Quantity>
      <UnitOfMeasure>100 גרם</UnitOfMeasure>
      <bIsWeighted>0</bIsWeighted>
      <QtyInPackage>1</QtyInPackage>
      <ItemPrice>9.90</ItemPrice>
      <UnitOfMeasurePrice>8.2500</UnitOfMeasurePrice>
      <AllowDiscount>1</AllowDiscount>
      <ItemStatus>1</ItemStatus>
      <ItemId>222893</ItemId>
    </Item>
    <Item>
      <PriceUpdateDate>2015-01-01 00:00:00</PriceUpdateDate>
      <ItemCode>305882</ItemCode>
      <ItemType>0</ItemType>
      <ItemName>קוליאס 120 גרם</ItemName>
      <ManufacturerName>יונה</ManufacturerName>
      <ManufactureCountry>לא ידוע</ManufactureCountry>
      <ManufacturerItemDescription>קוליאס 120 גרם</ManufacturerItemDescription>
      <UnitQty>גרמים</UnitQty>
      <Quantity>120.00</Quantity>
      <UnitOfMeasure>100 גרם</UnitOfMeasure>
      <bIsWeighted>0</bIsWeighted>
      <QtyInPackage>1</QtyInPackage>
      <ItemPrice>4.90</ItemPrice>
      <UnitOfMeasurePrice>4.0833</UnitOfMeasurePrice>
      <AllowDiscount>1</AllowDiscount>
      <ItemStatus>1</ItemStatus>
      <ItemId>222894</ItemId>
    </Item>
    <Item>
      <PriceUpdateDate>2015-01-01 00:00:00</PriceUpdateDate>
      <ItemCode>307800</ItemCode>
      <ItemType>0</ItemType>
      <ItemName>פול 800 גרם</ItemName>
      <ManufacturerName>,</ManufacturerName>
      <ManufactureCountry>לא ידוע</ManufactureCountry>
      <ManufacturerItemDescription>פול 800 גרם</ManufacturerItemDescription>
      <UnitQty>גרמים</UnitQty>
      <Quantity>800.00</Quantity>
      <UnitOfMeasure>100 גרם</UnitOfMeasure>
      <bIsWeighted>0</bIsWeighted>
      <QtyInPackage>1</QtyInPackage>
      <ItemPrice>4.90</ItemPrice>
      <UnitOfMeasurePrice>0.6125</UnitOfMeasurePrice>
      <AllowDiscount>1</AllowDiscount>
      <ItemStatus>1</ItemStatus>
      <ItemId>222902</ItemId>
    </Item>
    <Item>
      <PriceUpdateDate>2016-05-19 16:05:52</PriceUpdateDate>
      <ItemCode>3078042</ItemCode>
      <ItemType>0</ItemType>
      <ItemName>אריסה חריפה 250 גרם</ItemName>
      <ManufacturerName>,</ManufacturerName>
      <ManufactureCountry>לא ידוע</ManufactureCountry>
      <ManufacturerItemDescription>אריסה</ManufacturerItemDescription>
      <UnitQty>גרמים</UnitQty>
      <Quantity>250.00</Quantity>
      <UnitOfMeasure>100 גרם</UnitOfMeasure>
      <bIsWeighted>0</bIsWeighted>
      <QtyInPackage>1</QtyInPackage>
      <ItemPrice>12.90</ItemPrice>
      <UnitOfMeasurePrice>5.1600</UnitOfMeasurePrice>
      <AllowDiscount>1</AllowDiscount>
      <ItemStatus>1</ItemStatus>
      <ItemId>222903</ItemId>
    </Item>
    <Item>
      <PriceUpdateDate>2016-05-19 16:05:52</PriceUpdateDate>
      <ItemCode>3078066</ItemCode>
      <ItemType>0</ItemType>
      <ItemName>שום כתוש 250 גרם</ItemName>
      <ManufacturerName>,</ManufacturerName>
      <ManufactureCountry>לא ידוע</ManufactureCountry>
      <ManufacturerItemDescription>שום כתוש 250 גרם</ManufacturerItemDescription>
      <UnitQty>גרמים</UnitQty>
      <Quantity>250.00</Quantity>
      <UnitOfMeasure>100 גרם</UnitOfMeasure>
      <bIsWeighted>0</bIsWeighted>
      <QtyInPackage>1</QtyInPackage>
      <ItemPrice>12.90</ItemPrice>
      <UnitOfMeasurePrice>5.1600</UnitOfMeasurePrice>
      <AllowDiscount>1</AllowDiscount>
      <ItemStatus>1</ItemStatus>
      <ItemId>222905</ItemId>
    </Item>
    <Item>
      <PriceUpdateDate>2015-01-01 00:00:00</PriceUpdateDate>
      <ItemCode>7290106520899</ItemCode>
      <ItemType>0</ItemType>
      <ItemName>חציל בלאדי במיונז 40</ItemName>
      <ManufacturerName>שטראוס</ManufacturerName>
      <ManufactureCountry>ישראל</ManufactureCountry>
      <ManufacturerItemDescription>חציל בלאדי במיונז 400 גרם טעמי השוק</ManufacturerItemDescription>
      <UnitQty>גרמים</UnitQty>
      <Quantity>400.00</Quantity>
      <UnitOfMeasure>100 גרם</UnitOfMeasure>
      <bIsWeighted>0</bIsWeighted>
      <QtyInPackage>1</QtyInPackage>
      <ItemPrice>14.90</ItemPrice>
      <UnitOfMeasurePrice>3.7250</UnitOfMeasurePrice>
      <AllowDiscount>1</AllowDiscount>
      <ItemStatus>1</ItemStatus>
      <ItemId>248697</ItemId>
    </Item>
    <Item>
      <PriceUpdateDate>2015-05-28 09:44:00</PriceUpdateDate>
      <ItemCode>3078073</ItemCode>
      <ItemType>0</ItemType>
      <ItemName>תיבול לשניצל 400 גרם</ItemName>
      <ManufacturerName>,</ManufacturerName>
      <ManufactureCountry>לא ידוע</ManufactureCountry>
      <ManufacturerItemDescription>תיבול לשניצל 400 גרם</ManufacturerItemDescription>
      <UnitQty>גרמים</UnitQty>
      <Quantity>400.00</Quantity>
      <UnitOfMeasure>100 גרם</UnitOfMeasure>
      <bIsWeighted>0</bIsWeighted>
      <QtyInPackage>1</QtyInPackage>
      <ItemPrice>11.90</ItemPrice>
      <UnitOfMeasurePrice>2.9750</UnitOfMeasurePrice>
      <AllowDiscount>1</AllowDiscount>
      <ItemStatus>1</ItemStatus>
      <ItemId>222906</ItemId>
    </Item>
    <Item>
      <PriceUpdateDate>2015-05-28 09:44:00</PriceUpdateDate>
      <ItemCode>3078554</ItemCode>
      <ItemType>0</ItemType>
      <ItemName>תיבול לשניצל מקסיקני</ItemName>
      <ManufacturerName>,</ManufacturerName>
      <ManufactureCountry>לא ידוע</ManufactureCountry>
      <ManufacturerItemDescription>תיבול לשניצל מקסיקני 400 גרם</ManufacturerItemDescription>
      <UnitQty>גרמים</UnitQty>
      <Quantity>400.00</Quantity>
      <UnitOfMeasure>100 גרם</UnitOfMeasure>
      <bIsWeighted>0</bIsWeighted>
      <QtyInPackage>1</QtyInPackage>
      <ItemPrice>11.90</ItemPrice>
      <UnitOfMeasurePrice>2.9750</UnitOfMeasurePrice>
      <AllowDiscount>1</AllowDiscount>
      <ItemStatus>1</ItemStatus>
      <ItemId>222910</ItemId>
    </Item>
    <Item>
      <PriceUpdateDate>2015-05-28 09:44:00</PriceUpdateDate>
      <ItemCode>3078561</ItemCode>
      <ItemType>0</ItemType>
      <ItemName>תיבול לשניצל אמריקאי</ItemName>
      <ManufacturerName>,</ManufacturerName>
      <ManufactureCountry>לא ידוע</ManufactureCountry>
      <ManufacturerItemDescription>תיבול לשניצל אמריקאי 400 גרם</ManufacturerItemDescription>
      <UnitQty>גרמים</UnitQty>
      <Quantity>400.00</Quantity>
      <UnitOfMeasure>100 גרם</UnitOfMeasure>
      <bIsWeighted>0</bIsWeighted>
      <QtyInPackage>1</QtyInPackage>
      <ItemPrice>11.90</ItemPrice>
      <UnitOfMeasurePrice>2.9750</UnitOfMeasurePrice>
      <AllowDiscount>1</AllowDiscount>
      <ItemStatus>1</ItemStatus>
      <ItemId>222911</ItemId>
    </Item>
    <Item>
      <PriceUpdateDate>2016-03-16 07:58:52</PriceUpdateDate>
      <ItemCode>3078639</ItemCode>
      <ItemType>0</ItemType>
      <ItemName>תבלין 500 גרם</ItemName>
      <ManufacturerName>,</ManufacturerName>
      <ManufactureCountry>לא ידוע</ManufactureCountry>
      <ManufacturerItemDescription>תבלין 500 גרם</ManufacturerItemDescription>
      <UnitQty>גרמים</UnitQty>
      <Quantity>500.00</Quantity>
      <UnitOfMeasure>100 גרם</UnitOfMeasure>
      <bIsWeighted>0</bIsWeighted>
      <QtyInPackage>1</QtyInPackage>
      <ItemPrice>29.90</ItemPrice>
      <UnitOfMeasurePrice>5.9800</UnitOfMeasurePrice>
      <AllowDiscount>1</AllowDiscount>
      <ItemStatus>1</ItemStatus>
      <ItemId>222914</ItemId>
    </Item>
    <Item>
      <PriceUpdateDate>2016-05-19 16:05:52</PriceUpdateDate>
      <ItemCode>3078721</ItemCode>
      <ItemType>0</ItemType>
      <ItemName>סחוג תימני 250 גרם</ItemName>
      <ManufacturerName>,</ManufacturerName>
      <ManufactureCountry>לא ידוע</ManufactureCountry>
      <ManufacturerItemDescription>סחוג תימני 250 גרם</ManufacturerItemDescription>
      <UnitQty>גרמים</UnitQty>
      <Quantity>250.00</Quantity>
      <UnitOfMeasure>100 גרם</UnitOfMeasure>
      <bIsWeighted>0</bIsWeighted>
      <QtyInPackage>1</QtyInPackage>
      <ItemPrice>12.90</ItemPrice>
      <UnitOfMeasurePrice>5.1600</UnitOfMeasurePrice>
      <AllowDiscount>1</AllowDiscount>
      <ItemStatus>1</ItemStatus>
      <ItemId>222916</ItemId>
    </Item>
    <Item>
      <PriceUpdateDate>2016-05-19 08:09:50</PriceUpdateDate>
      <ItemCode>9000313</ItemCode>
      <ItemType>0</ItemType>
      <ItemName>גזר ארוז</ItemName>
      <ManufacturerName>,</ManufacturerName>
      <ManufactureCountry>לא ידוע</ManufactureCountry>
      <ManufacturerItemDescription>גזר ארוז</ManufacturerItemDescription>
      <UnitQty>קילוגרמים</UnitQty>
      <Quantity>1.00</Quantity>
      <UnitOfMeasure>ק"ג</UnitOfMeasure>
      <bIsWeighted>1</bIsWeighted>
      <QtyInPackage>לא ידוע</QtyInPackage>
      <ItemPrice>3.90</ItemPrice>
      <UnitOfMeasurePrice>3.9000</UnitOfMeasurePrice>
      <AllowDiscount>1</AllowDiscount>
      <ItemStatus>1</ItemStatus>
      <ItemId>222917</ItemId>
    </Item>
    <Item>
      <PriceUpdateDate>2016-05-19 08:12:35</PriceUpdateDate>
      <ItemCode>9003109</ItemCode>
      <ItemType>0</ItemType>
      <ItemName>מלון</ItemName>
      <ManufacturerName>,</ManufacturerName>
      <ManufactureCountry>לא ידוע</ManufactureCountry>
      <ManufacturerItemDescription>מלון</ManufacturerItemDescription>
      <UnitQty>קילוגרמים</UnitQty>
      <Quantity>1.00</Quantity>
      <UnitOfMeasure>ק"ג</UnitOfMeasure>
      <bIsWeighted>1</bIsWeighted>
      <QtyInPackage>לא ידוע</QtyInPackage>
      <ItemPrice>4.90</ItemPrice>
      <UnitOfMeasurePrice>4.9000</UnitOfMeasurePrice>
      <AllowDiscount>1</AllowDiscount>
      <ItemStatus>1</ItemStatus>
      <ItemId>222918</ItemId>
    </Item>
    <Item>
      <PriceUpdateDate>2015-01-01 00:00:00</PriceUpdateDate>
      <ItemCode>7290012404238</ItemCode>
      <ItemType>0</ItemType>
      <ItemName>שוופס ראשן 1.5 ליטר</ItemName>
      <ManufacturerName>יפאורה תבורי</ManufacturerName>
      <ManufactureCountry>לא ידוע</ManufactureCountry>
      <ManufacturerItemDescription>שוופס ראשן 1.5 ליטר</ManufacturerItemDescription>
      <UnitQty>ליטרים</UnitQty>
      <Quantity>1.50</Quantity>
      <UnitOfMeasure>ליטר    </UnitOfMeasure>
      <bIsWeighted>0</bIsWeighted>
      <QtyInPackage>1</QtyInPackage>
      <ItemPrice>7.90</ItemPrice>
      <UnitOfMeasurePrice>5.2667</UnitOfMeasurePrice>
      <AllowDiscount>1</AllowDiscount>
      <ItemStatus>1</ItemStatus>
      <ItemId>244908</ItemId>
    </Item>
    <Item>
      <PriceUpdateDate>2015-01-01 00:00:00</PriceUpdateDate>
      <ItemCode>311135</ItemCode>
      <ItemType>0</ItemType>
      <ItemName>עוגיות שוקו סטיקס</ItemName>
      <ManufacturerName>,</ManufacturerName>
      <ManufactureCountry>לא ידוע</ManufactureCountry>
      <ManufacturerItemDescription>עוגיות שוקו סטיקס 300 גרם</ManufacturerItemDescription>
      <UnitQty>גרמים</UnitQty>
      <Quantity>300.00</Quantity>
      <UnitOfMeasure>100 גרם</UnitOfMeasure>
      <bIsWeighted>0</bIsWeighted>
      <QtyInPackage>1</QtyInPackage>
      <ItemPrice>5.90</ItemPrice>
      <UnitOfMeasurePrice>1.9667</UnitOfMeasurePrice>
      <AllowDiscount>1</AllowDiscount>
      <ItemStatus>1</ItemStatus>
      <ItemId>222925</ItemId>
    </Item>
    <Item>
      <PriceUpdateDate>2015-01-01 00:00:00</PriceUpdateDate>
      <ItemCode>311180</ItemCode>
      <ItemType>0</ItemType>
      <ItemName>ופל ארוז 10 יח</ItemName>
      <ManufacturerName>,</ManufacturerName>
      <ManufactureCountry>לא ידוע</ManufactureCountry>
      <ManufacturerItemDescription>ופל ארוז 10 יח"</ManufacturerItemDescription>
      <UnitQty>גרמים</UnitQty>
      <Quantity>250.00</Quantity>
      <UnitOfMeasure>100 גרם</UnitOfMeasure>
      <bIsWeighted>0</bIsWeighted>
      <QtyInPackage>1</QtyInPackage>
      <ItemPrice>6.30</ItemPrice>
      <UnitOfMeasurePrice>2.5200</UnitOfMeasurePrice>
      <AllowDiscount>1</AllowDiscount>
      <ItemStatus>1</ItemStatus>
      <ItemId>222927</ItemId>
    </Item>
    <Item>
      <PriceUpdateDate>2015-01-01 00:00:00</PriceUpdateDate>
      <ItemCode>311203</ItemCode>
      <ItemType>0</ItemType>
      <ItemName>ופל מן בטעם שוקולד 2</ItemName>
      <ManufacturerName>,</ManufacturerName>
      <ManufactureCountry>לא ידוע</ManufactureCountry>
      <ManufacturerItemDescription>ופל מן בטעם שוקולד 200 גרם</ManufacturerItemDescription>
      <UnitQty>גרמים</UnitQty>
      <Quantity>200.00</Quantity>
      <UnitOfMeasure>100 גרם</UnitOfMeasure>
      <bIsWeighted>0</bIsWeighted>
      <QtyInPackage>1</QtyInPackage>
      <ItemPrice>3.50</ItemPrice>
      <UnitOfMeasurePrice>1.7500</UnitOfMeasurePrice>
      <AllowDiscount>1</AllowDiscount>
      <ItemStatus>1</ItemStatus>
      <ItemId>222928</ItemId>
    </Item>
    <Item>
      <PriceUpdateDate>2015-01-01 00:00:00</PriceUpdateDate>
      <ItemCode>2360124</ItemCode>
      <ItemType>0</ItemType>
      <ItemName>חליטת צמחים פומפדור</ItemName>
      <ManufacturerName>טייקנה</ManufacturerName>
      <ManufactureCountry>גרמניה</ManufactureCountry>
      <ManufacturerItemDescription>חליטת צמחים פומפדור ורד הבר והיבסקו</ManufacturerItemDescription>
      <UnitQty>גרמים</UnitQty>
      <Quantity>70.00</Quantity>
      <UnitOfMeasure>100 גרם</UnitOfMeasure>
      <bIsWeighted>0</bIsWeighted>
      <QtyInPackage>1</QtyInPackage>
      <ItemPrice>14.90</ItemPrice>
      <UnitOfMeasurePrice>21.2857</UnitOfMeasurePrice>
      <AllowDiscount>1</AllowDiscount>
      <ItemStatus>1</ItemStatus>
      <ItemId>248974</ItemId>
    </Item>
    <Item>
      <PriceUpdateDate>2015-01-01 00:00:00</PriceUpdateDate>
      <ItemCode>311357</ItemCode>
      <ItemType>0</ItemType>
      <ItemName>ופל טעם אגוז 10 יח</ItemName>
      <ManufacturerName>,</ManufacturerName>
      <ManufactureCountry>לא ידוע</ManufactureCountry>
      <ManufacturerItemDescription>ופל טעם אגוז 10 יח" - אגוזית</ManufacturerItemDescription>
      <UnitQty>גרמים</UnitQty>
      <Quantity>280.00</Quantity>
      <UnitOfMeasure>100 גרם</UnitOfMeasure>
      <bIsWeighted>0</bIsWeighted>
      <QtyInPackage>1</QtyInPackage>
      <ItemPrice>8.90</ItemPrice>
      <UnitOfMeasurePrice>3.1786</UnitOfMeasurePrice>
      <AllowDiscount>1</AllowDiscount>
      <ItemStatus>1</ItemStatus>
      <ItemId>222929</ItemId>
    </Item>
    <Item>
      <PriceUpdateDate>2015-01-01 00:00:00</PriceUpdateDate>
      <ItemCode>311425</ItemCode>
      <ItemType>0</ItemType>
      <ItemName>ופל מצופה כחול 10 יח</ItemName>
      <ManufacturerName>רוקחמן</ManufacturerName>
      <ManufactureCountry>ישראל</ManufactureCountry>
      <ManufacturerItemDescription>ופל מצופה כחול 10 יח</ManufacturerItemDescription>
      <UnitQty>גרמים</UnitQty>
      <Quantity>220.00</Quantity>
      <UnitOfMeasure>100 גרם</UnitOfMeasure>
      <bIsWeighted>0</bIsWeighted>
      <QtyInPackage>1</QtyInPackage>
      <ItemPrice>6.30</ItemPrice>
      <UnitOfMeasurePrice>2.8636</UnitOfMeasurePrice>
      <AllowDiscount>1</AllowDiscount>
      <ItemStatus>1</ItemStatus>
      <ItemId>222931</ItemId>
    </Item>
    <Item>
      <PriceUpdateDate>2015-01-01 00:00:00</PriceUpdateDate>
      <ItemCode>311500</ItemCode>
      <ItemType>0</ItemType>
      <ItemName>ופל בטעם שוקולד 500</ItemName>
      <ManufacturerName>,</ManufacturerName>
      <ManufactureCountry>לא ידוע</ManufactureCountry>
      <ManufacturerItemDescription>ופל בטעם שוקולד 500 גרם</ManufacturerItemDescription>
      <UnitQty>גרמים</UnitQty>
      <Quantity>500.00</Quantity>
      <UnitOfMeasure>100 גרם</UnitOfMeasure>
      <bIsWeighted>0</bIsWeighted>
      <QtyInPackage>1</QtyInPackage>
      <ItemPrice>7.90</ItemPrice>
      <UnitOfMeasurePrice>1.5800</UnitOfMeasurePrice>
      <AllowDiscount>1</AllowDiscount>
      <ItemStatus>1</ItemStatus>
      <ItemId>222932</ItemId>
    </Item>
    <Item>
      <PriceUpdateDate>2015-01-01 00:00:00</PriceUpdateDate>
      <ItemCode>311722</ItemCode>
      <ItemType>0</ItemType>
      <ItemName>עוגיות עם כוכבים 300</ItemName>
      <ManufacturerName>,</ManufacturerName>
      <ManufactureCountry>לא ידוע</ManufactureCountry>
      <ManufacturerItemDescription>עוגיות עם כוכבים 300 גרם</ManufacturerItemDescription>
      <UnitQty>גרמים</UnitQty>
      <Quantity>300.00</Quantity>
      <UnitOfMeasure>100 גרם</UnitOfMeasure>
      <bIsWeighted>0</bIsWeighted>
      <QtyInPackage>1</QtyInPackage>
      <ItemPrice>5.90</ItemPrice>
      <UnitOfMeasurePrice>1.9667</UnitOfMeasurePrice>
      <AllowDiscount>1</AllowDiscount>
      <ItemStatus>1</ItemStatus>
      <ItemId>222936</ItemId>
    </Item>
    <Item>
      <PriceUpdateDate>2015-01-01 00:00:00</PriceUpdateDate>
      <ItemCode>3119110</ItemCode>
      <ItemType>0</ItemType>
      <ItemName>קוקה קולה 1.5 שישייה</ItemName>
      <ManufacturerName>קוקה קולה</ManufacturerName>
      <ManufactureCountry>לא ידוע</ManufactureCountry>
      <ManufacturerItemDescription>קוקה קולה 1.5 שישייה</ManufacturerItemDescription>
      <UnitQty>ליטרים</UnitQty>
      <Quantity>9.00</Quantity>
      <UnitOfMeasure>ליטר    </UnitOfMeasure>
      <bIsWeighted>0</bIsWeighted>
      <QtyInPackage>1</QtyInPackage>
      <ItemPrice>33.90</ItemPrice>
      <UnitOfMeasurePrice>3.7667</UnitOfMeasurePrice>
      <AllowDiscount>1</AllowDiscount>
      <ItemStatus>1</ItemStatus>
      <ItemId>222939</ItemId>
    </Item>
    <Item>
      <PriceUpdateDate>2015-01-01 00:00:00</PriceUpdateDate>
      <ItemCode>3119165</ItemCode>
      <ItemType>0</ItemType>
      <ItemName>קוקה קולה דיאט 1.5 ל</ItemName>
      <ManufacturerName>קוקה קולה</ManufacturerName>
      <ManufactureCountry>לא ידוע</ManufactureCountry>
      <ManufacturerItemDescription>קוקה קולה דיאט 1.5 ל שישיה</ManufacturerItemDescription>
      <UnitQty>ליטרים</UnitQty>
      <Quantity>9.00</Quantity>
      <UnitOfMeasure>ליטר    </UnitOfMeasure>
      <bIsWeighted>0</bIsWeighted>
      <QtyInPackage>1</QtyInPackage>
      <ItemPrice>35.90</ItemPrice>
      <UnitOfMeasurePrice>3.9889</UnitOfMeasurePrice>
      <AllowDiscount>1</AllowDiscount>
      <ItemStatus>1</ItemStatus>
      <ItemId>222941</ItemId>
    </Item>
    <Item>
      <PriceUpdateDate>2015-01-01 00:00:00</PriceUpdateDate>
      <ItemCode>311975</ItemCode>
      <ItemType>0</ItemType>
      <ItemName>ופל מן 200 ג חמישיה</ItemName>
      <ManufacturerName>,</ManufacturerName>
      <ManufactureCountry>לא ידוע</ManufactureCountry>
      <ManufacturerItemDescription>ופל מן 200 ג חמישיה</ManufacturerItemDescription>
      <UnitQty>קילוגרמים</UnitQty>
      <Quantity>1.00</Quantity>
      <UnitOfMeasure>ק"ג     </UnitOfMeasure>
      <bIsWeighted>0</bIsWeighted>
      <QtyInPackage>1</QtyInPackage>
      <ItemPrice>16.90</ItemPrice>
      <UnitOfMeasurePrice>16.9000</UnitOfMeasurePrice>
      <AllowDiscount>1</AllowDiscount>
      <ItemStatus>1</ItemStatus>
      <ItemId>222945</ItemId>
    </Item>
    <Item>
      <PriceUpdateDate>2015-01-01 00:00:00</PriceUpdateDate>
      <ItemCode>5410126726947</ItemCode>
      <ItemType>0</ItemType>
      <ItemName>ממרח עוגיות לוטוס קר</ItemName>
      <ManufacturerName>לוטוס</ManufacturerName>
      <ManufactureCountry>לא ידוע</ManufactureCountry>
      <ManufacturerItemDescription>ממרח עוגיות לוטוס קראנץ 380 גרם</ManufacturerItemDescription>
      <UnitQty>גרמים</UnitQty>
      <Quantity>380.00</Quantity>
      <UnitOfMeasure>100 גרם</UnitOfMeasure>
      <bIsWeighted>0</bIsWeighted>
      <QtyInPackage>1</QtyInPackage>
      <ItemPrice>19.90</ItemPrice>
      <UnitOfMeasurePrice>5.2368</UnitOfMeasurePrice>
      <AllowDiscount>1</AllowDiscount>
      <ItemStatus>1</ItemStatus>
      <ItemId>251792</ItemId>
    </Item>
    <Item>
      <PriceUpdateDate>2015-01-01 00:00:00</PriceUpdateDate>
      <ItemCode>3130184</ItemCode>
      <ItemType>0</ItemType>
      <ItemName>פיניש מלח למדיח זוג</ItemName>
      <ManufacturerName>רקיט בנקיזר</ManufacturerName>
      <ManufactureCountry>ישראל</ManufactureCountry>
      <ManufacturerItemDescription>פיניש מלח למדיח זוג</ManufacturerItemDescription>
      <UnitQty>קילוגרמים</UnitQty>
      <Quantity>4.00</Quantity>
      <UnitOfMeasure>ק"ג     </UnitOfMeasure>
      <bIsWeighted>0</bIsWeighted>
      <QtyInPackage>2</QtyInPackage>
      <ItemPrice>21.90</ItemPrice>
      <UnitOfMeasurePrice>5.4750</UnitOfMeasurePrice>
      <AllowDiscount>1</AllowDiscount>
      <ItemStatus>1</ItemStatus>
      <ItemId>222954</ItemId>
    </Item>
    <Item>
      <PriceUpdateDate>2015-01-01 00:00:00</PriceUpdateDate>
      <ItemCode>3130344</ItemCode>
      <ItemType>0</ItemType>
      <ItemName>קלינדה חול לניקוי 3*</ItemName>
      <ManufacturerName>RB פולין</ManufacturerName>
      <ManufactureCountry>פולין</ManufactureCountry>
      <ManufacturerItemDescription>קלינדה חול לניקוי 3*750גרם</ManufacturerItemDescription>
      <UnitQty>קילוגרמים</UnitQty>
      <Quantity>2.25</Quantity>
      <UnitOfMeasure>ק"ג     </UnitOfMeasure>
      <bIsWeighted>0</bIsWeighted>
      <QtyInPackage>1</QtyInPackage>
      <ItemPrice>17.90</ItemPrice>
      <UnitOfMeasurePrice>7.9556</UnitOfMeasurePrice>
      <AllowDiscount>1</AllowDiscount>
      <ItemStatus>1</ItemStatus>
      <ItemId>222955</ItemId>
    </Item>
    <Item>
      <PriceUpdateDate>2015-01-01 00:00:00</PriceUpdateDate>
      <ItemCode>3141593</ItemCode>
      <ItemType>0</ItemType>
      <ItemName>מנטוס BOX מנטה 3יח</ItemName>
      <ManufacturerName>,</ManufacturerName>
      <ManufactureCountry>לא ידוע</ManufactureCountry>
      <ManufacturerItemDescription>מנטוס BOX מנטה 3יח</ManufacturerItemDescription>
      <UnitQty>גרמים</UnitQty>
      <Quantity>192.00</Quantity>
      <UnitOfMeasure>100 גרם</UnitOfMeasure>
      <bIsWeighted>0</bIsWeighted>
      <QtyInPackage>1</QtyInPackage>
      <ItemPrice>15.90</ItemPrice>
      <UnitOfMeasurePrice>8.2813</UnitOfMeasurePrice>
      <AllowDiscount>1</AllowDiscount>
      <ItemStatus>1</ItemStatus>
      <ItemId>222962</ItemId>
    </Item>
    <Item>
      <PriceUpdateDate>2016-05-19 08:12:41</PriceUpdateDate>
      <ItemCode>9003154</ItemCode>
      <ItemType>0</ItemType>
      <ItemName>אבטיח</ItemName>
      <ManufacturerName>,</ManufacturerName>
      <ManufactureCountry>לא ידוע</ManufactureCountry>
      <ManufacturerItemDescription>אבטיח</ManufacturerItemDescription>
      <UnitQty>קילוגרמים</UnitQty>
      <Quantity>1.00</Quantity>
      <UnitOfMeasure>ק"ג</UnitOfMeasure>
      <bIsWeighted>1</bIsWeighted>
      <QtyInPackage>לא ידוע</QtyInPackage>
      <ItemPrice>2.90</ItemPrice>
      <UnitOfMeasurePrice>2.9000</UnitOfMeasurePrice>
      <AllowDiscount>1</AllowDiscount>
      <ItemStatus>1</ItemStatus>
      <ItemId>222964</ItemId>
    </Item>
    <Item>
      <PriceUpdateDate>2015-01-01 00:00:00</PriceUpdateDate>
      <ItemCode>315195</ItemCode>
      <ItemType>0</ItemType>
      <ItemName>מיוקל 5% משמן קנולה</ItemName>
      <ManufacturerName>,</ManufacturerName>
      <ManufactureCountry>לא ידוע</ManufactureCountry>
      <ManufacturerItemDescription>מיוקל 5% משמן קנולה 500 גרם</ManufacturerItemDescription>
      <UnitQty>גרמים</UnitQty>
      <Quantity>500.00</Quantity>
      <UnitOfMeasure>100 גרם</UnitOfMeasure>
      <bIsWeighted>0</bIsWeighted>
      <QtyInPackage>1</QtyInPackage>
      <ItemPrice>14.90</ItemPrice>
      <UnitOfMeasurePrice>2.9800</UnitOfMeasurePrice>
      <AllowDiscount>1</AllowDiscount>
      <ItemStatus>1</ItemStatus>
      <ItemId>222966</ItemId>
    </Item>
    <Item>
      <PriceUpdateDate>2015-01-01 00:00:00</PriceUpdateDate>
      <ItemCode>315362</ItemCode>
      <ItemType>0</ItemType>
      <ItemName>קורנפלקס ללא גלוטן 5</ItemName>
      <ManufacturerName>,</ManufacturerName>
      <ManufactureCountry>לא ידוע</ManufactureCountry>
      <ManufacturerItemDescription>קורנפלקס ללא גלוטן 500 גרם</ManufacturerItemDescription>
      <UnitQty>גרמים</UnitQty>
      <Quantity>500.00</Quantity>
      <UnitOfMeasure>100 גרם</UnitOfMeasure>
      <bIsWeighted>0</bIsWeighted>
      <QtyInPackage>1</QtyInPackage>
      <ItemPrice>15.90</ItemPrice>
      <UnitOfMeasurePrice>3.1800</UnitOfMeasurePrice>
      <AllowDiscount>1</AllowDiscount>
      <ItemStatus>1</ItemStatus>
      <ItemId>222967</ItemId>
    </Item>
    <Item>
      <PriceUpdateDate>2015-01-01 00:00:00</PriceUpdateDate>
      <ItemCode>316444</ItemCode>
      <ItemType>0</ItemType>
      <ItemName>ברנפלקס ללא סוכר 500</ItemName>
      <ManufacturerName>יוניליוור</ManufacturerName>
      <ManufactureCountry>ישראל</ManufactureCountry>
      <ManufacturerItemDescription>ברנפלקס ללא סוכר 500 גרם</ManufacturerItemDescription>
      <UnitQty>גרמים</UnitQty>
      <Quantity>500.00</Quantity>
      <UnitOfMeasure>100 גרם</UnitOfMeasure>
      <bIsWeighted>0</bIsWeighted>
      <QtyInPackage>1</QtyInPackage>
      <ItemPrice>21.90</ItemPrice>
      <UnitOfMeasurePrice>4.3800</UnitOfMeasurePrice>
      <AllowDiscount>1</AllowDiscount>
      <ItemStatus>1</ItemStatus>
      <ItemId>222971</ItemId>
    </Item>
    <Item>
      <PriceUpdateDate>2016-05-19 08:12:48</PriceUpdateDate>
      <ItemCode>9003185</ItemCode>
      <ItemType>0</ItemType>
      <ItemName>אבטיח אישי</ItemName>
      <ManufacturerName>,</ManufacturerName>
      <ManufactureCountry>לא ידוע</ManufactureCountry>
      <ManufacturerItemDescription>אבטיח אישי</ManufacturerItemDescription>
      <UnitQty>קילוגרמים</UnitQty>
      <Quantity>1.00</Quantity>
      <UnitOfMeasure>ק"ג</UnitOfMeasure>
      <bIsWeighted>1</bIsWeighted>
      <QtyInPackage>לא ידוע</QtyInPackage>
      <ItemPrice>2.90</ItemPrice>
      <UnitOfMeasurePrice>2.9000</UnitOfMeasurePrice>
      <AllowDiscount>1</AllowDiscount>
      <ItemStatus>1</ItemStatus>
      <ItemId>222979</ItemId>
    </Item>
    <Item>
      <PriceUpdateDate>2015-01-01 00:00:00</PriceUpdateDate>
      <ItemCode>152288</ItemCode>
      <ItemType>0</ItemType>
      <ItemName>נקניקיות עוף 400 גרם</ItemName>
      <ManufacturerName>עוף טוב</ManufacturerName>
      <ManufactureCountry>ישראל</ManufactureCountry>
      <ManufacturerItemDescription>נקניקיות עוף 400 גרם  עוף טוב מהדרין</ManufacturerItemDescription>
      <UnitQty>גרמים</UnitQty>
      <Quantity>400.00</Quantity>
      <UnitOfMeasure>100 גרם</UnitOfMeasure>
      <bIsWeighted>0</bIsWeighted>
      <QtyInPackage>1</QtyInPackage>
      <ItemPrice>11.90</ItemPrice>
      <UnitOfMeasurePrice>2.9750</UnitOfMeasurePrice>
      <AllowDiscount>1</AllowDiscount>
      <ItemStatus>1</ItemStatus>
      <ItemId>253344</ItemId>
    </Item>
    <Item>
      <PriceUpdateDate>2015-01-01 00:00:00</PriceUpdateDate>
      <ItemCode>7290013080141</ItemCode>
      <ItemType>0</ItemType>
      <ItemName>חטיף באגסי בצל/גריל/</ItemName>
      <ManufacturerName>א מ חטיפי העמק בעמ</ManufacturerName>
      <ManufactureCountry>לא ידוע</ManufactureCountry>
      <ManufacturerItemDescription>חטיף באגסי בצל/גריל/ברביקיו 900 גרם</ManufacturerItemDescription>
      <UnitQty>גרמים</UnitQty>
      <Quantity>900.00</Quantity>
      <UnitOfMeasure>100 גרם</UnitOfMeasure>
      <bIsWeighted>0</bIsWeighted>
      <QtyInPackage>1</QtyInPackage>
      <ItemPrice>9.90</ItemPrice>
      <UnitOfMeasurePrice>1.1000</UnitOfMeasurePrice>
      <AllowDiscount>1</AllowDiscount>
      <ItemStatus>1</ItemStatus>
      <ItemId>250691</ItemId>
    </Item>
    <Item>
      <PriceUpdateDate>2015-01-01 00:00:00</PriceUpdateDate>
      <ItemCode>3203086</ItemCode>
      <ItemType>0</ItemType>
      <ItemName>גרון הודיות במגש בק"</ItemName>
      <ManufacturerName>מ ב גלאט עוף למהדרין</ManufacturerName>
      <ManufactureCountry>ישראל</ManufactureCountry>
      <ManufacturerItemDescription>גרון הודיות במגש בקג</ManufacturerItemDescription>
      <UnitQty>קילוגרמים</UnitQty>
      <Quantity>1.00</Quantity>
      <UnitOfMeasure>ק"ג</UnitOfMeasure>
      <bIsWeighted>1</bIsWeighted>
      <QtyInPackage>1</QtyInPackage>
      <ItemPrice>33.90</ItemPrice>
      <UnitOfMeasurePrice>33.9000</UnitOfMeasurePrice>
      <AllowDiscount>1</AllowDiscount>
      <ItemStatus>1</ItemStatus>
      <ItemId>222985</ItemId>
    </Item>
    <Item>
      <PriceUpdateDate>2015-04-30 15:00:55</PriceUpdateDate>
      <ItemCode>6664358</ItemCode>
      <ItemType>0</ItemType>
      <ItemName>דנונה דיאט רום צימוק</ItemName>
      <ManufacturerName>שטראוס</ManufacturerName>
      <ManufactureCountry>ישראל</ManufactureCountry>
      <ManufacturerItemDescription>דנונה דיאט רום צימוק 150 מל</ManufacturerItemDescription>
      <UnitQty>מיליליטרים</UnitQty>
      <Quantity>150.00</Quantity>
      <UnitOfMeasure>100 מ"ל</UnitOfMeasure>
      <bIsWeighted>0</bIsWeighted>
      <QtyInPackage>1</QtyInPackage>
      <ItemPrice>4.50</ItemPrice>
      <UnitOfMeasurePrice>3.0000</UnitOfMeasurePrice>
      <AllowDiscount>1</AllowDiscount>
      <ItemStatus>1</ItemStatus>
      <ItemId>255345</ItemId>
    </Item>
    <Item>
      <PriceUpdateDate>2015-01-01 00:00:00</PriceUpdateDate>
      <ItemCode>3222100</ItemCode>
      <ItemType>0</ItemType>
      <ItemName>פיתות 25 יח</ItemName>
      <ManufacturerName>מאפית מכבים</ManufacturerName>
      <ManufactureCountry>ישראל</ManufactureCountry>
      <ManufacturerItemDescription>פיתות 25 יח</ManufacturerItemDescription>
      <UnitQty>Unknown </UnitQty>
      <Quantity>0.00</Quantity>
      <UnitOfMeasure>Unknown </UnitOfMeasure>
      <bIsWeighted>0</bIsWeighted>
      <QtyInPackage>1</QtyInPackage>
      <ItemPrice>12.90</ItemPrice>
      <UnitOfMeasurePrice>0.0000</UnitOfMeasurePrice>
      <AllowDiscount>1</AllowDiscount>
      <ItemStatus>1</ItemStatus>
      <ItemId>222990</ItemId>
    </Item>
    <Item>
      <PriceUpdateDate>2015-01-01 00:00:00</PriceUpdateDate>
      <ItemCode>3222568</ItemCode>
      <ItemType>0</ItemType>
      <ItemName>פיתות 5 יחידות 600 ג</ItemName>
      <ManufacturerName>,</ManufacturerName>
      <ManufactureCountry>לא ידוע</ManufactureCountry>
      <ManufacturerItemDescription>פיתות 5 יחידות 600 גרם</ManufacturerItemDescription>
      <UnitQty>גרמים</UnitQty>
      <Quantity>500.00</Quantity>
      <UnitOfMeasure>100 גרם</UnitOfMeasure>
      <bIsWeighted>0</bIsWeighted>
      <QtyInPackage>1</QtyInPackage>
      <ItemPrice>4.90</ItemPrice>
      <UnitOfMeasurePrice>0.9800</UnitOfMeasurePrice>
      <AllowDiscount>1</AllowDiscount>
      <ItemStatus>1</ItemStatus>
      <ItemId>222991</ItemId>
    </Item>
    <Item>
      <PriceUpdateDate>2015-01-01 00:00:00</PriceUpdateDate>
      <ItemCode>2360278</ItemCode>
      <ItemType>0</ItemType>
      <ItemName>חליטת צמחים פומפדור</ItemName>
      <ManufacturerName>טייקנה</ManufacturerName>
      <ManufactureCountry>גרמניה</ManufactureCountry>
      <ManufacturerItemDescription>חליטת צמחים פומפדור מנטה 45 גרם</ManufacturerItemDescription>
      <UnitQty>גרמים</UnitQty>
      <Quantity>45.00</Quantity>
      <UnitOfMeasure>100 גרם</UnitOfMeasure>
      <bIsWeighted>0</bIsWeighted>
      <QtyInPackage>1</QtyInPackage>
      <ItemPrice>14.90</ItemPrice>
      <UnitOfMeasurePrice>33.1111</UnitOfMeasurePrice>
      <AllowDiscount>1</AllowDiscount>
      <ItemStatus>1</ItemStatus>
      <ItemId>248975</ItemId>
    </Item>
    <Item>
      <PriceUpdateDate>2015-05-19 15:20:42</PriceUpdateDate>
      <ItemCode>9003246</ItemCode>
      <ItemType>0</ItemType>
      <ItemName>פטריות מילוי תפזורת</ItemName>
      <ManufacturerName>,</ManufacturerName>
      <ManufactureCountry>לא ידוע</ManufactureCountry>
      <ManufacturerItemDescription>פטריות מילוי תפזורת</ManufacturerItemDescription>
      <UnitQty>קילוגרמים</UnitQty>
      <Quantity>1.00</Quantity>
      <UnitOfMeasure>ק"ג</UnitOfMeasure>
      <bIsWeighted>1</bIsWeighted>
      <QtyInPackage>לא ידוע</QtyInPackage>
      <ItemPrice>34.90</ItemPrice>
      <UnitOfMeasurePrice>34.9000</UnitOfMeasurePrice>
      <AllowDiscount>1</AllowDiscount>
      <ItemStatus>1</ItemStatus>
      <ItemId>223004</ItemId>
    </Item>
    <Item>
      <PriceUpdateDate>2015-01-01 00:00:00</PriceUpdateDate>
      <ItemCode>327372</ItemCode>
      <ItemType>0</ItemType>
      <ItemName>גאמפ אשכוליות דיאט</ItemName>
      <ManufacturerName>טמפו</ManufacturerName>
      <ManufactureCountry>לא ידוע</ManufactureCountry>
      <ManufacturerItemDescription>גאמפ אשכוליות דיאט 1.5 ליטר</ManufacturerItemDescription>
      <UnitQty>ליטרים</UnitQty>
      <Quantity>1.50</Quantity>
      <UnitOfMeasure>ליטר    </UnitOfMeasure>
      <bIsWeighted>0</bIsWeighted>
      <QtyInPackage>1</QtyInPackage>
      <ItemPrice>5.40</ItemPrice>
      <UnitOfMeasurePrice>3.6000</UnitOfMeasurePrice>
      <AllowDiscount>1</AllowDiscount>
      <ItemStatus>1</ItemStatus>
      <ItemId>223010</ItemId>
    </Item>
    <Item>
      <PriceUpdateDate>2015-01-01 00:00:00</PriceUpdateDate>
      <ItemCode>327532</ItemCode>
      <ItemType>0</ItemType>
      <ItemName>פפסי קולה שישיה * 1.</ItemName>
      <ManufacturerName>טמפו</ManufacturerName>
      <ManufactureCountry>לא ידוע</ManufactureCountry>
      <ManufacturerItemDescription>פפסי קולה 1.5 ליטר שישייה</ManufacturerItemDescription>
      <UnitQty>ליטרים</UnitQty>
      <Quantity>9.00</Quantity>
      <UnitOfMeasure>ליטר    </UnitOfMeasure>
      <bIsWeighted>0</bIsWeighted>
      <QtyInPackage>1</QtyInPackage>
      <ItemPrice>18.90</ItemPrice>
      <UnitOfMeasurePrice>2.1000</UnitOfMeasurePrice>
      <AllowDiscount>1</AllowDiscount>
      <ItemStatus>1</ItemStatus>
      <ItemId>223012</ItemId>
    </Item>
    <Item>
      <PriceUpdateDate>2015-01-01 00:00:00</PriceUpdateDate>
      <ItemCode>327624</ItemCode>
      <ItemType>0</ItemType>
      <ItemName>טמפו סודה 1.5 ליטר</ItemName>
      <ManufacturerName>טמפו</ManufacturerName>
      <ManufactureCountry>לא ידוע</ManufactureCountry>
      <ManufacturerItemDescription>טמפו סודה 1.5 ליטר</ManufacturerItemDescription>
      <UnitQty>ליטרים</UnitQty>
      <Quantity>1.50</Quantity>
      <UnitOfMeasure>ליטר    </UnitOfMeasure>
      <bIsWeighted>0</bIsWeighted>
      <QtyInPackage>1</QtyInPackage>
      <ItemPrice>2.80</ItemPrice>
      <UnitOfMeasurePrice>1.8667</UnitOfMeasurePrice>
      <AllowDiscount>1</AllowDiscount>
      <ItemStatus>1</ItemStatus>
      <ItemId>223013</ItemId>
    </Item>
    <Item>
      <PriceUpdateDate>2016-02-07 15:19:11</PriceUpdateDate>
      <ItemCode>32973000015</ItemCode>
      <ItemType>0</ItemType>
      <ItemName>גפילטע וייטפיש איי &amp;</ItemName>
      <ManufacturerName>,</ManufacturerName>
      <ManufactureCountry>לא ידוע</ManufactureCountry>
      <ManufacturerItemDescription>גפילטע וייטפיש איי &amp; בי 624 גרם</ManufacturerItemDescription>
      <UnitQty>גרמים</UnitQty>
      <Quantity>640.00</Quantity>
      <UnitOfMeasure>100 גרם</UnitOfMeasure>
      <bIsWeighted>0</bIsWeighted>
      <QtyInPackage>1</QtyInPackage>
      <ItemPrice>37.90</ItemPrice>
      <UnitOfMeasurePrice>5.9219</UnitOfMeasurePrice>
      <AllowDiscount>1</AllowDiscount>
      <ItemStatus>1</ItemStatus>
      <ItemId>223019</ItemId>
    </Item>
    <Item>
      <PriceUpdateDate>2015-01-01 00:00:00</PriceUpdateDate>
      <ItemCode>3331444</ItemCode>
      <ItemType>0</ItemType>
      <ItemName>מפות ניילון  18 יח</ItemName>
      <ManufacturerName>,</ManufacturerName>
      <ManufactureCountry>לא ידוע</ManufactureCountry>
      <ManufacturerItemDescription>מפות ניילון  18 יח"</ManufacturerItemDescription>
      <UnitQty>Unknown </UnitQty>
      <Quantity>0.00</Quantity>
      <UnitOfMeasure>Unknown </UnitOfMeasure>
      <bIsWeighted>0</bIsWeighted>
      <QtyInPackage>1</QtyInPackage>
      <ItemPrice>16.90</ItemPrice>
      <UnitOfMeasurePrice>0.0000</UnitOfMeasurePrice>
      <AllowDiscount>1</AllowDiscount>
      <ItemStatus>1</ItemStatus>
      <ItemId>223028</ItemId>
    </Item>
    <Item>
      <PriceUpdateDate>2015-01-01 00:00:00</PriceUpdateDate>
      <ItemCode>3331611</ItemCode>
      <ItemType>0</ItemType>
      <ItemName>מפות ניילון 22 יח</ItemName>
      <ManufacturerName>,</ManufacturerName>
      <ManufactureCountry>לא ידוע</ManufactureCountry>
      <ManufacturerItemDescription>מפות ניילון 22 יח"</ManufacturerItemDescription>
      <UnitQty>Unknown </UnitQty>
      <Quantity>0.00</Quantity>
      <UnitOfMeasure>Unknown </UnitOfMeasure>
      <bIsWeighted>0</bIsWeighted>
      <QtyInPackage>1</QtyInPackage>
      <ItemPrice>16.90</ItemPrice>
      <UnitOfMeasurePrice>0.0000</UnitOfMeasurePrice>
      <AllowDiscount>1</AllowDiscount>
      <ItemStatus>1</ItemStatus>
      <ItemId>223033</ItemId>
    </Item>
    <Item>
      <PriceUpdateDate>2015-12-24 12:46:18</PriceUpdateDate>
      <ItemCode>334400</ItemCode>
      <ItemType>0</ItemType>
      <ItemName>שניצל מן הצומח 750 ג</ItemName>
      <ManufacturerName>תפוגן</ManufacturerName>
      <ManufactureCountry>לא ידוע</ManufactureCountry>
      <ManufacturerItemDescription>שניצל מן הצומח 750 גרם</ManufacturerItemDescription>
      <UnitQty>גרמים</UnitQty>
      <Quantity>750.00</Quantity>
      <UnitOfMeasure>100 גרם</UnitOfMeasure>
      <bIsWeighted>0</bIsWeighted>
      <QtyInPackage>1</QtyInPackage>
      <ItemPrice>15.90</ItemPrice>
      <UnitOfMeasurePrice>2.1200</UnitOfMeasurePrice>
      <AllowDiscount>1</AllowDiscount>
      <ItemStatus>1</ItemStatus>
      <ItemId>223037</ItemId>
    </Item>
    <Item>
      <PriceUpdateDate>2015-12-24 12:46:18</PriceUpdateDate>
      <ItemCode>334424</ItemCode>
      <ItemType>0</ItemType>
      <ItemName>שניצל ירקות 750 גרם</ItemName>
      <ManufacturerName>,</ManufacturerName>
      <ManufactureCountry>לא ידוע</ManufactureCountry>
      <ManufacturerItemDescription>שניצל ירקות 750 גרם</ManufacturerItemDescription>
      <UnitQty>גרמים</UnitQty>
      <Quantity>750.00</Quantity>
      <UnitOfMeasure>100 גרם</UnitOfMeasure>
      <bIsWeighted>0</bIsWeighted>
      <QtyInPackage>1</QtyInPackage>
      <ItemPrice>15.90</ItemPrice>
      <UnitOfMeasurePrice>2.1200</UnitOfMeasurePrice>
      <AllowDiscount>1</AllowDiscount>
      <ItemStatus>1</ItemStatus>
      <ItemId>223038</ItemId>
    </Item>
    <Item>
      <PriceUpdateDate>2015-12-24 12:46:18</PriceUpdateDate>
      <ItemCode>334431</ItemCode>
      <ItemType>0</ItemType>
      <ItemName>שניצל תירס 750 גרם</ItemName>
      <ManufacturerName>תפוגן</ManufacturerName>
      <ManufactureCountry>לא ידוע</ManufactureCountry>
      <ManufacturerItemDescription>שניצל תירס 750 גרם</ManufacturerItemDescription>
      <UnitQty>גרמים</UnitQty>
      <Quantity>750.00</Quantity>
      <UnitOfMeasure>100 גרם</UnitOfMeasure>
      <bIsWeighted>0</bIsWeighted>
      <QtyInPackage>1</QtyInPackage>
      <ItemPrice>15.90</ItemPrice>
      <UnitOfMeasurePrice>2.1200</UnitOfMeasurePrice>
      <AllowDiscount>1</AllowDiscount>
      <ItemStatus>1</ItemStatus>
      <ItemId>223039</ItemId>
    </Item>
    <Item>
      <PriceUpdateDate>2015-01-01 00:00:00</PriceUpdateDate>
      <ItemCode>334554</ItemCode>
      <ItemType>0</ItemType>
      <ItemName>חטיפי תירס 600 גרם</ItemName>
      <ManufacturerName>תפוגן</ManufacturerName>
      <ManufactureCountry>לא ידוע</ManufactureCountry>
      <ManufacturerItemDescription>חטיפי תירס 600 גרם</ManufacturerItemDescription>
      <UnitQty>גרמים</UnitQty>
      <Quantity>600.00</Quantity>
      <UnitOfMeasure>100 גרם</UnitOfMeasure>
      <bIsWeighted>0</bIsWeighted>
      <QtyInPackage>1</QtyInPackage>
      <ItemPrice>15.90</ItemPrice>
      <UnitOfMeasurePrice>2.6500</UnitOfMeasurePrice>
      <AllowDiscount>1</AllowDiscount>
      <ItemStatus>1</ItemStatus>
      <ItemId>223040</ItemId>
    </Item>
    <Item>
      <PriceUpdateDate>2015-01-01 00:00:00</PriceUpdateDate>
      <ItemCode>339191</ItemCode>
      <ItemType>0</ItemType>
      <ItemName>רן אבקת הלבנה 350 גר</ItemName>
      <ManufacturerName>זוהר דליה</ManufacturerName>
      <ManufactureCountry>ישראל</ManufactureCountry>
      <ManufacturerItemDescription>רן אבקת הלבנה 350 גרם</ManufacturerItemDescription>
      <UnitQty>גרמים</UnitQty>
      <Quantity>350.00</Quantity>
      <UnitOfMeasure>100 גרם</UnitOfMeasure>
      <bIsWeighted>0</bIsWeighted>
      <QtyInPackage>1</QtyInPackage>
      <ItemPrice>16.90</ItemPrice>
      <UnitOfMeasurePrice>4.8286</UnitOfMeasurePrice>
      <AllowDiscount>1</AllowDiscount>
      <ItemStatus>1</ItemStatus>
      <ItemId>223043</ItemId>
    </Item>
    <Item>
      <PriceUpdateDate>2015-01-01 00:00:00</PriceUpdateDate>
      <ItemCode>339566</ItemCode>
      <ItemType>0</ItemType>
      <ItemName>מרכך כביסה בדין ורוד</ItemName>
      <ManufacturerName>,</ManufacturerName>
      <ManufactureCountry>לא ידוע</ManufactureCountry>
      <ManufacturerItemDescription>מ.כביסה בדין ורוד 4 ליטר</ManufacturerItemDescription>
      <UnitQty>ליטרים</UnitQty>
      <Quantity>4.00</Quantity>
      <UnitOfMeasure>ליטר    </UnitOfMeasure>
      <bIsWeighted>0</bIsWeighted>
      <QtyInPackage>1</QtyInPackage>
      <ItemPrice>16.90</ItemPrice>
      <UnitOfMeasurePrice>4.2250</UnitOfMeasurePrice>
      <AllowDiscount>1</AllowDiscount>
      <ItemStatus>1</ItemStatus>
      <ItemId>223044</ItemId>
    </Item>
    <Item>
      <PriceUpdateDate>2015-01-01 00:00:00</PriceUpdateDate>
      <ItemCode>339849</ItemCode>
      <ItemType>0</ItemType>
      <ItemName>משחת כלים קלין דלי ס</ItemName>
      <ManufacturerName>,</ManufacturerName>
      <ManufactureCountry>לא ידוע</ManufactureCountry>
      <ManufacturerItemDescription>משחת כלים קלין דלי סמדר 3.5 ק"ג</ManufacturerItemDescription>
      <UnitQty>קילוגרמים</UnitQty>
      <Quantity>3.50</Quantity>
      <UnitOfMeasure>ק"ג     </UnitOfMeasure>
      <bIsWeighted>0</bIsWeighted>
      <QtyInPackage>1</QtyInPackage>
      <ItemPrice>24.90</ItemPrice>
      <UnitOfMeasurePrice>7.1143</UnitOfMeasurePrice>
      <AllowDiscount>1</AllowDiscount>
      <ItemStatus>1</ItemStatus>
      <ItemId>223045</ItemId>
    </Item>
    <Item>
      <PriceUpdateDate>2015-01-01 00:00:00</PriceUpdateDate>
      <ItemCode>339887</ItemCode>
      <ItemType>0</ItemType>
      <ItemName>משחת כלים קלין דלי ל</ItemName>
      <ManufacturerName>יוניליוור</ManufacturerName>
      <ManufactureCountry>ישראל</ManufactureCountry>
      <ManufacturerItemDescription>משחת כלים קלין דלי לימון 3.5 קג</ManufacturerItemDescription>
      <UnitQty>קילוגרמים</UnitQty>
      <Quantity>3.50</Quantity>
      <UnitOfMeasure>ק"ג     </UnitOfMeasure>
      <bIsWeighted>0</bIsWeighted>
      <QtyInPackage>1</QtyInPackage>
      <ItemPrice>24.90</ItemPrice>
      <UnitOfMeasurePrice>7.1143</UnitOfMeasurePrice>
      <AllowDiscount>1</AllowDiscount>
      <ItemStatus>1</ItemStatus>
      <ItemId>223046</ItemId>
    </Item>
    <Item>
      <PriceUpdateDate>2016-05-18 16:54:32</PriceUpdateDate>
      <ItemCode>340</ItemCode>
      <ItemType>0</ItemType>
      <ItemName>פטרוזיליה יח</ItemName>
      <ManufacturerName>,</ManufacturerName>
      <ManufactureCountry>לא ידוע</ManufactureCountry>
      <ManufacturerItemDescription>פטרוזיליה יח</ManufacturerItemDescription>
      <UnitQty>Unknown </UnitQty>
      <Quantity>0.00</Quantity>
      <UnitOfMeasure>Unknown </UnitOfMeasure>
      <bIsWeighted>0</bIsWeighted>
      <QtyInPackage>1</QtyInPackage>
      <ItemPrice>3.50</ItemPrice>
      <UnitOfMeasurePrice>0.0000</UnitOfMeasurePrice>
      <AllowDiscount>1</AllowDiscount>
      <ItemStatus>1</ItemStatus>
      <ItemId>223047</ItemId>
    </Item>
    <Item>
      <PriceUpdateDate>2015-01-01 00:00:00</PriceUpdateDate>
      <ItemCode>3401369</ItemCode>
      <ItemType>0</ItemType>
      <ItemName>נטורל פורמולה לחות ח</ItemName>
      <ManufacturerName>אמיליה קוסמטיקס</ManufacturerName>
      <ManufactureCountry>לא ידוע</ManufactureCountry>
      <ManufacturerItemDescription>נטורל פורמולה לחות חוחובה לשיער 400 מ"ל</ManufacturerItemDescription>
      <UnitQty>מיליליטרים</UnitQty>
      <Quantity>400.00</Quantity>
      <UnitOfMeasure>100 מ"ל</UnitOfMeasure>
      <bIsWeighted>0</bIsWeighted>
      <QtyInPackage>1</QtyInPackage>
      <ItemPrice>18.90</ItemPrice>
      <UnitOfMeasurePrice>4.7250</UnitOfMeasurePrice>
      <AllowDiscount>1</AllowDiscount>
      <ItemStatus>1</ItemStatus>
      <ItemId>223048</ItemId>
    </Item>
    <Item>
      <PriceUpdateDate>2015-01-01 00:00:00</PriceUpdateDate>
      <ItemCode>3401376</ItemCode>
      <ItemType>0</ItemType>
      <ItemName>נטורל פורמולה לחות א</ItemName>
      <ManufacturerName>אמיליה קוסמטיקס</ManufacturerName>
      <ManufactureCountry>לא ידוע</ManufactureCountry>
      <ManufacturerItemDescription>נטורל פורמולה לחות אלוורה לשיער 400 מ"ל</ManufacturerItemDescription>
      <UnitQty>מיליליטרים</UnitQty>
      <Quantity>400.00</Quantity>
      <UnitOfMeasure>100 מ"ל</UnitOfMeasure>
      <bIsWeighted>0</bIsWeighted>
      <QtyInPackage>1</QtyInPackage>
      <ItemPrice>18.90</ItemPrice>
      <UnitOfMeasurePrice>4.7250</UnitOfMeasurePrice>
      <AllowDiscount>1</AllowDiscount>
      <ItemStatus>1</ItemStatus>
      <ItemId>223049</ItemId>
    </Item>
    <Item>
      <PriceUpdateDate>2015-01-01 00:00:00</PriceUpdateDate>
      <ItemCode>3401420</ItemCode>
      <ItemType>0</ItemType>
      <ItemName>נטורל קרם לחות סיליק</ItemName>
      <ManufacturerName>אמיליה קוסמטיקס</ManufacturerName>
      <ManufactureCountry>לא ידוע</ManufactureCountry>
      <ManufacturerItemDescription>נטורל קרם לחות סיליקון לשיער 400 מ"ל</ManufacturerItemDescription>
      <UnitQty>מיליליטרים</UnitQty>
      <Quantity>400.00</Quantity>
      <UnitOfMeasure>100 מ"ל</UnitOfMeasure>
      <bIsWeighted>0</bIsWeighted>
      <QtyInPackage>1</QtyInPackage>
      <ItemPrice>18.90</ItemPrice>
      <UnitOfMeasurePrice>4.7250</UnitOfMeasurePrice>
      <AllowDiscount>1</AllowDiscount>
      <ItemStatus>1</ItemStatus>
      <ItemId>223050</ItemId>
    </Item>
    <Item>
      <PriceUpdateDate>2015-01-01 00:00:00</PriceUpdateDate>
      <ItemCode>3401635</ItemCode>
      <ItemType>0</ItemType>
      <ItemName>נטורל פורמולה לחות ל</ItemName>
      <ManufacturerName>אמיליה קוסמטיקס</ManufacturerName>
      <ManufactureCountry>לא ידוע</ManufactureCountry>
      <ManufacturerItemDescription>נטורל פורמולה לחות לשיער 400 מ"ל</ManufacturerItemDescription>
      <UnitQty>מיליליטרים</UnitQty>
      <Quantity>400.00</Quantity>
      <UnitOfMeasure>100 מ"ל</UnitOfMeasure>
      <bIsWeighted>0</bIsWeighted>
      <QtyInPackage>1</QtyInPackage>
      <ItemPrice>15.90</ItemPrice>
      <UnitOfMeasurePrice>3.9750</UnitOfMeasurePrice>
      <AllowDiscount>1</AllowDiscount>
      <ItemStatus>1</ItemStatus>
      <ItemId>223051</ItemId>
    </Item>
    <Item>
      <PriceUpdateDate>2016-03-17 11:50:50</PriceUpdateDate>
      <ItemCode>7290014079878</ItemCode>
      <ItemType>1</ItemType>
      <ItemName>זוג לבבות אנדיב</ItemName>
      <ManufacturerName>,</ManufacturerName>
      <ManufactureCountry>לא ידוע</ManufactureCountry>
      <ManufacturerItemDescription>זוג לבבות אנדיב</ManufacturerItemDescription>
      <UnitQty>Unknown </UnitQty>
      <Quantity>0.00</Quantity>
      <UnitOfMeasure>Unknown </UnitOfMeasure>
      <bIsWeighted>0</bIsWeighted>
      <QtyInPackage>1</QtyInPackage>
      <ItemPrice>9.90</ItemPrice>
      <UnitOfMeasurePrice>0.0000</UnitOfMeasurePrice>
      <AllowDiscount>1</AllowDiscount>
      <ItemStatus>1</ItemStatus>
      <ItemId>267483</ItemId>
    </Item>
    <Item>
      <PriceUpdateDate>2016-05-18 16:54:38</PriceUpdateDate>
      <ItemCode>341</ItemCode>
      <ItemType>0</ItemType>
      <ItemName>כוסברה יח</ItemName>
      <ManufacturerName>,</ManufacturerName>
      <ManufactureCountry>לא ידוע</ManufactureCountry>
      <ManufacturerItemDescription>כוסברה יח</ManufacturerItemDescription>
      <UnitQty>Unknown </UnitQty>
      <Quantity>0.00</Quantity>
      <UnitOfMeasure>Unknown </UnitOfMeasure>
      <bIsWeighted>0</bIsWeighted>
      <QtyInPackage>1</QtyInPackage>
      <ItemPrice>3.50</ItemPrice>
      <UnitOfMeasurePrice>0.0000</UnitOfMeasurePrice>
      <AllowDiscount>1</AllowDiscount>
      <ItemStatus>1</ItemStatus>
      <ItemId>223053</ItemId>
    </Item>
    <Item>
      <PriceUpdateDate>2015-01-01 00:00:00</PriceUpdateDate>
      <ItemCode>341071</ItemCode>
      <ItemType>0</ItemType>
      <ItemName>מרכך כביסה בדין בייב</ItemName>
      <ManufacturerName>יוניליוור</ManufacturerName>
      <ManufactureCountry>לא ידוע</ManufactureCountry>
      <ManufacturerItemDescription>מ.כביסה בדין בייבי 2 ליטר</ManufacturerItemDescription>
      <UnitQty>ליטרים</UnitQty>
      <Quantity>2.00</Quantity>
      <UnitOfMeasure>ליטר    </UnitOfMeasure>
      <bIsWeighted>0</bIsWeighted>
      <QtyInPackage>1</QtyInPackage>
      <ItemPrice>16.90</ItemPrice>
      <UnitOfMeasurePrice>8.4500</UnitOfMeasurePrice>
      <AllowDiscount>1</AllowDiscount>
      <ItemStatus>1</ItemStatus>
      <ItemId>223054</ItemId>
    </Item>
    <Item>
      <PriceUpdateDate>2016-08-01 13:14:00</PriceUpdateDate>
      <ItemCode>3411009</ItemCode>
      <ItemType>0</ItemType>
      <ItemName>כפפות לטקס S 100 יח</ItemName>
      <ManufacturerName>,</ManufacturerName>
      <ManufactureCountry>לא ידוע</ManufactureCountry>
      <ManufacturerItemDescription>כפפות לטקס S 100 יח</ManufacturerItemDescription>
      <UnitQty>Unknown </UnitQty>
      <Quantity>0.00</Quantity>
      <UnitOfMeasure>Unknown </UnitOfMeasure>
      <bIsWeighted>0</bIsWeighted>
      <QtyInPackage>1</QtyInPackage>
      <ItemPrice>19.90</ItemPrice>
      <UnitOfMeasurePrice>0.0000</UnitOfMeasurePrice>
      <AllowDiscount>1</AllowDiscount>
      <ItemStatus>1</ItemStatus>
      <ItemId>223055</ItemId>
    </Item>
    <Item>
      <PriceUpdateDate>2015-01-01 00:00:00</PriceUpdateDate>
      <ItemCode>3411054</ItemCode>
      <ItemType>0</ItemType>
      <ItemName>שקיות לצליה רוסטי ענ</ItemName>
      <ManufacturerName>,</ManufacturerName>
      <ManufactureCountry>לא ידוע</ManufactureCountry>
      <ManufacturerItemDescription>שקיות לצליה רוסטי ענק 5 יחידות</ManufacturerItemDescription>
      <UnitQty>Unknown </UnitQty>
      <Quantity>0.00</Quantity>
      <UnitOfMeasure>Unknown </UnitOfMeasure>
      <bIsWeighted>0</bIsWeighted>
      <QtyInPackage>1</QtyInPackage>
      <ItemPrice>3.90</ItemPrice>
      <UnitOfMeasurePrice>0.0000</UnitOfMeasurePrice>
      <AllowDiscount>1</AllowDiscount>
      <ItemStatus>1</ItemStatus>
      <ItemId>223057</ItemId>
    </Item>
    <Item>
      <PriceUpdateDate>2015-01-01 00:00:00</PriceUpdateDate>
      <ItemCode>3411276</ItemCode>
      <ItemType>0</ItemType>
      <ItemName>עמבה פרי 500 גרם</ItemName>
      <ManufacturerName>הנמל</ManufacturerName>
      <ManufactureCountry>ישראל</ManufactureCountry>
      <ManufacturerItemDescription>עמבה פרי 500 גרם</ManufacturerItemDescription>
      <UnitQty>גרמים</UnitQty>
      <Quantity>600.00</Quantity>
      <UnitOfMeasure>100 גרם</UnitOfMeasure>
      <bIsWeighted>0</bIsWeighted>
      <QtyInPackage>1</QtyInPackage>
      <ItemPrice>7.50</ItemPrice>
      <UnitOfMeasurePrice>1.2500</UnitOfMeasurePrice>
      <AllowDiscount>1</AllowDiscount>
      <ItemStatus>1</ItemStatus>
      <ItemId>223064</ItemId>
    </Item>
    <Item>
      <PriceUpdateDate>2015-01-01 00:00:00</PriceUpdateDate>
      <ItemCode>3411313</ItemCode>
      <ItemType>0</ItemType>
      <ItemName>מפת אלבד כחול לבן</ItemName>
      <ManufacturerName>,</ManufacturerName>
      <ManufactureCountry>לא ידוע</ManufactureCountry>
      <ManufacturerItemDescription>מפה רב פעמית 120/180 ס"מ</ManufacturerItemDescription>
      <UnitQty>Unknown </UnitQty>
      <Quantity>0.00</Quantity>
      <UnitOfMeasure>Unknown </UnitOfMeasure>
      <bIsWeighted>0</bIsWeighted>
      <QtyInPackage>1</QtyInPackage>
      <ItemPrice>4.90</ItemPrice>
      <UnitOfMeasurePrice>0.0000</UnitOfMeasurePrice>
      <AllowDiscount>1</AllowDiscount>
      <ItemStatus>1</ItemStatus>
      <ItemId>223065</ItemId>
    </Item>
    <Item>
      <PriceUpdateDate>2015-01-01 00:00:00</PriceUpdateDate>
      <ItemCode>3411566</ItemCode>
      <ItemType>0</ItemType>
      <ItemName>צמרוני אוזניים 200 י</ItemName>
      <ManufacturerName>הנמל</ManufacturerName>
      <ManufactureCountry>ישראל</ManufactureCountry>
      <ManufacturerItemDescription>צמרוני אוזניים 200 יח</ManufacturerItemDescription>
      <UnitQty>Unknown </UnitQty>
      <Quantity>0.00</Quantity>
      <UnitOfMeasure>Unknown </UnitOfMeasure>
      <bIsWeighted>0</bIsWeighted>
      <QtyInPackage>1</QtyInPackage>
      <ItemPrice>1.70</ItemPrice>
      <UnitOfMeasurePrice>0.0000</UnitOfMeasurePrice>
      <AllowDiscount>1</AllowDiscount>
      <ItemStatus>1</ItemStatus>
      <ItemId>223068</ItemId>
    </Item>
    <Item>
      <PriceUpdateDate>2015-01-01 00:00:00</PriceUpdateDate>
      <ItemCode>3411726</ItemCode>
      <ItemType>0</ItemType>
      <ItemName>קיסמי שיניים מלחיה 3</ItemName>
      <ManufacturerName>הנמל</ManufacturerName>
      <ManufactureCountry>ישראל</ManufactureCountry>
      <ManufacturerItemDescription>קיסמי שיניים מלחיה 300 יח</ManufacturerItemDescription>
      <UnitQty>Unknown </UnitQty>
      <Quantity>0.00</Quantity>
      <UnitOfMeasure>Unknown </UnitOfMeasure>
      <bIsWeighted>0</bIsWeighted>
      <QtyInPackage>1</QtyInPackage>
      <ItemPrice>3.50</ItemPrice>
      <UnitOfMeasurePrice>0.0000</UnitOfMeasurePrice>
      <AllowDiscount>1</AllowDiscount>
      <ItemStatus>1</ItemStatus>
      <ItemId>223070</ItemId>
    </Item>
    <Item>
      <PriceUpdateDate>2015-07-05 11:19:59</PriceUpdateDate>
      <ItemCode>3411818</ItemCode>
      <ItemType>0</ItemType>
      <ItemName>גרנולה ללא סוכר 350</ItemName>
      <ManufacturerName>הנמל</ManufacturerName>
      <ManufactureCountry>ישראל</ManufactureCountry>
      <ManufacturerItemDescription>גרנולה ללא סוכר 350 גרם</ManufacturerItemDescription>
      <UnitQty>גרמים</UnitQty>
      <Quantity>340.00</Quantity>
      <UnitOfMeasure>100 גרם</UnitOfMeasure>
      <bIsWeighted>0</bIsWeighted>
      <QtyInPackage>1</QtyInPackage>
      <ItemPrice>9.90</ItemPrice>
      <UnitOfMeasurePrice>2.9118</UnitOfMeasurePrice>
      <AllowDiscount>1</AllowDiscount>
      <ItemStatus>1</ItemStatus>
      <ItemId>223071</ItemId>
    </Item>
    <Item>
      <PriceUpdateDate>2015-07-05 11:19:59</PriceUpdateDate>
      <ItemCode>3411832</ItemCode>
      <ItemType>0</ItemType>
      <ItemName>גרנולה אגוזים 400 גר</ItemName>
      <ManufacturerName>הנמל</ManufacturerName>
      <ManufactureCountry>ישראל</ManufactureCountry>
      <ManufacturerItemDescription>גרנולה אגוזים 400 גרם</ManufacturerItemDescription>
      <UnitQty>גרמים</UnitQty>
      <Quantity>400.00</Quantity>
      <UnitOfMeasure>100 גרם</UnitOfMeasure>
      <bIsWeighted>0</bIsWeighted>
      <QtyInPackage>1</QtyInPackage>
      <ItemPrice>9.90</ItemPrice>
      <UnitOfMeasurePrice>2.4750</UnitOfMeasurePrice>
      <AllowDiscount>1</AllowDiscount>
      <ItemStatus>1</ItemStatus>
      <ItemId>223072</ItemId>
    </Item>
    <Item>
      <PriceUpdateDate>2015-07-05 11:19:59</PriceUpdateDate>
      <ItemCode>3411849</ItemCode>
      <ItemType>0</ItemType>
      <ItemName>גרנולה תמרים 400 גרם</ItemName>
      <ManufacturerName>הנמל</ManufacturerName>
      <ManufactureCountry>ישראל</ManufactureCountry>
      <ManufacturerItemDescription>גרנולה תמרים 400 גרם</ManufacturerItemDescription>
      <UnitQty>גרמים</UnitQty>
      <Quantity>400.00</Quantity>
      <UnitOfMeasure>100 גרם</UnitOfMeasure>
      <bIsWeighted>0</bIsWeighted>
      <QtyInPackage>1</QtyInPackage>
      <ItemPrice>9.90</ItemPrice>
      <UnitOfMeasurePrice>2.4750</UnitOfMeasurePrice>
      <AllowDiscount>1</AllowDiscount>
      <ItemStatus>1</ItemStatus>
      <ItemId>223073</ItemId>
    </Item>
    <Item>
      <PriceUpdateDate>2015-07-05 11:19:59</PriceUpdateDate>
      <ItemCode>3411856</ItemCode>
      <ItemType>0</ItemType>
      <ItemName>גרנולה תפוע וקינמון</ItemName>
      <ManufacturerName>,</ManufacturerName>
      <ManufactureCountry>לא ידוע</ManufactureCountry>
      <ManufacturerItemDescription>גרנולה תפוע וקינמון 400 גרם</ManufacturerItemDescription>
      <UnitQty>גרמים</UnitQty>
      <Quantity>400.00</Quantity>
      <UnitOfMeasure>100 גרם</UnitOfMeasure>
      <bIsWeighted>0</bIsWeighted>
      <QtyInPackage>1</QtyInPackage>
      <ItemPrice>9.90</ItemPrice>
      <UnitOfMeasurePrice>2.4750</UnitOfMeasurePrice>
      <AllowDiscount>1</AllowDiscount>
      <ItemStatus>1</ItemStatus>
      <ItemId>223074</ItemId>
    </Item>
    <Item>
      <PriceUpdateDate>2015-01-01 00:00:00</PriceUpdateDate>
      <ItemCode>3411948</ItemCode>
      <ItemType>0</ItemType>
      <ItemName>צמר גפן הנמל 100 גרם</ItemName>
      <ManufacturerName>,</ManufacturerName>
      <ManufactureCountry>לא ידוע</ManufactureCountry>
      <ManufacturerItemDescription>צמר גפן הנמל 100 גרם</ManufacturerItemDescription>
      <UnitQty>Unknown </UnitQty>
      <Quantity>0.00</Quantity>
      <UnitOfMeasure>Unknown </UnitOfMeasure>
      <bIsWeighted>0</bIsWeighted>
      <QtyInPackage>1</QtyInPackage>
      <ItemPrice>3.90</ItemPrice>
      <UnitOfMeasurePrice>0.0000</UnitOfMeasurePrice>
      <AllowDiscount>1</AllowDiscount>
      <ItemStatus>1</ItemStatus>
      <ItemId>223076</ItemId>
    </Item>
    <Item>
      <PriceUpdateDate>2015-01-01 00:00:00</PriceUpdateDate>
      <ItemCode>3411993</ItemCode>
      <ItemType>0</ItemType>
      <ItemName>גפרורים 10 יח</ItemName>
      <ManufacturerName>הנמל</ManufacturerName>
      <ManufactureCountry>ישראל</ManufactureCountry>
      <ManufacturerItemDescription>גפרורים 10 יח</ManufacturerItemDescription>
      <UnitQty>Unknown </UnitQty>
      <Quantity>0.00</Quantity>
      <UnitOfMeasure>Unknown </UnitOfMeasure>
      <bIsWeighted>0</bIsWeighted>
      <QtyInPackage>10</QtyInPackage>
      <ItemPrice>2.80</ItemPrice>
      <UnitOfMeasurePrice>0.0000</UnitOfMeasurePrice>
      <AllowDiscount>1</AllowDiscount>
      <ItemStatus>1</ItemStatus>
      <ItemId>223077</ItemId>
    </Item>
    <Item>
      <PriceUpdateDate>2016-05-18 16:54:47</PriceUpdateDate>
      <ItemCode>342</ItemCode>
      <ItemType>0</ItemType>
      <ItemName>נענע יח</ItemName>
      <ManufacturerName>,</ManufacturerName>
      <ManufactureCountry>לא ידוע</ManufactureCountry>
      <ManufacturerItemDescription>נענע יח</ManufacturerItemDescription>
      <UnitQty>Unknown </UnitQty>
      <Quantity>0.00</Quantity>
      <UnitOfMeasure>Unknown </UnitOfMeasure>
      <bIsWeighted>0</bIsWeighted>
      <QtyInPackage>1</QtyInPackage>
      <ItemPrice>3.50</ItemPrice>
      <UnitOfMeasurePrice>0.0000</UnitOfMeasurePrice>
      <AllowDiscount>1</AllowDiscount>
      <ItemStatus>1</ItemStatus>
      <ItemId>223078</ItemId>
    </Item>
    <Item>
      <PriceUpdateDate>2015-01-01 00:00:00</PriceUpdateDate>
      <ItemCode>342856</ItemCode>
      <ItemType>0</ItemType>
      <ItemName>מרכך כביסה בדין כחול</ItemName>
      <ManufacturerName>,</ManufacturerName>
      <ManufactureCountry>לא ידוע</ManufactureCountry>
      <ManufacturerItemDescription>מ.כביסה בדין כחול 4 ליטר</ManufacturerItemDescription>
      <UnitQty>ליטרים</UnitQty>
      <Quantity>4.00</Quantity>
      <UnitOfMeasure>ליטר    </UnitOfMeasure>
      <bIsWeighted>0</bIsWeighted>
      <QtyInPackage>1</QtyInPackage>
      <ItemPrice>16.90</ItemPrice>
      <UnitOfMeasurePrice>4.2250</UnitOfMeasurePrice>
      <AllowDiscount>1</AllowDiscount>
      <ItemStatus>1</ItemStatus>
      <ItemId>223081</ItemId>
    </Item>
    <Item>
      <PriceUpdateDate>2016-05-18 16:54:56</PriceUpdateDate>
      <ItemCode>343</ItemCode>
      <ItemType>0</ItemType>
      <ItemName>עירית יח</ItemName>
      <ManufacturerName>,</ManufacturerName>
      <ManufactureCountry>לא ידוע</ManufactureCountry>
      <ManufacturerItemDescription>עירית יח</ManufacturerItemDescription>
      <UnitQty>Unknown </UnitQty>
      <Quantity>0.00</Quantity>
      <UnitOfMeasure>Unknown </UnitOfMeasure>
      <bIsWeighted>0</bIsWeighted>
      <QtyInPackage>1</QtyInPackage>
      <ItemPrice>4.90</ItemPrice>
      <UnitOfMeasurePrice>0.0000</UnitOfMeasurePrice>
      <AllowDiscount>1</AllowDiscount>
      <ItemStatus>1</ItemStatus>
      <ItemId>223082</ItemId>
    </Item>
    <Item>
      <PriceUpdateDate>2015-01-01 00:00:00</PriceUpdateDate>
      <ItemCode>344</ItemCode>
      <ItemType>0</ItemType>
      <ItemName>שורש יח</ItemName>
      <ManufacturerName>,</ManufacturerName>
      <ManufactureCountry>לא ידוע</ManufactureCountry>
      <ManufacturerItemDescription>שורש יח</ManufacturerItemDescription>
      <UnitQty>Unknown </UnitQty>
      <Quantity>0.00</Quantity>
      <UnitOfMeasure>Unknown </UnitOfMeasure>
      <bIsWeighted>0</bIsWeighted>
      <QtyInPackage>1</QtyInPackage>
      <ItemPrice>4.90</ItemPrice>
      <UnitOfMeasurePrice>0.0000</UnitOfMeasurePrice>
      <AllowDiscount>1</AllowDiscount>
      <ItemStatus>1</ItemStatus>
      <ItemId>223084</ItemId>
    </Item>
    <Item>
      <PriceUpdateDate>2015-01-01 00:00:00</PriceUpdateDate>
      <ItemCode>345</ItemCode>
      <ItemType>0</ItemType>
      <ItemName>סלרי ראש יח</ItemName>
      <ManufacturerName>,</ManufacturerName>
      <ManufactureCountry>לא ידוע</ManufactureCountry>
      <ManufacturerItemDescription>סלרי ראש יח</ManufacturerItemDescription>
      <UnitQty>Unknown </UnitQty>
      <Quantity>0.00</Quantity>
      <UnitOfMeasure>Unknown </UnitOfMeasure>
      <bIsWeighted>0</bIsWeighted>
      <QtyInPackage>1</QtyInPackage>
      <ItemPrice>4.90</ItemPrice>
      <UnitOfMeasurePrice>0.0000</UnitOfMeasurePrice>
      <AllowDiscount>1</AllowDiscount>
      <ItemStatus>1</ItemStatus>
      <ItemId>223085</ItemId>
    </Item>
    <Item>
      <PriceUpdateDate>2015-01-01 00:00:00</PriceUpdateDate>
      <ItemCode>345048</ItemCode>
      <ItemType>0</ItemType>
      <ItemName>תה ויסוצקי 74 125 גר</ItemName>
      <ManufacturerName>ויסוצקי</ManufacturerName>
      <ManufactureCountry>ישראל</ManufactureCountry>
      <ManufacturerItemDescription>תה ויסוצקי 74 125 גרם</ManufacturerItemDescription>
      <UnitQty>גרמים</UnitQty>
      <Quantity>125.00</Quantity>
      <UnitOfMeasure>100 גרם</UnitOfMeasure>
      <bIsWeighted>0</bIsWeighted>
      <QtyInPackage>1</QtyInPackage>
      <ItemPrice>11.50</ItemPrice>
      <UnitOfMeasurePrice>9.2000</UnitOfMeasurePrice>
      <AllowDiscount>1</AllowDiscount>
      <ItemStatus>1</ItemStatus>
      <ItemId>223086</ItemId>
    </Item>
    <Item>
      <PriceUpdateDate>2015-01-01 00:00:00</PriceUpdateDate>
      <ItemCode>345055</ItemCode>
      <ItemType>0</ItemType>
      <ItemName>תה ארל גריי תה עלים</ItemName>
      <ManufacturerName>ויסוצקי</ManufacturerName>
      <ManufactureCountry>ישראל</ManufactureCountry>
      <ManufacturerItemDescription>תה ארל גריי תה עלים 100 גרם</ManufacturerItemDescription>
      <UnitQty>גרמים</UnitQty>
      <Quantity>100.00</Quantity>
      <UnitOfMeasure>100 גרם</UnitOfMeasure>
      <bIsWeighted>0</bIsWeighted>
      <QtyInPackage>1</QtyInPackage>
      <ItemPrice>11.90</ItemPrice>
      <UnitOfMeasurePrice>11.9000</UnitOfMeasurePrice>
      <AllowDiscount>1</AllowDiscount>
      <ItemStatus>1</ItemStatus>
      <ItemId>223087</ItemId>
    </Item>
    <Item>
      <PriceUpdateDate>2016-05-23 13:55:04</PriceUpdateDate>
      <ItemCode>345215</ItemCode>
      <ItemType>0</ItemType>
      <ItemName>תה קלאסי 1 גרם 100 י</ItemName>
      <ManufacturerName>ויסוצקי</ManufacturerName>
      <ManufactureCountry>ישראל</ManufactureCountry>
      <ManufacturerItemDescription>תה קלאסי 1 גרם 100 יח</ManufacturerItemDescription>
      <UnitQty>גרמים</UnitQty>
      <Quantity>100.00</Quantity>
      <UnitOfMeasure>100 גרם</UnitOfMeasure>
      <bIsWeighted>0</bIsWeighted>
      <QtyInPackage>1</QtyInPackage>
      <ItemPrice>13.90</ItemPrice>
      <UnitOfMeasurePrice>13.9000</UnitOfMeasurePrice>
      <AllowDiscount>1</AllowDiscount>
      <ItemStatus>1</ItemStatus>
      <ItemId>223088</ItemId>
    </Item>
    <Item>
      <PriceUpdateDate>2015-01-01 00:00:00</PriceUpdateDate>
      <ItemCode>345284</ItemCode>
      <ItemType>0</ItemType>
      <ItemName>תה קלאסי 1.5 גרם  10</ItemName>
      <ManufacturerName>ויסוצקי</ManufacturerName>
      <ManufactureCountry>ישראל</ManufactureCountry>
      <ManufacturerItemDescription>תה קלאסי 1.5 גרם  100 יח</ManufacturerItemDescription>
      <UnitQty>גרמים</UnitQty>
      <Quantity>150.00</Quantity>
      <UnitOfMeasure>100 גרם</UnitOfMeasure>
      <bIsWeighted>0</bIsWeighted>
      <QtyInPackage>1</QtyInPackage>
      <ItemPrice>14.90</ItemPrice>
      <UnitOfMeasurePrice>9.9333</UnitOfMeasurePrice>
      <AllowDiscount>1</AllowDiscount>
      <ItemStatus>1</ItemStatus>
      <ItemId>223089</ItemId>
    </Item>
    <Item>
      <PriceUpdateDate>2015-01-01 00:00:00</PriceUpdateDate>
      <ItemCode>345307</ItemCode>
      <ItemType>0</ItemType>
      <ItemName>תה ארל גריי 50 שק 1.</ItemName>
      <ManufacturerName>ויסוצקי</ManufacturerName>
      <ManufactureCountry>ישראל</ManufactureCountry>
      <ManufacturerItemDescription>תה ארל גריי 50 שק 1.5 גרם</ManufacturerItemDescription>
      <UnitQty>גרמים</UnitQty>
      <Quantity>75.00</Quantity>
      <UnitOfMeasure>100 גרם</UnitOfMeasure>
      <bIsWeighted>0</bIsWeighted>
      <QtyInPackage>1</QtyInPackage>
      <ItemPrice>24.90</ItemPrice>
      <UnitOfMeasurePrice>33.2000</UnitOfMeasurePrice>
      <AllowDiscount>1</AllowDiscount>
      <ItemStatus>1</ItemStatus>
      <ItemId>223091</ItemId>
    </Item>
    <Item>
      <PriceUpdateDate>2015-01-01 00:00:00</PriceUpdateDate>
      <ItemCode>346021</ItemCode>
      <ItemType>0</ItemType>
      <ItemName>תה קמומיל 50 שקיקים</ItemName>
      <ManufacturerName>ויסוצקי</ManufacturerName>
      <ManufactureCountry>ישראל</ManufactureCountry>
      <ManufacturerItemDescription>תה קמומיל 50 שקיקים</ManufacturerItemDescription>
      <UnitQty>גרמים</UnitQty>
      <Quantity>75.00</Quantity>
      <UnitOfMeasure>100 גרם</UnitOfMeasure>
      <bIsWeighted>0</bIsWeighted>
      <QtyInPackage>1</QtyInPackage>
      <ItemPrice>21.90</ItemPrice>
      <UnitOfMeasurePrice>29.2000</UnitOfMeasurePrice>
      <AllowDiscount>1</AllowDiscount>
      <ItemStatus>1</ItemStatus>
      <ItemId>223094</ItemId>
    </Item>
    <Item>
      <PriceUpdateDate>2015-01-01 00:00:00</PriceUpdateDate>
      <ItemCode>346120</ItemCode>
      <ItemType>0</ItemType>
      <ItemName>תה  קסם הקינמון הגן</ItemName>
      <ManufacturerName>ויסוצקי</ManufacturerName>
      <ManufactureCountry>לא ידוע</ManufactureCountry>
      <ManufacturerItemDescription>תה  קסם הקינמון הגן הקסום 25 שקיקים</ManufacturerItemDescription>
      <UnitQty>גרמים</UnitQty>
      <Quantity>63.00</Quantity>
      <UnitOfMeasure>100 גרם</UnitOfMeasure>
      <bIsWeighted>0</bIsWeighted>
      <QtyInPackage>1</QtyInPackage>
      <ItemPrice>12.50</ItemPrice>
      <UnitOfMeasurePrice>19.8413</UnitOfMeasurePrice>
      <AllowDiscount>1</AllowDiscount>
      <ItemStatus>1</ItemStatus>
      <ItemId>223095</ItemId>
    </Item>
    <Item>
      <PriceUpdateDate>2015-01-01 00:00:00</PriceUpdateDate>
      <ItemCode>346199</ItemCode>
      <ItemType>0</ItemType>
      <ItemName>תה פירות היער הגן הק</ItemName>
      <ManufacturerName>ויסוצקי</ManufacturerName>
      <ManufactureCountry>לא ידוע</ManufactureCountry>
      <ManufacturerItemDescription>תה פירות היער הגן הקסום 25 שקיקים</ManufacturerItemDescription>
      <UnitQty>גרמים</UnitQty>
      <Quantity>68.00</Quantity>
      <UnitOfMeasure>100 גרם</UnitOfMeasure>
      <bIsWeighted>0</bIsWeighted>
      <QtyInPackage>1</QtyInPackage>
      <ItemPrice>12.50</ItemPrice>
      <UnitOfMeasurePrice>18.3824</UnitOfMeasurePrice>
      <AllowDiscount>1</AllowDiscount>
      <ItemStatus>1</ItemStatus>
      <ItemId>223099</ItemId>
    </Item>
    <Item>
      <PriceUpdateDate>2015-01-01 00:00:00</PriceUpdateDate>
      <ItemCode>346205</ItemCode>
      <ItemType>0</ItemType>
      <ItemName>תה קמומיל גן קסום 25</ItemName>
      <ManufacturerName>ויסוצקי</ManufacturerName>
      <ManufactureCountry>ישראל</ManufactureCountry>
      <ManufacturerItemDescription>תה קמומיל גן קסום 25 שקיקים  1.5 גרם</ManufacturerItemDescription>
      <UnitQty>גרמים</UnitQty>
      <Quantity>38.00</Quantity>
      <UnitOfMeasure>100 גרם</UnitOfMeasure>
      <bIsWeighted>0</bIsWeighted>
      <QtyInPackage>1</QtyInPackage>
      <ItemPrice>12.50</ItemPrice>
      <UnitOfMeasurePrice>32.8947</UnitOfMeasurePrice>
      <AllowDiscount>1</AllowDiscount>
      <ItemStatus>1</ItemStatus>
      <ItemId>223100</ItemId>
    </Item>
    <Item>
      <PriceUpdateDate>2015-01-01 00:00:00</PriceUpdateDate>
      <ItemCode>346960</ItemCode>
      <ItemType>0</ItemType>
      <ItemName>תה נענע 50 שקיקים</ItemName>
      <ManufacturerName>ויסוצקי</ManufacturerName>
      <ManufactureCountry>ישראל</ManufactureCountry>
      <ManufacturerItemDescription>תה נענע 50 שקיקים 1.5 גרם</ManufacturerItemDescription>
      <UnitQty>גרמים</UnitQty>
      <Quantity>75.00</Quantity>
      <UnitOfMeasure>100 גרם</UnitOfMeasure>
      <bIsWeighted>0</bIsWeighted>
      <QtyInPackage>1</QtyInPackage>
      <ItemPrice>21.90</ItemPrice>
      <UnitOfMeasurePrice>29.2000</UnitOfMeasurePrice>
      <AllowDiscount>1</AllowDiscount>
      <ItemStatus>1</ItemStatus>
      <ItemId>223102</ItemId>
    </Item>
    <Item>
      <PriceUpdateDate>2016-07-14 08:17:35</PriceUpdateDate>
      <ItemCode>347738</ItemCode>
      <ItemType>0</ItemType>
      <ItemName>תה ירוק נענע 25 שקיק</ItemName>
      <ManufacturerName>ויסוצקי</ManufacturerName>
      <ManufactureCountry>ישראל</ManufactureCountry>
      <ManufacturerItemDescription>תה ירוק נענע 25 שקיקים</ManufacturerItemDescription>
      <UnitQty>גרמים</UnitQty>
      <Quantity>38.00</Quantity>
      <UnitOfMeasure>100 גרם</UnitOfMeasure>
      <bIsWeighted>0</bIsWeighted>
      <QtyInPackage>1</QtyInPackage>
      <ItemPrice>21.50</ItemPrice>
      <UnitOfMeasurePrice>56.5789</UnitOfMeasurePrice>
      <AllowDiscount>1</AllowDiscount>
      <ItemStatus>1</ItemStatus>
      <ItemId>223104</ItemId>
    </Item>
    <Item>
      <PriceUpdateDate>2016-07-14 08:17:35</PriceUpdateDate>
      <ItemCode>347752</ItemCode>
      <ItemType>0</ItemType>
      <ItemName>תה ירוק לימון ולואיז</ItemName>
      <ManufacturerName>ויסוצקי</ManufacturerName>
      <ManufactureCountry>ישראל</ManufactureCountry>
      <ManufacturerItemDescription>תה ירוק לימון ולואיזה 25 שקיקים</ManufacturerItemDescription>
      <UnitQty>גרמים</UnitQty>
      <Quantity>38.00</Quantity>
      <UnitOfMeasure>100 גרם</UnitOfMeasure>
      <bIsWeighted>0</bIsWeighted>
      <QtyInPackage>1</QtyInPackage>
      <ItemPrice>21.50</ItemPrice>
      <UnitOfMeasurePrice>56.5789</UnitOfMeasurePrice>
      <AllowDiscount>1</AllowDiscount>
      <ItemStatus>1</ItemStatus>
      <ItemId>223106</ItemId>
    </Item>
    <Item>
      <PriceUpdateDate>2016-05-18 16:55:02</PriceUpdateDate>
      <ItemCode>348</ItemCode>
      <ItemType>0</ItemType>
      <ItemName>שמיר יח</ItemName>
      <ManufacturerName>,</ManufacturerName>
      <ManufactureCountry>לא ידוע</ManufactureCountry>
      <ManufacturerItemDescription>שמיר יח</ManufacturerItemDescription>
      <UnitQty>Unknown </UnitQty>
      <Quantity>0.00</Quantity>
      <UnitOfMeasure>Unknown </UnitOfMeasure>
      <bIsWeighted>0</bIsWeighted>
      <QtyInPackage>1</QtyInPackage>
      <ItemPrice>3.50</ItemPrice>
      <UnitOfMeasurePrice>0.0000</UnitOfMeasurePrice>
      <AllowDiscount>1</AllowDiscount>
      <ItemStatus>1</ItemStatus>
      <ItemId>223107</ItemId>
    </Item>
    <Item>
      <PriceUpdateDate>2015-01-01 00:00:00</PriceUpdateDate>
      <ItemCode>3525898</ItemCode>
      <ItemType>0</ItemType>
      <ItemName>סלט טונה 3*160 גרם</ItemName>
      <ManufacturerName>,</ManufacturerName>
      <ManufactureCountry>לא ידוע</ManufactureCountry>
      <ManufacturerItemDescription>סלט טונה 3*160 גרם</ManufacturerItemDescription>
      <UnitQty>גרמים</UnitQty>
      <Quantity>480.00</Quantity>
      <UnitOfMeasure>100 גרם</UnitOfMeasure>
      <bIsWeighted>0</bIsWeighted>
      <QtyInPackage>1</QtyInPackage>
      <ItemPrice>14.90</ItemPrice>
      <UnitOfMeasurePrice>3.1042</UnitOfMeasurePrice>
      <AllowDiscount>1</AllowDiscount>
      <ItemStatus>1</ItemStatus>
      <ItemId>223116</ItemId>
    </Item>
    <Item>
      <PriceUpdateDate>2015-01-01 00:00:00</PriceUpdateDate>
      <ItemCode>3525904</ItemCode>
      <ItemType>0</ItemType>
      <ItemName>סלט טונה פיקנטי 3</ItemName>
      <ManufacturerName>,</ManufacturerName>
      <ManufactureCountry>לא ידוע</ManufactureCountry>
      <ManufacturerItemDescription>סלט טונה פיקנטי 3*160 גרם</ManufacturerItemDescription>
      <UnitQty>גרמים</UnitQty>
      <Quantity>480.00</Quantity>
      <UnitOfMeasure>100 גרם</UnitOfMeasure>
      <bIsWeighted>0</bIsWeighted>
      <QtyInPackage>1</QtyInPackage>
      <ItemPrice>14.90</ItemPrice>
      <UnitOfMeasurePrice>3.1042</UnitOfMeasurePrice>
      <AllowDiscount>1</AllowDiscount>
      <ItemStatus>1</ItemStatus>
      <ItemId>223117</ItemId>
    </Item>
    <Item>
      <PriceUpdateDate>2015-01-01 00:00:00</PriceUpdateDate>
      <ItemCode>4135232</ItemCode>
      <ItemType>0</ItemType>
      <ItemName>מעדן תנובה דיאט וניל</ItemName>
      <ManufacturerName>תנובה מרכז שיתופי לש</ManufacturerName>
      <ManufactureCountry>לא ידוע</ManufactureCountry>
      <ManufacturerItemDescription>מעדן תנובה דיאט וניל 0% 150 מ"ל</ManufacturerItemDescription>
      <UnitQty>מיליליטרים</UnitQty>
      <Quantity>150.00</Quantity>
      <UnitOfMeasure>100 מ"ל</UnitOfMeasure>
      <bIsWeighted>0</bIsWeighted>
      <QtyInPackage>1</QtyInPackage>
      <ItemPrice>3.70</ItemPrice>
      <UnitOfMeasurePrice>2.4667</UnitOfMeasurePrice>
      <AllowDiscount>1</AllowDiscount>
      <ItemStatus>1</ItemStatus>
      <ItemId>244566</ItemId>
    </Item>
    <Item>
      <PriceUpdateDate>2016-06-19 13:20:24</PriceUpdateDate>
      <ItemCode>3550494</ItemCode>
      <ItemType>0</ItemType>
      <ItemName>פילה סלמון סטרלינג</ItemName>
      <ManufacturerName>דלידג</ManufacturerName>
      <ManufactureCountry>לא ידוע</ManufactureCountry>
      <ManufacturerItemDescription>פילה סלמון סטרלינג</ManufacturerItemDescription>
      <UnitQty>קילוגרמים</UnitQty>
      <Quantity>1.00</Quantity>
      <UnitOfMeasure>ק"ג</UnitOfMeasure>
      <bIsWeighted>1</bIsWeighted>
      <QtyInPackage>לא ידוע</QtyInPackage>
      <ItemPrice>65.90</ItemPrice>
      <UnitOfMeasurePrice>65.9000</UnitOfMeasurePrice>
      <AllowDiscount>1</AllowDiscount>
      <ItemStatus>1</ItemStatus>
      <ItemId>223124</ItemId>
    </Item>
    <Item>
      <PriceUpdateDate>2015-01-01 00:00:00</PriceUpdateDate>
      <ItemCode>3550753</ItemCode>
      <ItemType>0</ItemType>
      <ItemName>טונה בשמן פוסידון  4</ItemName>
      <ManufacturerName>פוסידון</ManufacturerName>
      <ManufactureCountry>לא ידוע</ManufactureCountry>
      <ManufacturerItemDescription>טונה בשמן פוסידון  4*108 גרם</ManufacturerItemDescription>
      <UnitQty>גרמים</UnitQty>
      <Quantity>432.00</Quantity>
      <UnitOfMeasure>100 גרם</UnitOfMeasure>
      <bIsWeighted>0</bIsWeighted>
      <QtyInPackage>1</QtyInPackage>
      <ItemPrice>14.90</ItemPrice>
      <UnitOfMeasurePrice>3.4491</UnitOfMeasurePrice>
      <AllowDiscount>1</AllowDiscount>
      <ItemStatus>1</ItemStatus>
      <ItemId>223127</ItemId>
    </Item>
    <Item>
      <PriceUpdateDate>2015-07-07 16:57:28</PriceUpdateDate>
      <ItemCode>357386</ItemCode>
      <ItemType>0</ItemType>
      <ItemName>פילה מרלוזה בק"ג</ItemName>
      <ManufacturerName>דלידג</ManufacturerName>
      <ManufactureCountry>לא ידוע</ManufactureCountry>
      <ManufacturerItemDescription>פילה מרלוזה בק"ג</ManufacturerItemDescription>
      <UnitQty>קילוגרמים</UnitQty>
      <Quantity>1.00</Quantity>
      <UnitOfMeasure>ק"ג</UnitOfMeasure>
      <bIsWeighted>1</bIsWeighted>
      <QtyInPackage>לא ידוע</QtyInPackage>
      <ItemPrice>29.90</ItemPrice>
      <UnitOfMeasurePrice>29.9000</UnitOfMeasurePrice>
      <AllowDiscount>1</AllowDiscount>
      <ItemStatus>1</ItemStatus>
      <ItemId>223132</ItemId>
    </Item>
    <Item>
      <PriceUpdateDate>2016-06-27 09:39:57</PriceUpdateDate>
      <ItemCode>3578078</ItemCode>
      <ItemType>0</ItemType>
      <ItemName>לפתן קוקטייל טרופי 8</ItemName>
      <ManufacturerName>,</ManufacturerName>
      <ManufactureCountry>לא ידוע</ManufactureCountry>
      <ManufacturerItemDescription>לפתן קוקטייל טרופי 825 גרם חת"ס ב"ב</ManufacturerItemDescription>
      <UnitQty>גרמים</UnitQty>
      <Quantity>825.00</Quantity>
      <UnitOfMeasure>100 גרם</UnitOfMeasure>
      <bIsWeighted>0</bIsWeighted>
      <QtyInPackage>1</QtyInPackage>
      <ItemPrice>7.90</ItemPrice>
      <UnitOfMeasurePrice>0.9576</UnitOfMeasurePrice>
      <AllowDiscount>1</AllowDiscount>
      <ItemStatus>1</ItemStatus>
      <ItemId>223135</ItemId>
    </Item>
    <Item>
      <PriceUpdateDate>2015-01-01 00:00:00</PriceUpdateDate>
      <ItemCode>3578177</ItemCode>
      <ItemType>0</ItemType>
      <ItemName>תירס גמדי 410 גרם</ItemName>
      <ManufacturerName>מגסטיק פוד</ManufacturerName>
      <ManufactureCountry>תאילנד</ManufactureCountry>
      <ManufacturerItemDescription>תירס גמדי 410 גרם</ManufacturerItemDescription>
      <UnitQty>גרמים</UnitQty>
      <Quantity>410.00</Quantity>
      <UnitOfMeasure>100 גרם</UnitOfMeasure>
      <bIsWeighted>0</bIsWeighted>
      <QtyInPackage>1</QtyInPackage>
      <ItemPrice>4.50</ItemPrice>
      <UnitOfMeasurePrice>1.0976</UnitOfMeasurePrice>
      <AllowDiscount>1</AllowDiscount>
      <ItemStatus>1</ItemStatus>
      <ItemId>223138</ItemId>
    </Item>
    <Item>
      <PriceUpdateDate>2015-01-01 00:00:00</PriceUpdateDate>
      <ItemCode>3578313</ItemCode>
      <ItemType>0</ItemType>
      <ItemName>דובדבנים ללא חרצנים</ItemName>
      <ManufacturerName>יורוביקה</ManufacturerName>
      <ManufactureCountry>לא ידוע</ManufactureCountry>
      <ManufacturerItemDescription>דובדבנים ללא חרצנים 680 גרם</ManufacturerItemDescription>
      <UnitQty>גרמים</UnitQty>
      <Quantity>680.00</Quantity>
      <UnitOfMeasure>100 גרם</UnitOfMeasure>
      <bIsWeighted>0</bIsWeighted>
      <QtyInPackage>1</QtyInPackage>
      <ItemPrice>9.90</ItemPrice>
      <UnitOfMeasurePrice>1.4559</UnitOfMeasurePrice>
      <AllowDiscount>1</AllowDiscount>
      <ItemStatus>1</ItemStatus>
      <ItemId>223139</ItemId>
    </Item>
    <Item>
      <PriceUpdateDate>2015-01-01 00:00:00</PriceUpdateDate>
      <ItemCode>3578412</ItemCode>
      <ItemType>0</ItemType>
      <ItemName>לפתן אפרסק בסירופ</ItemName>
      <ManufacturerName>קרונוס</ManufacturerName>
      <ManufactureCountry>יוון</ManufactureCountry>
      <ManufacturerItemDescription>לפתן אפרסק בסירופ 820 גרם</ManufacturerItemDescription>
      <UnitQty>גרמים</UnitQty>
      <Quantity>820.00</Quantity>
      <UnitOfMeasure>100 גרם</UnitOfMeasure>
      <bIsWeighted>0</bIsWeighted>
      <QtyInPackage>1</QtyInPackage>
      <ItemPrice>6.80</ItemPrice>
      <UnitOfMeasurePrice>0.8293</UnitOfMeasurePrice>
      <AllowDiscount>1</AllowDiscount>
      <ItemStatus>1</ItemStatus>
      <ItemId>223140</ItemId>
    </Item>
    <Item>
      <PriceUpdateDate>2015-01-01 00:00:00</PriceUpdateDate>
      <ItemCode>3608089</ItemCode>
      <ItemType>0</ItemType>
      <ItemName>ספרינג תות-בננה 1.5</ItemName>
      <ManufacturerName>יפאורה תבורי</ManufacturerName>
      <ManufactureCountry>ישראל</ManufactureCountry>
      <ManufacturerItemDescription>ספרינג תות-בננה 1.5 ליטר</ManufacturerItemDescription>
      <UnitQty>ליטרים</UnitQty>
      <Quantity>1.50</Quantity>
      <UnitOfMeasure>ליטר    </UnitOfMeasure>
      <bIsWeighted>0</bIsWeighted>
      <QtyInPackage>1</QtyInPackage>
      <ItemPrice>5.90</ItemPrice>
      <UnitOfMeasurePrice>3.9333</UnitOfMeasurePrice>
      <AllowDiscount>1</AllowDiscount>
      <ItemStatus>1</ItemStatus>
      <ItemId>223144</ItemId>
    </Item>
    <Item>
      <PriceUpdateDate>2015-01-01 00:00:00</PriceUpdateDate>
      <ItemCode>3608546</ItemCode>
      <ItemType>0</ItemType>
      <ItemName>תפוזינה תותינה 1.5 ל</ItemName>
      <ManufacturerName>יפאורה תבורי</ManufacturerName>
      <ManufactureCountry>לא ידוע</ManufactureCountry>
      <ManufacturerItemDescription>תפוזינה תותינה 1.5 ליטר</ManufacturerItemDescription>
      <UnitQty>ליטרים</UnitQty>
      <Quantity>1.50</Quantity>
      <UnitOfMeasure>ליטר    </UnitOfMeasure>
      <bIsWeighted>0</bIsWeighted>
      <QtyInPackage>1</QtyInPackage>
      <ItemPrice>5.90</ItemPrice>
      <UnitOfMeasurePrice>3.9333</UnitOfMeasurePrice>
      <AllowDiscount>1</AllowDiscount>
      <ItemStatus>1</ItemStatus>
      <ItemId>223145</ItemId>
    </Item>
    <Item>
      <PriceUpdateDate>2015-09-21 08:21:50</PriceUpdateDate>
      <ItemCode>3608621</ItemCode>
      <ItemType>0</ItemType>
      <ItemName>קולה אר.סי שישיה * 1</ItemName>
      <ManufacturerName>יפאורה תבורי</ManufacturerName>
      <ManufactureCountry>לא ידוע</ManufactureCountry>
      <ManufacturerItemDescription>קולה אר.סי שישיה*1.5 ליטר</ManufacturerItemDescription>
      <UnitQty>ליטרים</UnitQty>
      <Quantity>9.00</Quantity>
      <UnitOfMeasure>ליטר    </UnitOfMeasure>
      <bIsWeighted>0</bIsWeighted>
      <QtyInPackage>1</QtyInPackage>
      <ItemPrice>21.90</ItemPrice>
      <UnitOfMeasurePrice>2.4333</UnitOfMeasurePrice>
      <AllowDiscount>1</AllowDiscount>
      <ItemStatus>1</ItemStatus>
      <ItemId>223146</ItemId>
    </Item>
    <Item>
      <PriceUpdateDate>2015-01-01 00:00:00</PriceUpdateDate>
      <ItemCode>3608898</ItemCode>
      <ItemType>0</ItemType>
      <ItemName>תפוזינה תפוז דיאט 1.</ItemName>
      <ManufacturerName>יפאורה תבורי</ManufacturerName>
      <ManufactureCountry>לא ידוע</ManufactureCountry>
      <ManufacturerItemDescription>תפוזינה תפוז דיאט 1.5 ליטר</ManufacturerItemDescription>
      <UnitQty>ליטרים</UnitQty>
      <Quantity>1.50</Quantity>
      <UnitOfMeasure>ליטר    </UnitOfMeasure>
      <bIsWeighted>0</bIsWeighted>
      <QtyInPackage>1</QtyInPackage>
      <ItemPrice>5.90</ItemPrice>
      <UnitOfMeasurePrice>3.9333</UnitOfMeasurePrice>
      <AllowDiscount>1</AllowDiscount>
      <ItemStatus>1</ItemStatus>
      <ItemId>223147</ItemId>
    </Item>
    <Item>
      <PriceUpdateDate>2015-09-20 12:24:36</PriceUpdateDate>
      <ItemCode>3643004</ItemCode>
      <ItemType>0</ItemType>
      <ItemName>אורז בסמטי 1 קג</ItemName>
      <ManufacturerName>סוגת תעשיות בעמ</ManufacturerName>
      <ManufactureCountry>ישראל</ManufactureCountry>
      <ManufacturerItemDescription>אורז בסמטי 1 קג</ManufacturerItemDescription>
      <UnitQty>קילוגרמים</UnitQty>
      <Quantity>1.00</Quantity>
      <UnitOfMeasure>ק"ג     </UnitOfMeasure>
      <bIsWeighted>0</bIsWeighted>
      <QtyInPackage>1</QtyInPackage>
      <ItemPrice>13.90</ItemPrice>
      <UnitOfMeasurePrice>13.9000</UnitOfMeasurePrice>
      <AllowDiscount>1</AllowDiscount>
      <ItemStatus>1</ItemStatus>
      <ItemId>223148</ItemId>
    </Item>
    <Item>
      <PriceUpdateDate>2015-01-01 00:00:00</PriceUpdateDate>
      <ItemCode>3643646</ItemCode>
      <ItemType>0</ItemType>
      <ItemName>סוכר דמררה צנצנת 1 ק</ItemName>
      <ManufacturerName>סוגת תעשיות בעמ</ManufacturerName>
      <ManufactureCountry>ישראל</ManufactureCountry>
      <ManufacturerItemDescription>סוכר דמררה צנצנת 1 קג</ManufacturerItemDescription>
      <UnitQty>קילוגרמים</UnitQty>
      <Quantity>1.00</Quantity>
      <UnitOfMeasure>ק"ג     </UnitOfMeasure>
      <bIsWeighted>0</bIsWeighted>
      <QtyInPackage>1</QtyInPackage>
      <ItemPrice>11.90</ItemPrice>
      <UnitOfMeasurePrice>11.9000</UnitOfMeasurePrice>
      <AllowDiscount>1</AllowDiscount>
      <ItemStatus>1</ItemStatus>
      <ItemId>223152</ItemId>
    </Item>
    <Item>
      <PriceUpdateDate>2015-01-01 00:00:00</PriceUpdateDate>
      <ItemCode>3667109</ItemCode>
      <ItemType>0</ItemType>
      <ItemName>פאנטה 1.5 ליטר</ItemName>
      <ManufacturerName>קוקה קולה</ManufacturerName>
      <ManufactureCountry>לא ידוע</ManufactureCountry>
      <ManufacturerItemDescription>פאנטה 1.5 ליטר</ManufacturerItemDescription>
      <UnitQty>ליטרים</UnitQty>
      <Quantity>1.50</Quantity>
      <UnitOfMeasure>ליטר    </UnitOfMeasure>
      <bIsWeighted>0</bIsWeighted>
      <QtyInPackage>1</QtyInPackage>
      <ItemPrice>6.50</ItemPrice>
      <UnitOfMeasurePrice>4.3333</UnitOfMeasurePrice>
      <AllowDiscount>1</AllowDiscount>
      <ItemStatus>1</ItemStatus>
      <ItemId>223162</ItemId>
    </Item>
    <Item>
      <PriceUpdateDate>2015-01-01 00:00:00</PriceUpdateDate>
      <ItemCode>3667369</ItemCode>
      <ItemType>0</ItemType>
      <ItemName>פריגת מיקס תות בננה</ItemName>
      <ManufacturerName>פריגת</ManufacturerName>
      <ManufactureCountry>לא ידוע</ManufactureCountry>
      <ManufacturerItemDescription>פריגת מיקס תות בננה 1.5 ליטר</ManufacturerItemDescription>
      <UnitQty>ליטרים</UnitQty>
      <Quantity>1.50</Quantity>
      <UnitOfMeasure>ליטר    </UnitOfMeasure>
      <bIsWeighted>0</bIsWeighted>
      <QtyInPackage>1</QtyInPackage>
      <ItemPrice>5.90</ItemPrice>
      <UnitOfMeasurePrice>3.9333</UnitOfMeasurePrice>
      <AllowDiscount>1</AllowDiscount>
      <ItemStatus>1</ItemStatus>
      <ItemId>223163</ItemId>
    </Item>
    <Item>
      <PriceUpdateDate>2015-01-01 00:00:00</PriceUpdateDate>
      <ItemCode>3667673</ItemCode>
      <ItemType>0</ItemType>
      <ItemName>פאנטה דיאט 1.5 ל</ItemName>
      <ManufacturerName>קוקה קולה</ManufacturerName>
      <ManufactureCountry>לא ידוע</ManufactureCountry>
      <ManufacturerItemDescription>פאנטה דיאט 1.5 ל</ManufacturerItemDescription>
      <UnitQty>ליטרים</UnitQty>
      <Quantity>1.50</Quantity>
      <UnitOfMeasure>ליטר    </UnitOfMeasure>
      <bIsWeighted>0</bIsWeighted>
      <QtyInPackage>1</QtyInPackage>
      <ItemPrice>6.50</ItemPrice>
      <UnitOfMeasurePrice>4.3333</UnitOfMeasurePrice>
      <AllowDiscount>1</AllowDiscount>
      <ItemStatus>1</ItemStatus>
      <ItemId>223166</ItemId>
    </Item>
    <Item>
      <PriceUpdateDate>2015-01-01 00:00:00</PriceUpdateDate>
      <ItemCode>3681211</ItemCode>
      <ItemType>0</ItemType>
      <ItemName>צנובר 100 גרם</ItemName>
      <ManufacturerName>מיה תעשיות מזון בעמ</ManufacturerName>
      <ManufactureCountry>ישראל</ManufactureCountry>
      <ManufacturerItemDescription>צנובר 100 גרם</ManufacturerItemDescription>
      <UnitQty>גרמים</UnitQty>
      <Quantity>100.00</Quantity>
      <UnitOfMeasure>100 גרם</UnitOfMeasure>
      <bIsWeighted>0</bIsWeighted>
      <QtyInPackage>1</QtyInPackage>
      <ItemPrice>19.90</ItemPrice>
      <UnitOfMeasurePrice>19.9000</UnitOfMeasurePrice>
      <AllowDiscount>1</AllowDiscount>
      <ItemStatus>1</ItemStatus>
      <ItemId>223170</ItemId>
    </Item>
    <Item>
      <PriceUpdateDate>2015-01-01 00:00:00</PriceUpdateDate>
      <ItemCode>3681228</ItemCode>
      <ItemType>0</ItemType>
      <ItemName>עלי דפנה 10 גרם צנצנ</ItemName>
      <ManufacturerName>מיה תעשיות מזון בעמ</ManufacturerName>
      <ManufactureCountry>ישראל</ManufactureCountry>
      <ManufacturerItemDescription>עלי דפנה 10 גרם צנצנת</ManufacturerItemDescription>
      <UnitQty>גרמים</UnitQty>
      <Quantity>10.00</Quantity>
      <UnitOfMeasure>100 גרם</UnitOfMeasure>
      <bIsWeighted>0</bIsWeighted>
      <QtyInPackage>1</QtyInPackage>
      <ItemPrice>5.80</ItemPrice>
      <UnitOfMeasurePrice>58.0000</UnitOfMeasurePrice>
      <AllowDiscount>1</AllowDiscount>
      <ItemStatus>1</ItemStatus>
      <ItemId>223171</ItemId>
    </Item>
    <Item>
      <PriceUpdateDate>2015-01-01 00:00:00</PriceUpdateDate>
      <ItemCode>3681235</ItemCode>
      <ItemType>0</ItemType>
      <ItemName>פלפל אנגלי  50 גרם צ</ItemName>
      <ManufacturerName>מיה תעשיות מזון בעמ</ManufacturerName>
      <ManufactureCountry>ישראל</ManufactureCountry>
      <ManufacturerItemDescription>פלפל אנגלי  50 גרם צנצנת</ManufacturerItemDescription>
      <UnitQty>גרמים</UnitQty>
      <Quantity>50.00</Quantity>
      <UnitOfMeasure>100 גרם</UnitOfMeasure>
      <bIsWeighted>0</bIsWeighted>
      <QtyInPackage>1</QtyInPackage>
      <ItemPrice>9.90</ItemPrice>
      <UnitOfMeasurePrice>19.8000</UnitOfMeasurePrice>
      <AllowDiscount>1</AllowDiscount>
      <ItemStatus>1</ItemStatus>
      <ItemId>223172</ItemId>
    </Item>
    <Item>
      <PriceUpdateDate>2015-01-01 00:00:00</PriceUpdateDate>
      <ItemCode>3681242</ItemCode>
      <ItemType>0</ItemType>
      <ItemName>זעתר 50 גרם צנצנת</ItemName>
      <ManufacturerName>מיה תעשיות מזון בעמ</ManufacturerName>
      <ManufactureCountry>ישראל</ManufactureCountry>
      <ManufacturerItemDescription>זעתר 50 גרם צנצנת</ManufacturerItemDescription>
      <UnitQty>גרמים</UnitQty>
      <Quantity>50.00</Quantity>
      <UnitOfMeasure>100 גרם</UnitOfMeasure>
      <bIsWeighted>0</bIsWeighted>
      <QtyInPackage>1</QtyInPackage>
      <ItemPrice>5.80</ItemPrice>
      <UnitOfMeasurePrice>11.6000</UnitOfMeasurePrice>
      <AllowDiscount>1</AllowDiscount>
      <ItemStatus>1</ItemStatus>
      <ItemId>223173</ItemId>
    </Item>
    <Item>
      <PriceUpdateDate>2015-01-01 00:00:00</PriceUpdateDate>
      <ItemCode>7290010193851</ItemCode>
      <ItemType>0</ItemType>
      <ItemName>שניצל אמריקאי 2 ק"ג</ItemName>
      <ManufacturerName>מ ב גלאט עוף למהדרין</ManufacturerName>
      <ManufactureCountry>ישראל</ManufactureCountry>
      <ManufacturerItemDescription>שניצל אמריקאי 2 קג</ManufacturerItemDescription>
      <UnitQty>קילוגרמים</UnitQty>
      <Quantity>2.00</Quantity>
      <UnitOfMeasure>ק"ג     </UnitOfMeasure>
      <bIsWeighted>0</bIsWeighted>
      <QtyInPackage>1</QtyInPackage>
      <ItemPrice>49.90</ItemPrice>
      <UnitOfMeasurePrice>24.9500</UnitOfMeasurePrice>
      <AllowDiscount>1</AllowDiscount>
      <ItemStatus>1</ItemStatus>
      <ItemId>246975</ItemId>
    </Item>
    <Item>
      <PriceUpdateDate>2015-01-01 00:00:00</PriceUpdateDate>
      <ItemCode>3681723</ItemCode>
      <ItemType>0</ItemType>
      <ItemName>תבלין לפיצה 80 גרם צ</ItemName>
      <ManufacturerName>מיה תעשיות מזון בעמ</ManufacturerName>
      <ManufactureCountry>ישראל</ManufactureCountry>
      <ManufacturerItemDescription>תבלין לפיצה 80 גרם צנצנת</ManufacturerItemDescription>
      <UnitQty>גרמים</UnitQty>
      <Quantity>80.00</Quantity>
      <UnitOfMeasure>100 גרם</UnitOfMeasure>
      <bIsWeighted>0</bIsWeighted>
      <QtyInPackage>1</QtyInPackage>
      <ItemPrice>5.80</ItemPrice>
      <UnitOfMeasurePrice>7.2500</UnitOfMeasurePrice>
      <AllowDiscount>1</AllowDiscount>
      <ItemStatus>1</ItemStatus>
      <ItemId>223185</ItemId>
    </Item>
    <Item>
      <PriceUpdateDate>2015-01-01 00:00:00</PriceUpdateDate>
      <ItemCode>3681730</ItemCode>
      <ItemType>0</ItemType>
      <ItemName>תבלין גריל דג 80 גרם</ItemName>
      <ManufacturerName>מיה תעשיות מזון בעמ</ManufacturerName>
      <ManufactureCountry>ישראל</ManufactureCountry>
      <ManufacturerItemDescription>תבלין גריל דג 80 גרם צנצנת</ManufacturerItemDescription>
      <UnitQty>גרמים</UnitQty>
      <Quantity>80.00</Quantity>
      <UnitOfMeasure>100 גרם</UnitOfMeasure>
      <bIsWeighted>0</bIsWeighted>
      <QtyInPackage>1</QtyInPackage>
      <ItemPrice>5.80</ItemPrice>
      <UnitOfMeasurePrice>7.2500</UnitOfMeasurePrice>
      <AllowDiscount>1</AllowDiscount>
      <ItemStatus>1</ItemStatus>
      <ItemId>223186</ItemId>
    </Item>
    <Item>
      <PriceUpdateDate>2015-01-01 00:00:00</PriceUpdateDate>
      <ItemCode>3681747</ItemCode>
      <ItemType>0</ItemType>
      <ItemName>תבלין גריל בשר 80 גר</ItemName>
      <ManufacturerName>מיה תעשיות מזון בעמ</ManufacturerName>
      <ManufactureCountry>ישראל</ManufactureCountry>
      <ManufacturerItemDescription>תבלין גריל בשר 80 גרם צנצנת</ManufacturerItemDescription>
      <UnitQty>גרמים</UnitQty>
      <Quantity>80.00</Quantity>
      <UnitOfMeasure>100 גרם</UnitOfMeasure>
      <bIsWeighted>0</bIsWeighted>
      <QtyInPackage>1</QtyInPackage>
      <ItemPrice>5.80</ItemPrice>
      <UnitOfMeasurePrice>7.2500</UnitOfMeasurePrice>
      <AllowDiscount>1</AllowDiscount>
      <ItemStatus>1</ItemStatus>
      <ItemId>223187</ItemId>
    </Item>
    <Item>
      <PriceUpdateDate>2015-01-01 00:00:00</PriceUpdateDate>
      <ItemCode>3681761</ItemCode>
      <ItemType>0</ItemType>
      <ItemName>גבישי שום 80 גרם צנצ</ItemName>
      <ManufacturerName>מיה תעשיות מזון בעמ</ManufacturerName>
      <ManufactureCountry>ישראל</ManufactureCountry>
      <ManufacturerItemDescription>גבישי שום 80 גרם צנצנת</ManufacturerItemDescription>
      <UnitQty>גרמים</UnitQty>
      <Quantity>100.00</Quantity>
      <UnitOfMeasure>100 גרם</UnitOfMeasure>
      <bIsWeighted>0</bIsWeighted>
      <QtyInPackage>1</QtyInPackage>
      <ItemPrice>5.80</ItemPrice>
      <UnitOfMeasurePrice>5.8000</UnitOfMeasurePrice>
      <AllowDiscount>1</AllowDiscount>
      <ItemStatus>1</ItemStatus>
      <ItemId>223189</ItemId>
    </Item>
    <Item>
      <PriceUpdateDate>2015-01-01 00:00:00</PriceUpdateDate>
      <ItemCode>3681792</ItemCode>
      <ItemType>0</ItemType>
      <ItemName>סוכריות טופי 850 גרם</ItemName>
      <ManufacturerName>מיה תעשיות מזון בעמ</ManufacturerName>
      <ManufactureCountry>ישראל</ManufactureCountry>
      <ManufacturerItemDescription>סוכריות טופי 850 גרם</ManufacturerItemDescription>
      <UnitQty>גרמים</UnitQty>
      <Quantity>850.00</Quantity>
      <UnitOfMeasure>100 גרם</UnitOfMeasure>
      <bIsWeighted>0</bIsWeighted>
      <QtyInPackage>1</QtyInPackage>
      <ItemPrice>13.90</ItemPrice>
      <UnitOfMeasurePrice>1.6353</UnitOfMeasurePrice>
      <AllowDiscount>1</AllowDiscount>
      <ItemStatus>1</ItemStatus>
      <ItemId>223191</ItemId>
    </Item>
    <Item>
      <PriceUpdateDate>2015-01-01 00:00:00</PriceUpdateDate>
      <ItemCode>3681945</ItemCode>
      <ItemType>0</ItemType>
      <ItemName>מיץ לימון סחוט טבעי</ItemName>
      <ManufacturerName>מיה תעשיות מזון בעמ</ManufacturerName>
      <ManufactureCountry>לא ידוע</ManufactureCountry>
      <ManufacturerItemDescription>מיץ לימון סחוט טבעי 500 מ"ל</ManufacturerItemDescription>
      <UnitQty>מיליליטרים</UnitQty>
      <Quantity>500.00</Quantity>
      <UnitOfMeasure>100 מ"ל</UnitOfMeasure>
      <bIsWeighted>0</bIsWeighted>
      <QtyInPackage>1</QtyInPackage>
      <ItemPrice>10.90</ItemPrice>
      <UnitOfMeasurePrice>2.1800</UnitOfMeasurePrice>
      <AllowDiscount>1</AllowDiscount>
      <ItemStatus>1</ItemStatus>
      <ItemId>223194</ItemId>
    </Item>
    <Item>
      <PriceUpdateDate>2015-12-24 12:55:35</PriceUpdateDate>
      <ItemCode>3698622</ItemCode>
      <ItemType>0</ItemType>
      <ItemName>סוכריות טופי פירות</ItemName>
      <ManufacturerName>כרמית</ManufacturerName>
      <ManufactureCountry>ישראל</ManufactureCountry>
      <ManufacturerItemDescription>סוכריות טופי פירות 1 ק"ג</ManufacturerItemDescription>
      <UnitQty>גרמים</UnitQty>
      <Quantity>850.00</Quantity>
      <UnitOfMeasure>100 גרם</UnitOfMeasure>
      <bIsWeighted>0</bIsWeighted>
      <QtyInPackage>1</QtyInPackage>
      <ItemPrice>11.90</ItemPrice>
      <UnitOfMeasurePrice>1.4000</UnitOfMeasurePrice>
      <AllowDiscount>1</AllowDiscount>
      <ItemStatus>1</ItemStatus>
      <ItemId>223196</ItemId>
    </Item>
    <Item>
      <PriceUpdateDate>2015-01-01 00:00:00</PriceUpdateDate>
      <ItemCode>3751105</ItemCode>
      <ItemType>0</ItemType>
      <ItemName>כרעיים עוף מיני במגש</ItemName>
      <ManufacturerName>מ ב גלאט עוף למהדרין</ManufacturerName>
      <ManufactureCountry>ישראל</ManufactureCountry>
      <ManufacturerItemDescription>כרעיים עוף מיני במגש קג</ManufacturerItemDescription>
      <UnitQty>קילוגרמים</UnitQty>
      <Quantity>1.00</Quantity>
      <UnitOfMeasure>ק"ג</UnitOfMeasure>
      <bIsWeighted>1</bIsWeighted>
      <QtyInPackage>1</QtyInPackage>
      <ItemPrice>44.90</ItemPrice>
      <UnitOfMeasurePrice>44.9000</UnitOfMeasurePrice>
      <AllowDiscount>1</AllowDiscount>
      <ItemStatus>1</ItemStatus>
      <ItemId>223201</ItemId>
    </Item>
    <Item>
      <PriceUpdateDate>2015-01-01 00:00:00</PriceUpdateDate>
      <ItemCode>3751136</ItemCode>
      <ItemType>0</ItemType>
      <ItemName>כנפיים עוף בד"צ בק"ג</ItemName>
      <ManufacturerName>מ ב גלאט עוף למהדרין</ManufacturerName>
      <ManufactureCountry>ישראל</ManufactureCountry>
      <ManufacturerItemDescription>כנפיים עוף בדצ בקג</ManufacturerItemDescription>
      <UnitQty>קילוגרמים</UnitQty>
      <Quantity>1.00</Quantity>
      <UnitOfMeasure>ק"ג</UnitOfMeasure>
      <bIsWeighted>1</bIsWeighted>
      <QtyInPackage>1</QtyInPackage>
      <ItemPrice>14.90</ItemPrice>
      <UnitOfMeasurePrice>14.9000</UnitOfMeasurePrice>
      <AllowDiscount>1</AllowDiscount>
      <ItemStatus>1</ItemStatus>
      <ItemId>223203</ItemId>
    </Item>
    <Item>
      <PriceUpdateDate>2016-07-08 08:59:14</PriceUpdateDate>
      <ItemCode>3751174</ItemCode>
      <ItemType>0</ItemType>
      <ItemName>גולש בקר קפוא בק"ג</ItemName>
      <ManufacturerName>מ ב גלאט עוף למהדרין</ManufacturerName>
      <ManufactureCountry>ישראל</ManufactureCountry>
      <ManufacturerItemDescription>גולש בקר קפוא בקג</ManufacturerItemDescription>
      <UnitQty>קילוגרמים</UnitQty>
      <Quantity>1.00</Quantity>
      <UnitOfMeasure>ק"ג</UnitOfMeasure>
      <bIsWeighted>1</bIsWeighted>
      <QtyInPackage>1</QtyInPackage>
      <ItemPrice>71.90</ItemPrice>
      <UnitOfMeasurePrice>71.9000</UnitOfMeasurePrice>
      <AllowDiscount>1</AllowDiscount>
      <ItemStatus>1</ItemStatus>
      <ItemId>223206</ItemId>
    </Item>
    <Item>
      <PriceUpdateDate>2015-01-01 00:00:00</PriceUpdateDate>
      <ItemCode>3751204</ItemCode>
      <ItemType>0</ItemType>
      <ItemName>רולדה הודו בק"ג</ItemName>
      <ManufacturerName>מ ב גלאט עוף למהדרין</ManufacturerName>
      <ManufactureCountry>ישראל</ManufactureCountry>
      <ManufacturerItemDescription>רולדה הודו בקג</ManufacturerItemDescription>
      <UnitQty>קילוגרמים</UnitQty>
      <Quantity>1.00</Quantity>
      <UnitOfMeasure>ק"ג</UnitOfMeasure>
      <bIsWeighted>1</bIsWeighted>
      <QtyInPackage>1</QtyInPackage>
      <ItemPrice>49.90</ItemPrice>
      <UnitOfMeasurePrice>49.9000</UnitOfMeasurePrice>
      <AllowDiscount>1</AllowDiscount>
      <ItemStatus>1</ItemStatus>
      <ItemId>223208</ItemId>
    </Item>
    <Item>
      <PriceUpdateDate>2016-07-08 08:59:14</PriceUpdateDate>
      <ItemCode>3751211</ItemCode>
      <ItemType>0</ItemType>
      <ItemName>טחון בקר 500 גרם</ItemName>
      <ManufacturerName>מ ב גלאט עוף למהדרין</ManufacturerName>
      <ManufactureCountry>ישראל</ManufactureCountry>
      <ManufacturerItemDescription>טחון בקר 500 גרם</ManufacturerItemDescription>
      <UnitQty>גרמים</UnitQty>
      <Quantity>500.00</Quantity>
      <UnitOfMeasure>100 גרם</UnitOfMeasure>
      <bIsWeighted>0</bIsWeighted>
      <QtyInPackage>1</QtyInPackage>
      <ItemPrice>44.90</ItemPrice>
      <UnitOfMeasurePrice>8.9800</UnitOfMeasurePrice>
      <AllowDiscount>1</AllowDiscount>
      <ItemStatus>1</ItemStatus>
      <ItemId>223209</ItemId>
    </Item>
    <Item>
      <PriceUpdateDate>2016-07-08 08:59:14</PriceUpdateDate>
      <ItemCode>3751228</ItemCode>
      <ItemType>0</ItemType>
      <ItemName>בשר לחמין בק"ג</ItemName>
      <ManufacturerName>מ ב גלאט עוף למהדרין</ManufacturerName>
      <ManufactureCountry>ישראל</ManufactureCountry>
      <ManufacturerItemDescription>בשר לחמין בקג</ManufacturerItemDescription>
      <UnitQty>קילוגרמים</UnitQty>
      <Quantity>1.00</Quantity>
      <UnitOfMeasure>ק"ג</UnitOfMeasure>
      <bIsWeighted>1</bIsWeighted>
      <QtyInPackage>1</QtyInPackage>
      <ItemPrice>69.90</ItemPrice>
      <UnitOfMeasurePrice>69.9000</UnitOfMeasurePrice>
      <AllowDiscount>1</AllowDiscount>
      <ItemStatus>1</ItemStatus>
      <ItemId>223210</ItemId>
    </Item>
    <Item>
      <PriceUpdateDate>2015-01-01 00:00:00</PriceUpdateDate>
      <ItemCode>3751242</ItemCode>
      <ItemType>0</ItemType>
      <ItemName>טחון הודו 500 גרם</ItemName>
      <ManufacturerName>מ ב גלאט עוף למהדרין</ManufacturerName>
      <ManufactureCountry>ישראל</ManufactureCountry>
      <ManufacturerItemDescription>טחון הודו 500 גרם</ManufacturerItemDescription>
      <UnitQty>גרמים</UnitQty>
      <Quantity>500.00</Quantity>
      <UnitOfMeasure>100 גרם</UnitOfMeasure>
      <bIsWeighted>0</bIsWeighted>
      <QtyInPackage>1</QtyInPackage>
      <ItemPrice>20.90</ItemPrice>
      <UnitOfMeasurePrice>4.1800</UnitOfMeasurePrice>
      <AllowDiscount>1</AllowDiscount>
      <ItemStatus>1</ItemStatus>
      <ItemId>223212</ItemId>
    </Item>
    <Item>
      <PriceUpdateDate>2015-01-01 00:00:00</PriceUpdateDate>
      <ItemCode>3751457</ItemCode>
      <ItemType>0</ItemType>
      <ItemName>כנפיים הודו קפוא בק"</ItemName>
      <ManufacturerName>מ ב גלאט עוף למהדרין</ManufacturerName>
      <ManufactureCountry>ישראל</ManufactureCountry>
      <ManufacturerItemDescription>כנפיים הודו קפוא בקג</ManufacturerItemDescription>
      <UnitQty>קילוגרמים</UnitQty>
      <Quantity>1.00</Quantity>
      <UnitOfMeasure>ק"ג</UnitOfMeasure>
      <bIsWeighted>1</bIsWeighted>
      <QtyInPackage>1</QtyInPackage>
      <ItemPrice>19.90</ItemPrice>
      <UnitOfMeasurePrice>19.9000</UnitOfMeasurePrice>
      <AllowDiscount>1</AllowDiscount>
      <ItemStatus>1</ItemStatus>
      <ItemId>223213</ItemId>
    </Item>
    <Item>
      <PriceUpdateDate>2015-01-01 00:00:00</PriceUpdateDate>
      <ItemCode>3751501</ItemCode>
      <ItemType>0</ItemType>
      <ItemName>הודו אדום בק"ג</ItemName>
      <ManufacturerName>מ ב גלאט עוף למהדרין</ManufacturerName>
      <ManufactureCountry>ישראל</ManufactureCountry>
      <ManufacturerItemDescription>הודו אדום בקג</ManufacturerItemDescription>
      <UnitQty>קילוגרמים</UnitQty>
      <Quantity>1.00</Quantity>
      <UnitOfMeasure>ק"ג</UnitOfMeasure>
      <bIsWeighted>1</bIsWeighted>
      <QtyInPackage>1</QtyInPackage>
      <ItemPrice>45.90</ItemPrice>
      <UnitOfMeasurePrice>45.9000</UnitOfMeasurePrice>
      <AllowDiscount>1</AllowDiscount>
      <ItemStatus>1</ItemStatus>
      <ItemId>223215</ItemId>
    </Item>
    <Item>
      <PriceUpdateDate>2015-01-01 00:00:00</PriceUpdateDate>
      <ItemCode>3751532</ItemCode>
      <ItemType>0</ItemType>
      <ItemName>עוף מס 2 קפוא בשקית</ItemName>
      <ManufacturerName>מ ב גלאט עוף למהדרין</ManufacturerName>
      <ManufactureCountry>ישראל</ManufactureCountry>
      <ManufacturerItemDescription>עוף מס 2 קפוא בשקית בדצ</ManufacturerItemDescription>
      <UnitQty>קילוגרמים</UnitQty>
      <Quantity>1.00</Quantity>
      <UnitOfMeasure>ק"ג</UnitOfMeasure>
      <bIsWeighted>1</bIsWeighted>
      <QtyInPackage>1</QtyInPackage>
      <ItemPrice>25.90</ItemPrice>
      <UnitOfMeasurePrice>25.9000</UnitOfMeasurePrice>
      <AllowDiscount>1</AllowDiscount>
      <ItemStatus>1</ItemStatus>
      <ItemId>223216</ItemId>
    </Item>
    <Item>
      <PriceUpdateDate>2015-01-01 00:00:00</PriceUpdateDate>
      <ItemCode>3751563</ItemCode>
      <ItemType>0</ItemType>
      <ItemName>גרון הודו בק"ג</ItemName>
      <ManufacturerName>מ ב גלאט עוף למהדרין</ManufacturerName>
      <ManufactureCountry>ישראל</ManufactureCountry>
      <ManufacturerItemDescription>גרון הודו בקג</ManufacturerItemDescription>
      <UnitQty>קילוגרמים</UnitQty>
      <Quantity>1.00</Quantity>
      <UnitOfMeasure>ק"ג</UnitOfMeasure>
      <bIsWeighted>1</bIsWeighted>
      <QtyInPackage>1</QtyInPackage>
      <ItemPrice>33.90</ItemPrice>
      <UnitOfMeasurePrice>33.9000</UnitOfMeasurePrice>
      <AllowDiscount>1</AllowDiscount>
      <ItemStatus>1</ItemStatus>
      <ItemId>223217</ItemId>
    </Item>
    <Item>
      <PriceUpdateDate>2015-01-01 00:00:00</PriceUpdateDate>
      <ItemCode>3751624</ItemCode>
      <ItemType>0</ItemType>
      <ItemName>כנפיים הודו בק"ג</ItemName>
      <ManufacturerName>,</ManufacturerName>
      <ManufactureCountry>לא ידוע</ManufactureCountry>
      <ManufacturerItemDescription>כנפיים הודו בק"ג</ManufacturerItemDescription>
      <UnitQty>קילוגרמים</UnitQty>
      <Quantity>1.00</Quantity>
      <UnitOfMeasure>ק"ג</UnitOfMeasure>
      <bIsWeighted>1</bIsWeighted>
      <QtyInPackage>לא ידוע</QtyInPackage>
      <ItemPrice>19.90</ItemPrice>
      <UnitOfMeasurePrice>19.9000</UnitOfMeasurePrice>
      <AllowDiscount>1</AllowDiscount>
      <ItemStatus>1</ItemStatus>
      <ItemId>223219</ItemId>
    </Item>
    <Item>
      <PriceUpdateDate>2015-01-01 00:00:00</PriceUpdateDate>
      <ItemCode>7290013269300</ItemCode>
      <ItemType>0</ItemType>
      <ItemName>ניילון נצמד סנו סושי</ItemName>
      <ManufacturerName>FV HK</ManufacturerName>
      <ManufactureCountry>לא ידוע</ManufactureCountry>
      <ManufacturerItemDescription>ניילון נצמד סנו סושי 150 מטר+סכין חיתוך</ManufacturerItemDescription>
      <UnitQty>Unknown </UnitQty>
      <Quantity>0.00</Quantity>
      <UnitOfMeasure>Unknown </UnitOfMeasure>
      <bIsWeighted>0</bIsWeighted>
      <QtyInPackage>1</QtyInPackage>
      <ItemPrice>32.90</ItemPrice>
      <UnitOfMeasurePrice>0.0000</UnitOfMeasurePrice>
      <AllowDiscount>1</AllowDiscount>
      <ItemStatus>1</ItemStatus>
      <ItemId>245999</ItemId>
    </Item>
    <Item>
      <PriceUpdateDate>2015-01-01 00:00:00</PriceUpdateDate>
      <ItemCode>3751808</ItemCode>
      <ItemType>0</ItemType>
      <ItemName>רגל עוף נקי מהדרין ב</ItemName>
      <ManufacturerName>מ ב גלאט עוף למהדרין</ManufacturerName>
      <ManufactureCountry>ישראל</ManufactureCountry>
      <ManufacturerItemDescription>רגל עוף נקי מהדרין בקג</ManufacturerItemDescription>
      <UnitQty>קילוגרמים</UnitQty>
      <Quantity>1.00</Quantity>
      <UnitOfMeasure>ק"ג</UnitOfMeasure>
      <bIsWeighted>1</bIsWeighted>
      <QtyInPackage>1</QtyInPackage>
      <ItemPrice>17.90</ItemPrice>
      <UnitOfMeasurePrice>17.9000</UnitOfMeasurePrice>
      <AllowDiscount>1</AllowDiscount>
      <ItemStatus>1</ItemStatus>
      <ItemId>223226</ItemId>
    </Item>
    <Item>
      <PriceUpdateDate>2015-01-01 00:00:00</PriceUpdateDate>
      <ItemCode>3751846</ItemCode>
      <ItemType>0</ItemType>
      <ItemName>ירכיים עוף קפוא מהדר</ItemName>
      <ManufacturerName>מ ב גלאט עוף למהדרין</ManufacturerName>
      <ManufactureCountry>ישראל</ManufactureCountry>
      <ManufacturerItemDescription>ירכיים עוף קפוא מהדרין</ManufacturerItemDescription>
      <UnitQty>קילוגרמים</UnitQty>
      <Quantity>1.00</Quantity>
      <UnitOfMeasure>ק"ג</UnitOfMeasure>
      <bIsWeighted>1</bIsWeighted>
      <QtyInPackage>1</QtyInPackage>
      <ItemPrice>34.90</ItemPrice>
      <UnitOfMeasurePrice>34.9000</UnitOfMeasurePrice>
      <AllowDiscount>1</AllowDiscount>
      <ItemStatus>1</ItemStatus>
      <ItemId>223229</ItemId>
    </Item>
    <Item>
      <PriceUpdateDate>2015-01-01 00:00:00</PriceUpdateDate>
      <ItemCode>3781614</ItemCode>
      <ItemType>0</ItemType>
      <ItemName>אורז יסמין  5 ק"ג</ItemName>
      <ManufacturerName>תאי גרנלוקס</ManufacturerName>
      <ManufactureCountry>תאילנד</ManufactureCountry>
      <ManufacturerItemDescription>אורז יסמין  5 קג</ManufacturerItemDescription>
      <UnitQty>קילוגרמים</UnitQty>
      <Quantity>5.00</Quantity>
      <UnitOfMeasure>ק"ג     </UnitOfMeasure>
      <bIsWeighted>0</bIsWeighted>
      <QtyInPackage>1</QtyInPackage>
      <ItemPrice>29.90</ItemPrice>
      <UnitOfMeasurePrice>5.9800</UnitOfMeasurePrice>
      <AllowDiscount>1</AllowDiscount>
      <ItemStatus>1</ItemStatus>
      <ItemId>223240</ItemId>
    </Item>
    <Item>
      <PriceUpdateDate>2015-01-01 00:00:00</PriceUpdateDate>
      <ItemCode>3782376</ItemCode>
      <ItemType>0</ItemType>
      <ItemName>מקרל מעושן שלם בוואק</ItemName>
      <ManufacturerName>מעדני מיקי תעשיות מז</ManufacturerName>
      <ManufactureCountry>לא ידוע</ManufactureCountry>
      <ManufacturerItemDescription>מקרל מעושן שלם בוואקום מ</ManufacturerItemDescription>
      <UnitQty>קילוגרמים</UnitQty>
      <Quantity>1.00</Quantity>
      <UnitOfMeasure>ק"ג</UnitOfMeasure>
      <bIsWeighted>1</bIsWeighted>
      <QtyInPackage>לא ידוע</QtyInPackage>
      <ItemPrice>89.90</ItemPrice>
      <UnitOfMeasurePrice>89.9000</UnitOfMeasurePrice>
      <AllowDiscount>1</AllowDiscount>
      <ItemStatus>1</ItemStatus>
      <ItemId>223241</ItemId>
    </Item>
    <Item>
      <PriceUpdateDate>2015-01-01 00:00:00</PriceUpdateDate>
      <ItemCode>9003802</ItemCode>
      <ItemType>0</ItemType>
      <ItemName>חזרת</ItemName>
      <ManufacturerName>,</ManufacturerName>
      <ManufactureCountry>לא ידוע</ManufactureCountry>
      <ManufacturerItemDescription>חזרת</ManufacturerItemDescription>
      <UnitQty>קילוגרמים</UnitQty>
      <Quantity>1.00</Quantity>
      <UnitOfMeasure>ק"ג</UnitOfMeasure>
      <bIsWeighted>1</bIsWeighted>
      <QtyInPackage>לא ידוע</QtyInPackage>
      <ItemPrice>29.90</ItemPrice>
      <UnitOfMeasurePrice>29.9000</UnitOfMeasurePrice>
      <AllowDiscount>1</AllowDiscount>
      <ItemStatus>1</ItemStatus>
      <ItemId>223243</ItemId>
    </Item>
    <Item>
      <PriceUpdateDate>2015-09-20 12:48:03</PriceUpdateDate>
      <ItemCode>3805501</ItemCode>
      <ItemType>0</ItemType>
      <ItemName>פתית חסכוני שוודית</ItemName>
      <ManufacturerName>יוניליוור</ManufacturerName>
      <ManufactureCountry>ישראל</ManufactureCountry>
      <ManufacturerItemDescription>פתית חסכוני שוודית 300 גרם</ManufacturerItemDescription>
      <UnitQty>גרמים</UnitQty>
      <Quantity>300.00</Quantity>
      <UnitOfMeasure>100 גרם</UnitOfMeasure>
      <bIsWeighted>0</bIsWeighted>
      <QtyInPackage>1</QtyInPackage>
      <ItemPrice>14.90</ItemPrice>
      <UnitOfMeasurePrice>4.9667</UnitOfMeasurePrice>
      <AllowDiscount>1</AllowDiscount>
      <ItemStatus>1</ItemStatus>
      <ItemId>223246</ItemId>
    </Item>
    <Item>
      <PriceUpdateDate>2015-09-20 12:48:03</PriceUpdateDate>
      <ItemCode>3805525</ItemCode>
      <ItemType>0</ItemType>
      <ItemName>קורנפלקס 750 גרם</ItemName>
      <ManufacturerName>יוניליוור</ManufacturerName>
      <ManufactureCountry>ישראל</ManufactureCountry>
      <ManufacturerItemDescription>קורנפלקס 750 גרם</ManufacturerItemDescription>
      <UnitQty>גרמים</UnitQty>
      <Quantity>750.00</Quantity>
      <UnitOfMeasure>100 גרם</UnitOfMeasure>
      <bIsWeighted>0</bIsWeighted>
      <QtyInPackage>1</QtyInPackage>
      <ItemPrice>14.50</ItemPrice>
      <UnitOfMeasurePrice>1.9333</UnitOfMeasurePrice>
      <AllowDiscount>1</AllowDiscount>
      <ItemStatus>1</ItemStatus>
      <ItemId>223247</ItemId>
    </Item>
    <Item>
      <PriceUpdateDate>2015-01-01 00:00:00</PriceUpdateDate>
      <ItemCode>3805556</ItemCode>
      <ItemType>0</ItemType>
      <ItemName>ברנפלקס 500 גרם</ItemName>
      <ManufacturerName>יוניליוור</ManufacturerName>
      <ManufactureCountry>ישראל</ManufactureCountry>
      <ManufacturerItemDescription>ברנפלקס 500 גרם</ManufacturerItemDescription>
      <UnitQty>גרמים</UnitQty>
      <Quantity>500.00</Quantity>
      <UnitOfMeasure>100 גרם</UnitOfMeasure>
      <bIsWeighted>0</bIsWeighted>
      <QtyInPackage>1</QtyInPackage>
      <ItemPrice>21.90</ItemPrice>
      <UnitOfMeasurePrice>4.3800</UnitOfMeasurePrice>
      <AllowDiscount>1</AllowDiscount>
      <ItemStatus>1</ItemStatus>
      <ItemId>223250</ItemId>
    </Item>
    <Item>
      <PriceUpdateDate>2015-09-20 12:48:03</PriceUpdateDate>
      <ItemCode>3805587</ItemCode>
      <ItemType>0</ItemType>
      <ItemName>פתית שום 250 גרם בד"</ItemName>
      <ManufacturerName>יוניליוור</ManufacturerName>
      <ManufactureCountry>ישראל</ManufactureCountry>
      <ManufacturerItemDescription>פתית שום 250 גרם בדצ</ManufacturerItemDescription>
      <UnitQty>גרמים</UnitQty>
      <Quantity>250.00</Quantity>
      <UnitOfMeasure>100 גרם</UnitOfMeasure>
      <bIsWeighted>0</bIsWeighted>
      <QtyInPackage>1</QtyInPackage>
      <ItemPrice>14.90</ItemPrice>
      <UnitOfMeasurePrice>5.9600</UnitOfMeasurePrice>
      <AllowDiscount>1</AllowDiscount>
      <ItemStatus>1</ItemStatus>
      <ItemId>223251</ItemId>
    </Item>
    <Item>
      <PriceUpdateDate>2015-01-01 00:00:00</PriceUpdateDate>
      <ItemCode>3805686</ItemCode>
      <ItemType>0</ItemType>
      <ItemName>קוקומן פצפוצים 500 ג</ItemName>
      <ManufacturerName>יוניליוור</ManufacturerName>
      <ManufactureCountry>ישראל</ManufactureCountry>
      <ManufacturerItemDescription>קוקומן פצפוצים 500 גרם</ManufacturerItemDescription>
      <UnitQty>גרמים</UnitQty>
      <Quantity>500.00</Quantity>
      <UnitOfMeasure>100 גרם</UnitOfMeasure>
      <bIsWeighted>0</bIsWeighted>
      <QtyInPackage>1</QtyInPackage>
      <ItemPrice>20.90</ItemPrice>
      <UnitOfMeasurePrice>4.1800</UnitOfMeasurePrice>
      <AllowDiscount>1</AllowDiscount>
      <ItemStatus>1</ItemStatus>
      <ItemId>223252</ItemId>
    </Item>
    <Item>
      <PriceUpdateDate>2016-06-06 17:06:54</PriceUpdateDate>
      <ItemCode>3805709</ItemCode>
      <ItemType>0</ItemType>
      <ItemName>כריות נוגט בד"צ 750</ItemName>
      <ManufacturerName>,</ManufacturerName>
      <ManufactureCountry>לא ידוע</ManufactureCountry>
      <ManufacturerItemDescription>כריות נוגט בד"צ 750 גרם</ManufacturerItemDescription>
      <UnitQty>גרמים</UnitQty>
      <Quantity>750.00</Quantity>
      <UnitOfMeasure>100 גרם</UnitOfMeasure>
      <bIsWeighted>0</bIsWeighted>
      <QtyInPackage>1</QtyInPackage>
      <ItemPrice>23.90</ItemPrice>
      <UnitOfMeasurePrice>3.1867</UnitOfMeasurePrice>
      <AllowDiscount>1</AllowDiscount>
      <ItemStatus>1</ItemStatus>
      <ItemId>223254</ItemId>
    </Item>
    <Item>
      <PriceUpdateDate>2015-12-29 11:53:27</PriceUpdateDate>
      <ItemCode>3807178</ItemCode>
      <ItemType>0</ItemType>
      <ItemName>רוטב סויה סגנון סיני</ItemName>
      <ManufacturerName>יוניליוור</ManufacturerName>
      <ManufactureCountry>ישראל</ManufactureCountry>
      <ManufacturerItemDescription>רוטב סויה סגנון סיני 300 מ"ל</ManufacturerItemDescription>
      <UnitQty>מיליליטרים</UnitQty>
      <Quantity>300.00</Quantity>
      <UnitOfMeasure>100 מ"ל</UnitOfMeasure>
      <bIsWeighted>0</bIsWeighted>
      <QtyInPackage>1</QtyInPackage>
      <ItemPrice>9.90</ItemPrice>
      <UnitOfMeasurePrice>3.3000</UnitOfMeasurePrice>
      <AllowDiscount>1</AllowDiscount>
      <ItemStatus>1</ItemStatus>
      <ItemId>223255</ItemId>
    </Item>
    <Item>
      <PriceUpdateDate>2016-06-07 16:51:12</PriceUpdateDate>
      <ItemCode>7290107280594</ItemCode>
      <ItemType>0</ItemType>
      <ItemName>סנובון מוצק דאבל אקש</ItemName>
      <ManufacturerName>סנו</ManufacturerName>
      <ManufactureCountry>ישראל</ManufactureCountry>
      <ManufacturerItemDescription>סנובון מוצק דאבל אקשן 3 יח</ManufacturerItemDescription>
      <UnitQty>גרמים</UnitQty>
      <Quantity>265.00</Quantity>
      <UnitOfMeasure>100 גרם</UnitOfMeasure>
      <bIsWeighted>0</bIsWeighted>
      <QtyInPackage>1</QtyInPackage>
      <ItemPrice>14.90</ItemPrice>
      <UnitOfMeasurePrice>5.6226</UnitOfMeasurePrice>
      <AllowDiscount>1</AllowDiscount>
      <ItemStatus>1</ItemStatus>
      <ItemId>268405</ItemId>
    </Item>
    <Item>
      <PriceUpdateDate>2015-01-01 00:00:00</PriceUpdateDate>
      <ItemCode>3864478</ItemCode>
      <ItemType>0</ItemType>
      <ItemName>סרדין בשמן צמחי 110</ItemName>
      <ManufacturerName>גולדן פריז</ManufacturerName>
      <ManufactureCountry>לא ידוע</ManufactureCountry>
      <ManufacturerItemDescription>סרדין בשמן צמחי 110 גרם פתח קל חת"ס ב"ב</ManufacturerItemDescription>
      <UnitQty>גרמים</UnitQty>
      <Quantity>110.00</Quantity>
      <UnitOfMeasure>100 גרם</UnitOfMeasure>
      <bIsWeighted>0</bIsWeighted>
      <QtyInPackage>1</QtyInPackage>
      <ItemPrice>4.90</ItemPrice>
      <UnitOfMeasurePrice>4.4545</UnitOfMeasurePrice>
      <AllowDiscount>1</AllowDiscount>
      <ItemStatus>1</ItemStatus>
      <ItemId>223265</ItemId>
    </Item>
    <Item>
      <PriceUpdateDate>2015-01-01 00:00:00</PriceUpdateDate>
      <ItemCode>3864485</ItemCode>
      <ItemType>0</ItemType>
      <ItemName>סרדין ברוטב עגבניות</ItemName>
      <ManufacturerName>גולדן פריז</ManufacturerName>
      <ManufactureCountry>לא ידוע</ManufactureCountry>
      <ManufacturerItemDescription>סרדין ברוטב עגבניות 110 גרם פק חת"ס ב"ב</ManufacturerItemDescription>
      <UnitQty>גרמים</UnitQty>
      <Quantity>110.00</Quantity>
      <UnitOfMeasure>100 גרם</UnitOfMeasure>
      <bIsWeighted>0</bIsWeighted>
      <QtyInPackage>1</QtyInPackage>
      <ItemPrice>4.90</ItemPrice>
      <UnitOfMeasurePrice>4.4545</UnitOfMeasurePrice>
      <AllowDiscount>1</AllowDiscount>
      <ItemStatus>1</ItemStatus>
      <ItemId>223266</ItemId>
    </Item>
    <Item>
      <PriceUpdateDate>2015-01-01 00:00:00</PriceUpdateDate>
      <ItemCode>3864492</ItemCode>
      <ItemType>0</ItemType>
      <ItemName>סרדין בשמן צמחי חריף</ItemName>
      <ManufacturerName>גולדן פריז</ManufacturerName>
      <ManufactureCountry>לא ידוע</ManufactureCountry>
      <ManufacturerItemDescription>סרדין בשמן צמחי חריף 110 גרם פק חת"ס ב"ב</ManufacturerItemDescription>
      <UnitQty>גרמים</UnitQty>
      <Quantity>110.00</Quantity>
      <UnitOfMeasure>100 גרם</UnitOfMeasure>
      <bIsWeighted>0</bIsWeighted>
      <QtyInPackage>1</QtyInPackage>
      <ItemPrice>4.90</ItemPrice>
      <UnitOfMeasurePrice>4.4545</UnitOfMeasurePrice>
      <AllowDiscount>1</AllowDiscount>
      <ItemStatus>1</ItemStatus>
      <ItemId>223267</ItemId>
    </Item>
    <Item>
      <PriceUpdateDate>2015-01-01 00:00:00</PriceUpdateDate>
      <ItemCode>3882922</ItemCode>
      <ItemType>0</ItemType>
      <ItemName>עלי גפן ממולאים באור</ItemName>
      <ManufacturerName>פליריה</ManufacturerName>
      <ManufactureCountry>לא ידוע</ManufactureCountry>
      <ManufacturerItemDescription>עלי גפן ממולאים באורז 400 גרם חת"ס</ManufacturerItemDescription>
      <UnitQty>גרמים</UnitQty>
      <Quantity>400.00</Quantity>
      <UnitOfMeasure>100 גרם</UnitOfMeasure>
      <bIsWeighted>0</bIsWeighted>
      <QtyInPackage>1</QtyInPackage>
      <ItemPrice>7.90</ItemPrice>
      <UnitOfMeasurePrice>1.9750</UnitOfMeasurePrice>
      <AllowDiscount>1</AllowDiscount>
      <ItemStatus>1</ItemStatus>
      <ItemId>223268</ItemId>
    </Item>
    <Item>
      <PriceUpdateDate>2015-01-01 00:00:00</PriceUpdateDate>
      <ItemCode>3989539</ItemCode>
      <ItemType>0</ItemType>
      <ItemName>רביולי גבינה 400 גרם</ItemName>
      <ManufacturerName>שטראוס</ManufacturerName>
      <ManufactureCountry>ישראל</ManufactureCountry>
      <ManufacturerItemDescription>רביולי גבינה 400 גרם</ManufacturerItemDescription>
      <UnitQty>גרמים</UnitQty>
      <Quantity>400.00</Quantity>
      <UnitOfMeasure>100 גרם</UnitOfMeasure>
      <bIsWeighted>0</bIsWeighted>
      <QtyInPackage>1</QtyInPackage>
      <ItemPrice>19.90</ItemPrice>
      <UnitOfMeasurePrice>4.9750</UnitOfMeasurePrice>
      <AllowDiscount>1</AllowDiscount>
      <ItemStatus>1</ItemStatus>
      <ItemId>223270</ItemId>
    </Item>
    <Item>
      <PriceUpdateDate>2015-01-01 00:00:00</PriceUpdateDate>
      <ItemCode>3989553</ItemCode>
      <ItemType>0</ItemType>
      <ItemName>טורטלני פטריות 400 ג</ItemName>
      <ManufacturerName>שטראוס</ManufacturerName>
      <ManufactureCountry>ישראל</ManufactureCountry>
      <ManufacturerItemDescription>טורטלני פטריות 400 גרם</ManufacturerItemDescription>
      <UnitQty>גרמים</UnitQty>
      <Quantity>400.00</Quantity>
      <UnitOfMeasure>100 גרם</UnitOfMeasure>
      <bIsWeighted>0</bIsWeighted>
      <QtyInPackage>1</QtyInPackage>
      <ItemPrice>19.90</ItemPrice>
      <UnitOfMeasurePrice>4.9750</UnitOfMeasurePrice>
      <AllowDiscount>1</AllowDiscount>
      <ItemStatus>1</ItemStatus>
      <ItemId>223271</ItemId>
    </Item>
    <Item>
      <PriceUpdateDate>2015-01-01 00:00:00</PriceUpdateDate>
      <ItemCode>3996018</ItemCode>
      <ItemType>0</ItemType>
      <ItemName>חסה ערבית גלאט</ItemName>
      <ManufacturerName>,</ManufacturerName>
      <ManufactureCountry>לא ידוע</ManufactureCountry>
      <ManufacturerItemDescription>חסה ערבית גלאט</ManufacturerItemDescription>
      <UnitQty>Unknown </UnitQty>
      <Quantity>0.00</Quantity>
      <UnitOfMeasure>Unknown </UnitOfMeasure>
      <bIsWeighted>0</bIsWeighted>
      <QtyInPackage>1</QtyInPackage>
      <ItemPrice>7.90</ItemPrice>
      <UnitOfMeasurePrice>0.0000</UnitOfMeasurePrice>
      <AllowDiscount>1</AllowDiscount>
      <ItemStatus>1</ItemStatus>
      <ItemId>223273</ItemId>
    </Item>
    <Item>
      <PriceUpdateDate>2015-01-01 00:00:00</PriceUpdateDate>
      <ItemCode>3996049</ItemCode>
      <ItemType>0</ItemType>
      <ItemName>פטרוזיליה מהדרין</ItemName>
      <ManufacturerName>,</ManufacturerName>
      <ManufactureCountry>לא ידוע</ManufactureCountry>
      <ManufacturerItemDescription>פטרוזיליה מהדרין</ManufacturerItemDescription>
      <UnitQty>Unknown </UnitQty>
      <Quantity>0.00</Quantity>
      <UnitOfMeasure>Unknown </UnitOfMeasure>
      <bIsWeighted>0</bIsWeighted>
      <QtyInPackage>1</QtyInPackage>
      <ItemPrice>6.90</ItemPrice>
      <UnitOfMeasurePrice>0.0000</UnitOfMeasurePrice>
      <AllowDiscount>1</AllowDiscount>
      <ItemStatus>1</ItemStatus>
      <ItemId>223274</ItemId>
    </Item>
    <Item>
      <PriceUpdateDate>2015-01-01 00:00:00</PriceUpdateDate>
      <ItemCode>3996056</ItemCode>
      <ItemType>0</ItemType>
      <ItemName>כוסברה מהדרין</ItemName>
      <ManufacturerName>,</ManufacturerName>
      <ManufactureCountry>לא ידוע</ManufactureCountry>
      <ManufacturerItemDescription>כוסברה מהדרין</ManufacturerItemDescription>
      <UnitQty>Unknown </UnitQty>
      <Quantity>0.00</Quantity>
      <UnitOfMeasure>Unknown </UnitOfMeasure>
      <bIsWeighted>0</bIsWeighted>
      <QtyInPackage>1</QtyInPackage>
      <ItemPrice>6.90</ItemPrice>
      <UnitOfMeasurePrice>0.0000</UnitOfMeasurePrice>
      <AllowDiscount>1</AllowDiscount>
      <ItemStatus>1</ItemStatus>
      <ItemId>223275</ItemId>
    </Item>
    <Item>
      <PriceUpdateDate>2015-01-01 00:00:00</PriceUpdateDate>
      <ItemCode>3996063</ItemCode>
      <ItemType>0</ItemType>
      <ItemName>שמיר מהדרין</ItemName>
      <ManufacturerName>,</ManufacturerName>
      <ManufactureCountry>לא ידוע</ManufactureCountry>
      <ManufacturerItemDescription>שמיר מהדרין</ManufacturerItemDescription>
      <UnitQty>Unknown </UnitQty>
      <Quantity>0.00</Quantity>
      <UnitOfMeasure>Unknown </UnitOfMeasure>
      <bIsWeighted>0</bIsWeighted>
      <QtyInPackage>1</QtyInPackage>
      <ItemPrice>6.90</ItemPrice>
      <UnitOfMeasurePrice>0.0000</UnitOfMeasurePrice>
      <AllowDiscount>1</AllowDiscount>
      <ItemStatus>1</ItemStatus>
      <ItemId>223276</ItemId>
    </Item>
    <Item>
      <PriceUpdateDate>2015-01-01 00:00:00</PriceUpdateDate>
      <ItemCode>3996070</ItemCode>
      <ItemType>0</ItemType>
      <ItemName>נענע מהדרין</ItemName>
      <ManufacturerName>,</ManufacturerName>
      <ManufactureCountry>לא ידוע</ManufactureCountry>
      <ManufacturerItemDescription>נענע מהדרין</ManufacturerItemDescription>
      <UnitQty>Unknown </UnitQty>
      <Quantity>0.00</Quantity>
      <UnitOfMeasure>Unknown </UnitOfMeasure>
      <bIsWeighted>0</bIsWeighted>
      <QtyInPackage>1</QtyInPackage>
      <ItemPrice>6.90</ItemPrice>
      <UnitOfMeasurePrice>0.0000</UnitOfMeasurePrice>
      <AllowDiscount>1</AllowDiscount>
      <ItemStatus>1</ItemStatus>
      <ItemId>223277</ItemId>
    </Item>
    <Item>
      <PriceUpdateDate>2015-01-01 00:00:00</PriceUpdateDate>
      <ItemCode>3996117</ItemCode>
      <ItemType>0</ItemType>
      <ItemName>כרוב לבן מהדרין</ItemName>
      <ManufacturerName>,</ManufacturerName>
      <ManufactureCountry>לא ידוע</ManufactureCountry>
      <ManufacturerItemDescription>כרוב לבן מהדרין</ManufacturerItemDescription>
      <UnitQty>קילוגרמים</UnitQty>
      <Quantity>1.00</Quantity>
      <UnitOfMeasure>ק"ג</UnitOfMeasure>
      <bIsWeighted>1</bIsWeighted>
      <QtyInPackage>לא ידוע</QtyInPackage>
      <ItemPrice>14.90</ItemPrice>
      <UnitOfMeasurePrice>14.9000</UnitOfMeasurePrice>
      <AllowDiscount>1</AllowDiscount>
      <ItemStatus>1</ItemStatus>
      <ItemId>223279</ItemId>
    </Item>
    <Item>
      <PriceUpdateDate>2015-01-01 00:00:00</PriceUpdateDate>
      <ItemCode>3996124</ItemCode>
      <ItemType>0</ItemType>
      <ItemName>כרוב אדום חסלט</ItemName>
      <ManufacturerName>,</ManufacturerName>
      <ManufactureCountry>לא ידוע</ManufactureCountry>
      <ManufacturerItemDescription>כרוב אדום חסלט</ManufacturerItemDescription>
      <UnitQty>קילוגרמים</UnitQty>
      <Quantity>1.00</Quantity>
      <UnitOfMeasure>ק"ג</UnitOfMeasure>
      <bIsWeighted>1</bIsWeighted>
      <QtyInPackage>לא ידוע</QtyInPackage>
      <ItemPrice>14.90</ItemPrice>
      <UnitOfMeasurePrice>14.9000</UnitOfMeasurePrice>
      <AllowDiscount>1</AllowDiscount>
      <ItemStatus>1</ItemStatus>
      <ItemId>223280</ItemId>
    </Item>
    <Item>
      <PriceUpdateDate>2016-02-24 13:45:48</PriceUpdateDate>
      <ItemCode>3996452</ItemCode>
      <ItemType>0</ItemType>
      <ItemName>חסה קצוצה 1 ק"ג</ItemName>
      <ManufacturerName>,</ManufacturerName>
      <ManufactureCountry>לא ידוע</ManufactureCountry>
      <ManufacturerItemDescription>חסה קצוצה 1 ק"ג</ManufacturerItemDescription>
      <UnitQty>Unknown </UnitQty>
      <Quantity>0.00</Quantity>
      <UnitOfMeasure>Unknown </UnitOfMeasure>
      <bIsWeighted>0</bIsWeighted>
      <QtyInPackage>1</QtyInPackage>
      <ItemPrice>19.90</ItemPrice>
      <UnitOfMeasurePrice>0.0000</UnitOfMeasurePrice>
      <AllowDiscount>1</AllowDiscount>
      <ItemStatus>1</ItemStatus>
      <ItemId>223286</ItemId>
    </Item>
    <Item>
      <PriceUpdateDate>2016-05-05 17:49:06</PriceUpdateDate>
      <ItemCode>3996490</ItemCode>
      <ItemType>0</ItemType>
      <ItemName>עלי חסה רומית חסלט</ItemName>
      <ManufacturerName>,</ManufacturerName>
      <ManufactureCountry>לא ידוע</ManufactureCountry>
      <ManufacturerItemDescription>עלי חסה רומית חסלט</ManufacturerItemDescription>
      <UnitQty>גרמים</UnitQty>
      <Quantity>160.00</Quantity>
      <UnitOfMeasure>100 גרם</UnitOfMeasure>
      <bIsWeighted>0</bIsWeighted>
      <QtyInPackage>1</QtyInPackage>
      <ItemPrice>10.90</ItemPrice>
      <UnitOfMeasurePrice>6.8125</UnitOfMeasurePrice>
      <AllowDiscount>1</AllowDiscount>
      <ItemStatus>1</ItemStatus>
      <ItemId>223287</ItemId>
    </Item>
    <Item>
      <PriceUpdateDate>2016-02-24 13:46:06</PriceUpdateDate>
      <ItemCode>3996506</ItemCode>
      <ItemType>0</ItemType>
      <ItemName>כרוב לבן 400 גרם</ItemName>
      <ManufacturerName>,</ManufacturerName>
      <ManufactureCountry>לא ידוע</ManufactureCountry>
      <ManufacturerItemDescription>כרוב לבן 400 גרם</ManufacturerItemDescription>
      <UnitQty>גרמים</UnitQty>
      <Quantity>400.00</Quantity>
      <UnitOfMeasure>100 גרם</UnitOfMeasure>
      <bIsWeighted>0</bIsWeighted>
      <QtyInPackage>1</QtyInPackage>
      <ItemPrice>10.90</ItemPrice>
      <UnitOfMeasurePrice>2.7250</UnitOfMeasurePrice>
      <AllowDiscount>1</AllowDiscount>
      <ItemStatus>1</ItemStatus>
      <ItemId>223288</ItemId>
    </Item>
    <Item>
      <PriceUpdateDate>2016-02-24 13:46:14</PriceUpdateDate>
      <ItemCode>3996513</ItemCode>
      <ItemType>0</ItemType>
      <ItemName>כרוב אדום 400 גרם</ItemName>
      <ManufacturerName>,</ManufacturerName>
      <ManufactureCountry>לא ידוע</ManufactureCountry>
      <ManufacturerItemDescription>כרוב אדום 400 גרם</ManufacturerItemDescription>
      <UnitQty>גרמים</UnitQty>
      <Quantity>400.00</Quantity>
      <UnitOfMeasure>100 גרם</UnitOfMeasure>
      <bIsWeighted>0</bIsWeighted>
      <QtyInPackage>1</QtyInPackage>
      <ItemPrice>10.90</ItemPrice>
      <UnitOfMeasurePrice>2.7250</UnitOfMeasurePrice>
      <AllowDiscount>1</AllowDiscount>
      <ItemStatus>1</ItemStatus>
      <ItemId>223289</ItemId>
    </Item>
    <Item>
      <PriceUpdateDate>2016-02-24 13:46:20</PriceUpdateDate>
      <ItemCode>3996544</ItemCode>
      <ItemType>0</ItemType>
      <ItemName>חסה קצוצה 300 גרם</ItemName>
      <ManufacturerName>,</ManufacturerName>
      <ManufactureCountry>לא ידוע</ManufactureCountry>
      <ManufacturerItemDescription>חסה קצוצה 300 גרם</ManufacturerItemDescription>
      <UnitQty>גרמים</UnitQty>
      <Quantity>310.00</Quantity>
      <UnitOfMeasure>100 גרם</UnitOfMeasure>
      <bIsWeighted>0</bIsWeighted>
      <QtyInPackage>1</QtyInPackage>
      <ItemPrice>10.90</ItemPrice>
      <UnitOfMeasurePrice>3.5161</UnitOfMeasurePrice>
      <AllowDiscount>1</AllowDiscount>
      <ItemStatus>1</ItemStatus>
      <ItemId>223291</ItemId>
    </Item>
    <Item>
      <PriceUpdateDate>2016-02-24 13:46:36</PriceUpdateDate>
      <ItemCode>3996551</ItemCode>
      <ItemType>0</ItemType>
      <ItemName>סלט קולסלאו 400 גרם</ItemName>
      <ManufacturerName>,</ManufacturerName>
      <ManufactureCountry>לא ידוע</ManufactureCountry>
      <ManufacturerItemDescription>סלט קולסלאו 400 גרם</ManufacturerItemDescription>
      <UnitQty>גרמים</UnitQty>
      <Quantity>400.00</Quantity>
      <UnitOfMeasure>100 גרם</UnitOfMeasure>
      <bIsWeighted>0</bIsWeighted>
      <QtyInPackage>1</QtyInPackage>
      <ItemPrice>10.90</ItemPrice>
      <UnitOfMeasurePrice>2.7250</UnitOfMeasurePrice>
      <AllowDiscount>1</AllowDiscount>
      <ItemStatus>1</ItemStatus>
      <ItemId>223292</ItemId>
    </Item>
    <Item>
      <PriceUpdateDate>2016-02-24 13:46:45</PriceUpdateDate>
      <ItemCode>3996605</ItemCode>
      <ItemType>0</ItemType>
      <ItemName>לקט ים תיכוני 350 גר</ItemName>
      <ManufacturerName>,</ManufacturerName>
      <ManufactureCountry>לא ידוע</ManufactureCountry>
      <ManufacturerItemDescription>לקט ים תיכוני 350 גר</ManufacturerItemDescription>
      <UnitQty>גרמים</UnitQty>
      <Quantity>400.00</Quantity>
      <UnitOfMeasure>100 גרם</UnitOfMeasure>
      <bIsWeighted>0</bIsWeighted>
      <QtyInPackage>1</QtyInPackage>
      <ItemPrice>10.90</ItemPrice>
      <UnitOfMeasurePrice>2.7250</UnitOfMeasurePrice>
      <AllowDiscount>1</AllowDiscount>
      <ItemStatus>1</ItemStatus>
      <ItemId>223293</ItemId>
    </Item>
    <Item>
      <PriceUpdateDate>2016-05-23 15:25:52</PriceUpdateDate>
      <ItemCode>3996971</ItemCode>
      <ItemType>0</ItemType>
      <ItemName>כרוב לבן קצוץ 1 ק"ג</ItemName>
      <ManufacturerName>,</ManufacturerName>
      <ManufactureCountry>לא ידוע</ManufactureCountry>
      <ManufacturerItemDescription>כרוב לבן קצוץ 1 ק"ג</ManufacturerItemDescription>
      <UnitQty>קילוגרמים</UnitQty>
      <Quantity>1.00</Quantity>
      <UnitOfMeasure>ק"ג     </UnitOfMeasure>
      <bIsWeighted>0</bIsWeighted>
      <QtyInPackage>1</QtyInPackage>
      <ItemPrice>15.90</ItemPrice>
      <UnitOfMeasurePrice>15.9000</UnitOfMeasurePrice>
      <AllowDiscount>1</AllowDiscount>
      <ItemStatus>1</ItemStatus>
      <ItemId>223302</ItemId>
    </Item>
    <Item>
      <PriceUpdateDate>2016-05-23 15:25:52</PriceUpdateDate>
      <ItemCode>3996988</ItemCode>
      <ItemType>0</ItemType>
      <ItemName>כרוב אדום 1 ק"ג</ItemName>
      <ManufacturerName>,</ManufacturerName>
      <ManufactureCountry>לא ידוע</ManufactureCountry>
      <ManufacturerItemDescription>כרוב אדום 1 ק"ג</ManufacturerItemDescription>
      <UnitQty>קילוגרמים</UnitQty>
      <Quantity>1.00</Quantity>
      <UnitOfMeasure>ק"ג     </UnitOfMeasure>
      <bIsWeighted>0</bIsWeighted>
      <QtyInPackage>1</QtyInPackage>
      <ItemPrice>15.90</ItemPrice>
      <UnitOfMeasurePrice>15.9000</UnitOfMeasurePrice>
      <AllowDiscount>1</AllowDiscount>
      <ItemStatus>1</ItemStatus>
      <ItemId>223303</ItemId>
    </Item>
    <Item>
      <PriceUpdateDate>2016-05-23 15:25:52</PriceUpdateDate>
      <ItemCode>3996995</ItemCode>
      <ItemType>0</ItemType>
      <ItemName>סלט  קולסלאו 1 קג</ItemName>
      <ManufacturerName>,</ManufacturerName>
      <ManufactureCountry>לא ידוע</ManufactureCountry>
      <ManufacturerItemDescription>סלט  קולסלאו 1 קג</ManufacturerItemDescription>
      <UnitQty>קילוגרמים</UnitQty>
      <Quantity>1.00</Quantity>
      <UnitOfMeasure>ק"ג     </UnitOfMeasure>
      <bIsWeighted>0</bIsWeighted>
      <QtyInPackage>1</QtyInPackage>
      <ItemPrice>15.90</ItemPrice>
      <UnitOfMeasurePrice>15.9000</UnitOfMeasurePrice>
      <AllowDiscount>1</AllowDiscount>
      <ItemStatus>1</ItemStatus>
      <ItemId>223304</ItemId>
    </Item>
    <Item>
      <PriceUpdateDate>2016-05-19 08:09:59</PriceUpdateDate>
      <ItemCode>9000405</ItemCode>
      <ItemType>0</ItemType>
      <ItemName>סלק</ItemName>
      <ManufacturerName>,</ManufacturerName>
      <ManufactureCountry>לא ידוע</ManufactureCountry>
      <ManufacturerItemDescription>סלק</ManufacturerItemDescription>
      <UnitQty>קילוגרמים</UnitQty>
      <Quantity>1.00</Quantity>
      <UnitOfMeasure>ק"ג</UnitOfMeasure>
      <bIsWeighted>1</bIsWeighted>
      <QtyInPackage>לא ידוע</QtyInPackage>
      <ItemPrice>4.90</ItemPrice>
      <UnitOfMeasurePrice>4.9000</UnitOfMeasurePrice>
      <AllowDiscount>1</AllowDiscount>
      <ItemStatus>1</ItemStatus>
      <ItemId>223305</ItemId>
    </Item>
    <Item>
      <PriceUpdateDate>2015-01-01 00:00:00</PriceUpdateDate>
      <ItemCode>4009900387101</ItemCode>
      <ItemType>0</ItemType>
      <ItemName>אורביט פרפשיונל 3 פפ</ItemName>
      <ManufacturerName>ריגלי</ManufacturerName>
      <ManufactureCountry>לא ידוע</ManufactureCountry>
      <ManufacturerItemDescription>אורביט פרפשיונל 3 פפרמינט 42 גרם</ManufacturerItemDescription>
      <UnitQty>גרמים</UnitQty>
      <Quantity>42.00</Quantity>
      <UnitOfMeasure>100 גרם</UnitOfMeasure>
      <bIsWeighted>0</bIsWeighted>
      <QtyInPackage>1</QtyInPackage>
      <ItemPrice>7.90</ItemPrice>
      <UnitOfMeasurePrice>18.8095</UnitOfMeasurePrice>
      <AllowDiscount>1</AllowDiscount>
      <ItemStatus>1</ItemStatus>
      <ItemId>223308</ItemId>
    </Item>
    <Item>
      <PriceUpdateDate>2015-01-01 00:00:00</PriceUpdateDate>
      <ItemCode>7290011860271</ItemCode>
      <ItemType>0</ItemType>
      <ItemName>ביסבול תפו"א 700 גרם</ItemName>
      <ManufacturerName>תפוגן</ManufacturerName>
      <ManufactureCountry>ישראל</ManufactureCountry>
      <ManufacturerItemDescription>ביסבול תפוא 700 גרם</ManufacturerItemDescription>
      <UnitQty>גרמים</UnitQty>
      <Quantity>700.00</Quantity>
      <UnitOfMeasure>100 גרם</UnitOfMeasure>
      <bIsWeighted>0</bIsWeighted>
      <QtyInPackage>1</QtyInPackage>
      <ItemPrice>11.90</ItemPrice>
      <UnitOfMeasurePrice>1.7000</UnitOfMeasurePrice>
      <AllowDiscount>1</AllowDiscount>
      <ItemStatus>1</ItemStatus>
      <ItemId>241104</ItemId>
    </Item>
    <Item>
      <PriceUpdateDate>2015-01-01 00:00:00</PriceUpdateDate>
      <ItemCode>4009900420303</ItemCode>
      <ItemType>0</ItemType>
      <ItemName>אורביט פרופשיונל 3 ס</ItemName>
      <ManufacturerName>ריגלי</ManufacturerName>
      <ManufactureCountry>לא ידוע</ManufactureCountry>
      <ManufacturerItemDescription>אורביט פרופשיונל 3 ספירמינט 42 גרם</ManufacturerItemDescription>
      <UnitQty>גרמים</UnitQty>
      <Quantity>42.00</Quantity>
      <UnitOfMeasure>100 גרם</UnitOfMeasure>
      <bIsWeighted>0</bIsWeighted>
      <QtyInPackage>1</QtyInPackage>
      <ItemPrice>7.90</ItemPrice>
      <UnitOfMeasurePrice>18.8095</UnitOfMeasurePrice>
      <AllowDiscount>1</AllowDiscount>
      <ItemStatus>1</ItemStatus>
      <ItemId>223311</ItemId>
    </Item>
    <Item>
      <PriceUpdateDate>2015-01-01 00:00:00</PriceUpdateDate>
      <ItemCode>40301</ItemCode>
      <ItemType>0</ItemType>
      <ItemName>גבינת קממברט קולאז 1</ItemName>
      <ManufacturerName>תנובה מרכז שיתופי לש</ManufacturerName>
      <ManufactureCountry>לא ידוע</ManufactureCountry>
      <ManufacturerItemDescription>גבינת קממברט קולאז 125 גרם</ManufacturerItemDescription>
      <UnitQty>גרמים</UnitQty>
      <Quantity>125.00</Quantity>
      <UnitOfMeasure>100 גרם</UnitOfMeasure>
      <bIsWeighted>0</bIsWeighted>
      <QtyInPackage>1</QtyInPackage>
      <ItemPrice>17.90</ItemPrice>
      <UnitOfMeasurePrice>14.3200</UnitOfMeasurePrice>
      <AllowDiscount>1</AllowDiscount>
      <ItemStatus>1</ItemStatus>
      <ItemId>223315</ItemId>
    </Item>
    <Item>
      <PriceUpdateDate>2015-01-01 00:00:00</PriceUpdateDate>
      <ItemCode>40318</ItemCode>
      <ItemType>0</ItemType>
      <ItemName>גבינת קולאז ברי 125</ItemName>
      <ManufacturerName>תנובה מרכז שיתופי לש</ManufacturerName>
      <ManufactureCountry>לא ידוע</ManufactureCountry>
      <ManufacturerItemDescription>גבינת קולאז ברי 125 גרם</ManufacturerItemDescription>
      <UnitQty>גרמים</UnitQty>
      <Quantity>125.00</Quantity>
      <UnitOfMeasure>100 גרם</UnitOfMeasure>
      <bIsWeighted>0</bIsWeighted>
      <QtyInPackage>1</QtyInPackage>
      <ItemPrice>17.90</ItemPrice>
      <UnitOfMeasurePrice>14.3200</UnitOfMeasurePrice>
      <AllowDiscount>1</AllowDiscount>
      <ItemStatus>1</ItemStatus>
      <ItemId>223316</ItemId>
    </Item>
    <Item>
      <PriceUpdateDate>2015-01-01 00:00:00</PriceUpdateDate>
      <ItemCode>40462</ItemCode>
      <ItemType>0</ItemType>
      <ItemName>גבינה טוסטי מותכת אד</ItemName>
      <ManufacturerName>תנובה מרכז שיתופי לש</ManufacturerName>
      <ManufactureCountry>לא ידוע</ManufactureCountry>
      <ManufacturerItemDescription>גבינה טוסטי מותכת אדם 200 גרם</ManufacturerItemDescription>
      <UnitQty>גרמים</UnitQty>
      <Quantity>200.00</Quantity>
      <UnitOfMeasure>100 גרם</UnitOfMeasure>
      <bIsWeighted>0</bIsWeighted>
      <QtyInPackage>1</QtyInPackage>
      <ItemPrice>16.90</ItemPrice>
      <UnitOfMeasurePrice>8.4500</UnitOfMeasurePrice>
      <AllowDiscount>1</AllowDiscount>
      <ItemStatus>1</ItemStatus>
      <ItemId>223317</ItemId>
    </Item>
    <Item>
      <PriceUpdateDate>2015-01-01 00:00:00</PriceUpdateDate>
      <ItemCode>4048679</ItemCode>
      <ItemType>0</ItemType>
      <ItemName>קובה למרק 1 ק"ג</ItemName>
      <ManufacturerName>שלושת האופים</ManufacturerName>
      <ManufactureCountry>לא ידוע</ManufactureCountry>
      <ManufacturerItemDescription>קובה למרק 1 ק"ג</ManufacturerItemDescription>
      <UnitQty>קילוגרמים</UnitQty>
      <Quantity>1.00</Quantity>
      <UnitOfMeasure>ק"ג     </UnitOfMeasure>
      <bIsWeighted>0</bIsWeighted>
      <QtyInPackage>1</QtyInPackage>
      <ItemPrice>14.90</ItemPrice>
      <UnitOfMeasurePrice>14.9000</UnitOfMeasurePrice>
      <AllowDiscount>1</AllowDiscount>
      <ItemStatus>1</ItemStatus>
      <ItemId>223321</ItemId>
    </Item>
    <Item>
      <PriceUpdateDate>2015-01-01 00:00:00</PriceUpdateDate>
      <ItemCode>4063016</ItemCode>
      <ItemType>0</ItemType>
      <ItemName>מלח שולחן מעולה 1 ק</ItemName>
      <ManufacturerName>מלחי סלית עתלית</ManufacturerName>
      <ManufactureCountry>ישראל</ManufactureCountry>
      <ManufacturerItemDescription>מלח שולחן 1 קג בדצ</ManufacturerItemDescription>
      <UnitQty>קילוגרמים</UnitQty>
      <Quantity>1.00</Quantity>
      <UnitOfMeasure>ק"ג     </UnitOfMeasure>
      <bIsWeighted>0</bIsWeighted>
      <QtyInPackage>1</QtyInPackage>
      <ItemPrice>1.40</ItemPrice>
      <UnitOfMeasurePrice>1.4000</UnitOfMeasurePrice>
      <AllowDiscount>1</AllowDiscount>
      <ItemStatus>1</ItemStatus>
      <ItemId>223322</ItemId>
    </Item>
    <Item>
      <PriceUpdateDate>2015-01-01 00:00:00</PriceUpdateDate>
      <ItemCode>4091217</ItemCode>
      <ItemType>0</ItemType>
      <ItemName>גודרס מבריק כלי כסף</ItemName>
      <ManufacturerName>אס סי גונסון פורטוגל</ManufacturerName>
      <ManufactureCountry>לא ידוע</ManufactureCountry>
      <ManufacturerItemDescription>גודרס מבריק כלי כסף 125 גר</ManufacturerItemDescription>
      <UnitQty>גרמים</UnitQty>
      <Quantity>125.00</Quantity>
      <UnitOfMeasure>100 גרם</UnitOfMeasure>
      <bIsWeighted>0</bIsWeighted>
      <QtyInPackage>1</QtyInPackage>
      <ItemPrice>16.50</ItemPrice>
      <UnitOfMeasurePrice>13.2000</UnitOfMeasurePrice>
      <AllowDiscount>1</AllowDiscount>
      <ItemStatus>1</ItemStatus>
      <ItemId>223324</ItemId>
    </Item>
    <Item>
      <PriceUpdateDate>2015-01-01 00:00:00</PriceUpdateDate>
      <ItemCode>4091255</ItemCode>
      <ItemType>0</ItemType>
      <ItemName>וזלין פטרולאום גלי 2</ItemName>
      <ManufacturerName>יוניליוור</ManufacturerName>
      <ManufactureCountry>לא ידוע</ManufactureCountry>
      <ManufacturerItemDescription>ואזלין פטרולאום גלי 225 גרם</ManufacturerItemDescription>
      <UnitQty>גרמים</UnitQty>
      <Quantity>225.00</Quantity>
      <UnitOfMeasure>100 גרם</UnitOfMeasure>
      <bIsWeighted>0</bIsWeighted>
      <QtyInPackage>1</QtyInPackage>
      <ItemPrice>16.90</ItemPrice>
      <UnitOfMeasurePrice>7.5111</UnitOfMeasurePrice>
      <AllowDiscount>1</AllowDiscount>
      <ItemStatus>1</ItemStatus>
      <ItemId>223325</ItemId>
    </Item>
    <Item>
      <PriceUpdateDate>2015-01-01 00:00:00</PriceUpdateDate>
      <ItemCode>4119522</ItemCode>
      <ItemType>0</ItemType>
      <ItemName>שוקו שוק בשקית 225 מ</ItemName>
      <ManufacturerName>תנובה מרכז שיתופי לש</ManufacturerName>
      <ManufactureCountry>לא ידוע</ManufactureCountry>
      <ManufacturerItemDescription>שוקו שוק בשקית 225 מ"ל</ManufacturerItemDescription>
      <UnitQty>מיליליטרים</UnitQty>
      <Quantity>225.00</Quantity>
      <UnitOfMeasure>100 מ"ל</UnitOfMeasure>
      <bIsWeighted>0</bIsWeighted>
      <QtyInPackage>1</QtyInPackage>
      <ItemPrice>2.70</ItemPrice>
      <UnitOfMeasurePrice>1.2000</UnitOfMeasurePrice>
      <AllowDiscount>1</AllowDiscount>
      <ItemStatus>1</ItemStatus>
      <ItemId>223326</ItemId>
    </Item>
    <Item>
      <PriceUpdateDate>2015-01-01 00:00:00</PriceUpdateDate>
      <ItemCode>4119928</ItemCode>
      <ItemType>0</ItemType>
      <ItemName>מעדן קרלו וניל 3% 12</ItemName>
      <ManufacturerName>תנובה מרכז שיתופי לש</ManufacturerName>
      <ManufactureCountry>לא ידוע</ManufactureCountry>
      <ManufacturerItemDescription>מעדן קרלו וניל 3% 125 מ"ל</ManufacturerItemDescription>
      <UnitQty>מיליליטרים</UnitQty>
      <Quantity>125.00</Quantity>
      <UnitOfMeasure>100 מ"ל</UnitOfMeasure>
      <bIsWeighted>0</bIsWeighted>
      <QtyInPackage>1</QtyInPackage>
      <ItemPrice>2.70</ItemPrice>
      <UnitOfMeasurePrice>2.1600</UnitOfMeasurePrice>
      <AllowDiscount>1</AllowDiscount>
      <ItemStatus>1</ItemStatus>
      <ItemId>223327</ItemId>
    </Item>
    <Item>
      <PriceUpdateDate>2015-01-01 00:00:00</PriceUpdateDate>
      <ItemCode>4119973</ItemCode>
      <ItemType>0</ItemType>
      <ItemName>מעדן קרלו שוקו 3% 12</ItemName>
      <ManufacturerName>תנובה מרכז שיתופי לש</ManufacturerName>
      <ManufactureCountry>לא ידוע</ManufactureCountry>
      <ManufacturerItemDescription>מעדן קרלו שוקו 3% 125 מ"ל</ManufacturerItemDescription>
      <UnitQty>מיליליטרים</UnitQty>
      <Quantity>125.00</Quantity>
      <UnitOfMeasure>100 מ"ל</UnitOfMeasure>
      <bIsWeighted>0</bIsWeighted>
      <QtyInPackage>1</QtyInPackage>
      <ItemPrice>2.70</ItemPrice>
      <UnitOfMeasurePrice>2.1600</UnitOfMeasurePrice>
      <AllowDiscount>1</AllowDiscount>
      <ItemStatus>1</ItemStatus>
      <ItemId>223328</ItemId>
    </Item>
    <Item>
      <PriceUpdateDate>2016-06-27 16:28:06</PriceUpdateDate>
      <ItemCode>9955514</ItemCode>
      <ItemType>0</ItemType>
      <ItemName>מארז 12 יח מים מינרל</ItemName>
      <ManufacturerName>,</ManufacturerName>
      <ManufactureCountry>לא ידוע</ManufactureCountry>
      <ManufacturerItemDescription>מארז 12 יח מים מינרליים 500 מ"ל</ManufacturerItemDescription>
      <UnitQty>ליטרים</UnitQty>
      <Quantity>6.00</Quantity>
      <UnitOfMeasure>ליטר    </UnitOfMeasure>
      <bIsWeighted>0</bIsWeighted>
      <QtyInPackage>1</QtyInPackage>
      <ItemPrice>12.90</ItemPrice>
      <UnitOfMeasurePrice>2.1500</UnitOfMeasurePrice>
      <AllowDiscount>1</AllowDiscount>
      <ItemStatus>1</ItemStatus>
      <ItemId>268432</ItemId>
    </Item>
    <Item>
      <PriceUpdateDate>2015-01-01 00:00:00</PriceUpdateDate>
      <ItemCode>4120061</ItemCode>
      <ItemType>0</ItemType>
      <ItemName>מעדן קרלו שוניל3% 12</ItemName>
      <ManufacturerName>תנובה מרכז שיתופי לש</ManufacturerName>
      <ManufactureCountry>לא ידוע</ManufactureCountry>
      <ManufacturerItemDescription>מעדן קרלו שוניל3% 125מ"ל</ManufacturerItemDescription>
      <UnitQty>מיליליטרים</UnitQty>
      <Quantity>125.00</Quantity>
      <UnitOfMeasure>100 מ"ל</UnitOfMeasure>
      <bIsWeighted>0</bIsWeighted>
      <QtyInPackage>1</QtyInPackage>
      <ItemPrice>2.70</ItemPrice>
      <UnitOfMeasurePrice>2.1600</UnitOfMeasurePrice>
      <AllowDiscount>1</AllowDiscount>
      <ItemStatus>1</ItemStatus>
      <ItemId>223329</ItemId>
    </Item>
    <Item>
      <PriceUpdateDate>2015-01-01 00:00:00</PriceUpdateDate>
      <ItemCode>4120566</ItemCode>
      <ItemType>0</ItemType>
      <ItemName>גבינה בולגרית 24% פי</ItemName>
      <ManufacturerName>תנובה מרכז שיתופי לש</ManufacturerName>
      <ManufactureCountry>לא ידוע</ManufactureCountry>
      <ManufacturerItemDescription>גבינה בולגרית 24% פיראוס 250 גרם</ManufacturerItemDescription>
      <UnitQty>גרמים</UnitQty>
      <Quantity>250.00</Quantity>
      <UnitOfMeasure>100 גרם</UnitOfMeasure>
      <bIsWeighted>0</bIsWeighted>
      <QtyInPackage>1</QtyInPackage>
      <ItemPrice>20.90</ItemPrice>
      <UnitOfMeasurePrice>8.3600</UnitOfMeasurePrice>
      <AllowDiscount>1</AllowDiscount>
      <ItemStatus>1</ItemStatus>
      <ItemId>223331</ItemId>
    </Item>
    <Item>
      <PriceUpdateDate>2015-01-01 00:00:00</PriceUpdateDate>
      <ItemCode>4120573</ItemCode>
      <ItemType>0</ItemType>
      <ItemName>גבינה בולגרית פיראוס</ItemName>
      <ManufacturerName>תנובה מרכז שיתופי לש</ManufacturerName>
      <ManufactureCountry>לא ידוע</ManufactureCountry>
      <ManufacturerItemDescription>גבינה בולגרית פיראוס 16% 250 גרם</ManufacturerItemDescription>
      <UnitQty>גרמים</UnitQty>
      <Quantity>250.00</Quantity>
      <UnitOfMeasure>100 גרם</UnitOfMeasure>
      <bIsWeighted>0</bIsWeighted>
      <QtyInPackage>1</QtyInPackage>
      <ItemPrice>20.90</ItemPrice>
      <UnitOfMeasurePrice>8.3600</UnitOfMeasurePrice>
      <AllowDiscount>1</AllowDiscount>
      <ItemStatus>1</ItemStatus>
      <ItemId>223332</ItemId>
    </Item>
    <Item>
      <PriceUpdateDate>2015-01-01 00:00:00</PriceUpdateDate>
      <ItemCode>4120634</ItemCode>
      <ItemType>0</ItemType>
      <ItemName>גבינה בולגרית 5% פיר</ItemName>
      <ManufacturerName>תנובה מרכז שיתופי לש</ManufacturerName>
      <ManufactureCountry>לא ידוע</ManufactureCountry>
      <ManufacturerItemDescription>גבינה בולגרית 5% פיראוס 250 גרם</ManufacturerItemDescription>
      <UnitQty>גרמים</UnitQty>
      <Quantity>250.00</Quantity>
      <UnitOfMeasure>100 גרם</UnitOfMeasure>
      <bIsWeighted>0</bIsWeighted>
      <QtyInPackage>1</QtyInPackage>
      <ItemPrice>20.90</ItemPrice>
      <UnitOfMeasurePrice>8.3600</UnitOfMeasurePrice>
      <AllowDiscount>1</AllowDiscount>
      <ItemStatus>1</ItemStatus>
      <ItemId>223333</ItemId>
    </Item>
    <Item>
      <PriceUpdateDate>2016-02-11 13:41:30</PriceUpdateDate>
      <ItemCode>4120832</ItemCode>
      <ItemType>0</ItemType>
      <ItemName>חלב 3% בכד 2 ליטר</ItemName>
      <ManufacturerName>תנובה מרכז שיתופי לש</ManufacturerName>
      <ManufactureCountry>לא ידוע</ManufactureCountry>
      <ManufacturerItemDescription>חלב 3% בכד 2 ליטר</ManufacturerItemDescription>
      <UnitQty>ליטרים</UnitQty>
      <Quantity>2.00</Quantity>
      <UnitOfMeasure>ליטר    </UnitOfMeasure>
      <bIsWeighted>0</bIsWeighted>
      <QtyInPackage>1</QtyInPackage>
      <ItemPrice>11.50</ItemPrice>
      <UnitOfMeasurePrice>5.7500</UnitOfMeasurePrice>
      <AllowDiscount>1</AllowDiscount>
      <ItemStatus>1</ItemStatus>
      <ItemId>223335</ItemId>
    </Item>
    <Item>
      <PriceUpdateDate>2015-01-01 00:00:00</PriceUpdateDate>
      <ItemCode>4121839</ItemCode>
      <ItemType>0</ItemType>
      <ItemName>גבינת פטה 20% פיראוס</ItemName>
      <ManufacturerName>תנובה מרכז שיתופי לש</ManufacturerName>
      <ManufactureCountry>לא ידוע</ManufactureCountry>
      <ManufacturerItemDescription>גבינת פטה 20% פיראוס 250 גרם</ManufacturerItemDescription>
      <UnitQty>גרמים</UnitQty>
      <Quantity>250.00</Quantity>
      <UnitOfMeasure>100 גרם</UnitOfMeasure>
      <bIsWeighted>0</bIsWeighted>
      <QtyInPackage>1</QtyInPackage>
      <ItemPrice>19.90</ItemPrice>
      <UnitOfMeasurePrice>7.9600</UnitOfMeasurePrice>
      <AllowDiscount>1</AllowDiscount>
      <ItemStatus>1</ItemStatus>
      <ItemId>223337</ItemId>
    </Item>
    <Item>
      <PriceUpdateDate>2015-01-01 00:00:00</PriceUpdateDate>
      <ItemCode>4121853</ItemCode>
      <ItemType>0</ItemType>
      <ItemName>גבינה בולגרית קוביות</ItemName>
      <ManufacturerName>תנובה מרכז שיתופי לש</ManufacturerName>
      <ManufactureCountry>לא ידוע</ManufactureCountry>
      <ManufacturerItemDescription>גבינה בולגרית קוביות 5% פיראוס</ManufacturerItemDescription>
      <UnitQty>גרמים</UnitQty>
      <Quantity>200.00</Quantity>
      <UnitOfMeasure>100 גרם</UnitOfMeasure>
      <bIsWeighted>0</bIsWeighted>
      <QtyInPackage>1</QtyInPackage>
      <ItemPrice>14.90</ItemPrice>
      <UnitOfMeasurePrice>7.4500</UnitOfMeasurePrice>
      <AllowDiscount>1</AllowDiscount>
      <ItemStatus>1</ItemStatus>
      <ItemId>223338</ItemId>
    </Item>
    <Item>
      <PriceUpdateDate>2015-07-14 08:26:02</PriceUpdateDate>
      <ItemCode>4122195</ItemCode>
      <ItemType>0</ItemType>
      <ItemName>גבינה גוש חלב פרוס 2</ItemName>
      <ManufacturerName>תנובה מרכז שיתופי לש</ManufacturerName>
      <ManufactureCountry>לא ידוע</ManufactureCountry>
      <ManufacturerItemDescription>גבינה גוש חלב פרוס 200 גרם</ManufacturerItemDescription>
      <UnitQty>גרמים</UnitQty>
      <Quantity>200.00</Quantity>
      <UnitOfMeasure>100 גרם</UnitOfMeasure>
      <bIsWeighted>0</bIsWeighted>
      <QtyInPackage>1</QtyInPackage>
      <ItemPrice>13.90</ItemPrice>
      <UnitOfMeasurePrice>6.9500</UnitOfMeasurePrice>
      <AllowDiscount>1</AllowDiscount>
      <ItemStatus>1</ItemStatus>
      <ItemId>223339</ItemId>
    </Item>
    <Item>
      <PriceUpdateDate>2015-01-01 00:00:00</PriceUpdateDate>
      <ItemCode>4122744</ItemCode>
      <ItemType>0</ItemType>
      <ItemName>יופלה מחית תות 150 ג</ItemName>
      <ManufacturerName>תנובה מרכז שיתופי לש</ManufacturerName>
      <ManufactureCountry>לא ידוע</ManufactureCountry>
      <ManufacturerItemDescription>יופלה מחית תות 150 גרם בד"צ</ManufacturerItemDescription>
      <UnitQty>מיליליטרים</UnitQty>
      <Quantity>150.00</Quantity>
      <UnitOfMeasure>100 מ"ל</UnitOfMeasure>
      <bIsWeighted>0</bIsWeighted>
      <QtyInPackage>1</QtyInPackage>
      <ItemPrice>4.30</ItemPrice>
      <UnitOfMeasurePrice>2.8667</UnitOfMeasurePrice>
      <AllowDiscount>1</AllowDiscount>
      <ItemStatus>1</ItemStatus>
      <ItemId>223341</ItemId>
    </Item>
    <Item>
      <PriceUpdateDate>2015-01-01 00:00:00</PriceUpdateDate>
      <ItemCode>4122751</ItemCode>
      <ItemType>0</ItemType>
      <ItemName>יופלה מחית אפרסק 150</ItemName>
      <ManufacturerName>תנובה מרכז שיתופי לש</ManufacturerName>
      <ManufactureCountry>לא ידוע</ManufactureCountry>
      <ManufacturerItemDescription>יופלה מחית אפרסק 150 בד"צ</ManufacturerItemDescription>
      <UnitQty>מיליליטרים</UnitQty>
      <Quantity>150.00</Quantity>
      <UnitOfMeasure>100 מ"ל</UnitOfMeasure>
      <bIsWeighted>0</bIsWeighted>
      <QtyInPackage>1</QtyInPackage>
      <ItemPrice>4.30</ItemPrice>
      <UnitOfMeasurePrice>2.8667</UnitOfMeasurePrice>
      <AllowDiscount>1</AllowDiscount>
      <ItemStatus>1</ItemStatus>
      <ItemId>223342</ItemId>
    </Item>
    <Item>
      <PriceUpdateDate>2015-09-20 12:53:32</PriceUpdateDate>
      <ItemCode>412481</ItemCode>
      <ItemType>0</ItemType>
      <ItemName>מנקה אסלות 00 1 ליטר</ItemName>
      <ManufacturerName>סנו</ManufacturerName>
      <ManufactureCountry>לא ידוע</ManufactureCountry>
      <ManufacturerItemDescription>מנקה אסלות 00 1 ליטר</ManufacturerItemDescription>
      <UnitQty>ליטרים</UnitQty>
      <Quantity>1.00</Quantity>
      <UnitOfMeasure>ליטר    </UnitOfMeasure>
      <bIsWeighted>0</bIsWeighted>
      <QtyInPackage>1</QtyInPackage>
      <ItemPrice>7.90</ItemPrice>
      <UnitOfMeasurePrice>7.9000</UnitOfMeasurePrice>
      <AllowDiscount>1</AllowDiscount>
      <ItemStatus>1</ItemStatus>
      <ItemId>223344</ItemId>
    </Item>
    <Item>
      <PriceUpdateDate>2015-01-01 00:00:00</PriceUpdateDate>
      <ItemCode>4124847</ItemCode>
      <ItemType>0</ItemType>
      <ItemName>קצפת צמחית השף הלבן</ItemName>
      <ManufacturerName>תנובה מרכז שיתופי לש</ManufacturerName>
      <ManufactureCountry>לא ידוע</ManufactureCountry>
      <ManufacturerItemDescription>קצפת צמחית השף הלבן 500 מ"ל</ManufacturerItemDescription>
      <UnitQty>מיליליטרים</UnitQty>
      <Quantity>500.00</Quantity>
      <UnitOfMeasure>100 מ"ל</UnitOfMeasure>
      <bIsWeighted>0</bIsWeighted>
      <QtyInPackage>1</QtyInPackage>
      <ItemPrice>15.90</ItemPrice>
      <UnitOfMeasurePrice>3.1800</UnitOfMeasurePrice>
      <AllowDiscount>1</AllowDiscount>
      <ItemStatus>1</ItemStatus>
      <ItemId>223345</ItemId>
    </Item>
    <Item>
      <PriceUpdateDate>2016-02-11 13:41:31</PriceUpdateDate>
      <ItemCode>4125370</ItemCode>
      <ItemType>0</ItemType>
      <ItemName>שמנת תנובה 9% שומן</ItemName>
      <ManufacturerName>תנובה מרכז שיתופי לש</ManufacturerName>
      <ManufactureCountry>לא ידוע</ManufactureCountry>
      <ManufacturerItemDescription>שמנת תנובה 9% שומן 200 מ"ל</ManufacturerItemDescription>
      <UnitQty>מיליליטרים</UnitQty>
      <Quantity>200.00</Quantity>
      <UnitOfMeasure>100 מ"ל</UnitOfMeasure>
      <bIsWeighted>0</bIsWeighted>
      <QtyInPackage>1</QtyInPackage>
      <ItemPrice>3.40</ItemPrice>
      <UnitOfMeasurePrice>1.7000</UnitOfMeasurePrice>
      <AllowDiscount>1</AllowDiscount>
      <ItemStatus>1</ItemStatus>
      <ItemId>223346</ItemId>
    </Item>
    <Item>
      <PriceUpdateDate>2015-10-01 08:18:53</PriceUpdateDate>
      <ItemCode>4125400</ItemCode>
      <ItemType>0</ItemType>
      <ItemName>שלי אשל מהדרין 4.5%</ItemName>
      <ManufacturerName>תנובה מרכז שיתופי לש</ManufacturerName>
      <ManufactureCountry>לא ידוע</ManufactureCountry>
      <ManufacturerItemDescription>שלי אשל מהדרין 4.5% 200 מ"ל</ManufacturerItemDescription>
      <UnitQty>מיליליטרים</UnitQty>
      <Quantity>200.00</Quantity>
      <UnitOfMeasure>100 מ"ל</UnitOfMeasure>
      <bIsWeighted>0</bIsWeighted>
      <QtyInPackage>1</QtyInPackage>
      <ItemPrice>1.50</ItemPrice>
      <UnitOfMeasurePrice>0.7500</UnitOfMeasurePrice>
      <AllowDiscount>1</AllowDiscount>
      <ItemStatus>1</ItemStatus>
      <ItemId>223347</ItemId>
    </Item>
    <Item>
      <PriceUpdateDate>2016-02-11 13:41:31</PriceUpdateDate>
      <ItemCode>4125417</ItemCode>
      <ItemType>0</ItemType>
      <ItemName>שלי גיל 3% מהדרין</ItemName>
      <ManufacturerName>תנובה מרכז שיתופי לש</ManufacturerName>
      <ManufactureCountry>לא ידוע</ManufactureCountry>
      <ManufacturerItemDescription>שלי גיל 3% מהדרין 200 מ"ל</ManufacturerItemDescription>
      <UnitQty>מיליליטרים</UnitQty>
      <Quantity>200.00</Quantity>
      <UnitOfMeasure>100 מ"ל</UnitOfMeasure>
      <bIsWeighted>0</bIsWeighted>
      <QtyInPackage>1</QtyInPackage>
      <ItemPrice>1.30</ItemPrice>
      <UnitOfMeasurePrice>0.6500</UnitOfMeasurePrice>
      <AllowDiscount>1</AllowDiscount>
      <ItemStatus>1</ItemStatus>
      <ItemId>223348</ItemId>
    </Item>
    <Item>
      <PriceUpdateDate>2015-07-08 16:03:23</PriceUpdateDate>
      <ItemCode>4125455</ItemCode>
      <ItemType>0</ItemType>
      <ItemName>שמנת תנובה 15% שומן</ItemName>
      <ManufacturerName>תנובה מרכז שיתופי לש</ManufacturerName>
      <ManufactureCountry>לא ידוע</ManufactureCountry>
      <ManufacturerItemDescription>שמנת תנובה 15% שומן 200 מ"ל</ManufacturerItemDescription>
      <UnitQty>מיליליטרים</UnitQty>
      <Quantity>200.00</Quantity>
      <UnitOfMeasure>100 מ"ל</UnitOfMeasure>
      <bIsWeighted>0</bIsWeighted>
      <QtyInPackage>1</QtyInPackage>
      <ItemPrice>2.20</ItemPrice>
      <UnitOfMeasurePrice>1.1000</UnitOfMeasurePrice>
      <AllowDiscount>1</AllowDiscount>
      <ItemStatus>1</ItemStatus>
      <ItemId>223349</ItemId>
    </Item>
    <Item>
      <PriceUpdateDate>2016-02-11 13:41:31</PriceUpdateDate>
      <ItemCode>4125462</ItemCode>
      <ItemType>0</ItemType>
      <ItemName>שמנת חמוצה 15% שומן</ItemName>
      <ManufacturerName>תנובה מרכז שיתופי לש</ManufacturerName>
      <ManufactureCountry>לא ידוע</ManufactureCountry>
      <ManufacturerItemDescription>שמנת חמוצה 15% שומן 500 גרם</ManufacturerItemDescription>
      <UnitQty>מיליליטרים</UnitQty>
      <Quantity>500.00</Quantity>
      <UnitOfMeasure>100 מ"ל</UnitOfMeasure>
      <bIsWeighted>0</bIsWeighted>
      <QtyInPackage>1</QtyInPackage>
      <ItemPrice>4.90</ItemPrice>
      <UnitOfMeasurePrice>0.9800</UnitOfMeasurePrice>
      <AllowDiscount>1</AllowDiscount>
      <ItemStatus>1</ItemStatus>
      <ItemId>223350</ItemId>
    </Item>
    <Item>
      <PriceUpdateDate>2015-01-01 00:00:00</PriceUpdateDate>
      <ItemCode>4125578</ItemCode>
      <ItemType>0</ItemType>
      <ItemName>משקה סויה מועשר בסיד</ItemName>
      <ManufacturerName>תנובה מרכז שיתופי לש</ManufacturerName>
      <ManufactureCountry>לא ידוע</ManufactureCountry>
      <ManufacturerItemDescription>משקה סויה מועשר בסידן 1 ליטר</ManufacturerItemDescription>
      <UnitQty>ליטרים</UnitQty>
      <Quantity>1.00</Quantity>
      <UnitOfMeasure>ליטר    </UnitOfMeasure>
      <bIsWeighted>0</bIsWeighted>
      <QtyInPackage>1</QtyInPackage>
      <ItemPrice>9.90</ItemPrice>
      <UnitOfMeasurePrice>9.9000</UnitOfMeasurePrice>
      <AllowDiscount>1</AllowDiscount>
      <ItemStatus>1</ItemStatus>
      <ItemId>223351</ItemId>
    </Item>
    <Item>
      <PriceUpdateDate>2015-01-01 00:00:00</PriceUpdateDate>
      <ItemCode>4125585</ItemCode>
      <ItemType>0</ItemType>
      <ItemName>משקה סויה על הבוקר 1</ItemName>
      <ManufacturerName>תנובה מרכז שיתופי לש</ManufacturerName>
      <ManufactureCountry>לא ידוע</ManufactureCountry>
      <ManufacturerItemDescription>משקה סויה על הבוקר 1 ליטר</ManufacturerItemDescription>
      <UnitQty>ליטרים</UnitQty>
      <Quantity>1.00</Quantity>
      <UnitOfMeasure>ליטר    </UnitOfMeasure>
      <bIsWeighted>0</bIsWeighted>
      <QtyInPackage>1</QtyInPackage>
      <ItemPrice>9.90</ItemPrice>
      <UnitOfMeasurePrice>9.9000</UnitOfMeasurePrice>
      <AllowDiscount>1</AllowDiscount>
      <ItemStatus>1</ItemStatus>
      <ItemId>223352</ItemId>
    </Item>
    <Item>
      <PriceUpdateDate>2016-02-11 13:41:32</PriceUpdateDate>
      <ItemCode>4125738</ItemCode>
      <ItemType>0</ItemType>
      <ItemName>שמנת להקצפה 32% 250</ItemName>
      <ManufacturerName>תנובה מרכז שיתופי לש</ManufacturerName>
      <ManufactureCountry>לא ידוע</ManufactureCountry>
      <ManufacturerItemDescription>שמנת להקצפה 32% 250 מ"ל שף לבן</ManufacturerItemDescription>
      <UnitQty>מיליליטרים</UnitQty>
      <Quantity>250.00</Quantity>
      <UnitOfMeasure>100 מ"ל</UnitOfMeasure>
      <bIsWeighted>0</bIsWeighted>
      <QtyInPackage>1</QtyInPackage>
      <ItemPrice>6.70</ItemPrice>
      <UnitOfMeasurePrice>2.6800</UnitOfMeasurePrice>
      <AllowDiscount>1</AllowDiscount>
      <ItemStatus>1</ItemStatus>
      <ItemId>223354</ItemId>
    </Item>
    <Item>
      <PriceUpdateDate>2015-01-01 00:00:00</PriceUpdateDate>
      <ItemCode>4126674</ItemCode>
      <ItemType>0</ItemType>
      <ItemName>גבינה טל העמק לייט</ItemName>
      <ManufacturerName>תנובה מרכז שיתופי לש</ManufacturerName>
      <ManufactureCountry>לא ידוע</ManufactureCountry>
      <ManufacturerItemDescription>גבינה טל העמק לייט 200 גרם</ManufacturerItemDescription>
      <UnitQty>גרמים</UnitQty>
      <Quantity>200.00</Quantity>
      <UnitOfMeasure>100 גרם</UnitOfMeasure>
      <bIsWeighted>0</bIsWeighted>
      <QtyInPackage>1</QtyInPackage>
      <ItemPrice>17.90</ItemPrice>
      <UnitOfMeasurePrice>8.9500</UnitOfMeasurePrice>
      <AllowDiscount>1</AllowDiscount>
      <ItemStatus>1</ItemStatus>
      <ItemId>223355</ItemId>
    </Item>
    <Item>
      <PriceUpdateDate>2016-02-11 13:41:32</PriceUpdateDate>
      <ItemCode>4127077</ItemCode>
      <ItemType>0</ItemType>
      <ItemName>קוטג 3% 250 גרם</ItemName>
      <ManufacturerName>תנובה מרכז שיתופי לש</ManufacturerName>
      <ManufactureCountry>לא ידוע</ManufactureCountry>
      <ManufacturerItemDescription>קוטג 3% 250 גרם</ManufacturerItemDescription>
      <UnitQty>גרמים</UnitQty>
      <Quantity>250.00</Quantity>
      <UnitOfMeasure>100 גרם</UnitOfMeasure>
      <bIsWeighted>0</bIsWeighted>
      <QtyInPackage>1</QtyInPackage>
      <ItemPrice>5.50</ItemPrice>
      <UnitOfMeasurePrice>2.2000</UnitOfMeasurePrice>
      <AllowDiscount>1</AllowDiscount>
      <ItemStatus>1</ItemStatus>
      <ItemId>223356</ItemId>
    </Item>
    <Item>
      <PriceUpdateDate>2016-02-11 13:41:33</PriceUpdateDate>
      <ItemCode>4127336</ItemCode>
      <ItemType>0</ItemType>
      <ItemName>קוטג 9% 250 גרם</ItemName>
      <ManufacturerName>תנובה מרכז שיתופי לש</ManufacturerName>
      <ManufactureCountry>לא ידוע</ManufactureCountry>
      <ManufacturerItemDescription>קוטג 9% 250 גרם</ManufacturerItemDescription>
      <UnitQty>גרמים</UnitQty>
      <Quantity>250.00</Quantity>
      <UnitOfMeasure>100 גרם</UnitOfMeasure>
      <bIsWeighted>0</bIsWeighted>
      <QtyInPackage>1</QtyInPackage>
      <ItemPrice>5.50</ItemPrice>
      <UnitOfMeasurePrice>2.2000</UnitOfMeasurePrice>
      <AllowDiscount>1</AllowDiscount>
      <ItemStatus>1</ItemStatus>
      <ItemId>223358</ItemId>
    </Item>
    <Item>
      <PriceUpdateDate>2015-01-01 00:00:00</PriceUpdateDate>
      <ItemCode>412764</ItemCode>
      <ItemType>0</ItemType>
      <ItemName>פזטוקס נגד חרקים 630</ItemName>
      <ManufacturerName>,</ManufacturerName>
      <ManufactureCountry>לא ידוע</ManufactureCountry>
      <ManufacturerItemDescription>פזטוקס נגד חרקים 630 מ"ל</ManufacturerItemDescription>
      <UnitQty>מיליליטרים</UnitQty>
      <Quantity>630.00</Quantity>
      <UnitOfMeasure>100 מ"ל</UnitOfMeasure>
      <bIsWeighted>0</bIsWeighted>
      <QtyInPackage>1</QtyInPackage>
      <ItemPrice>17.90</ItemPrice>
      <UnitOfMeasurePrice>2.8413</UnitOfMeasurePrice>
      <AllowDiscount>1</AllowDiscount>
      <ItemStatus>1</ItemStatus>
      <ItemId>223360</ItemId>
    </Item>
    <Item>
      <PriceUpdateDate>2016-02-11 13:41:33</PriceUpdateDate>
      <ItemCode>4127800</ItemCode>
      <ItemType>0</ItemType>
      <ItemName>גבינה 5% 500 גרם</ItemName>
      <ManufacturerName>תנובה מרכז שיתופי לש</ManufacturerName>
      <ManufactureCountry>לא ידוע</ManufactureCountry>
      <ManufacturerItemDescription>גבינה 5% 500 גרם</ManufacturerItemDescription>
      <UnitQty>גרמים</UnitQty>
      <Quantity>500.00</Quantity>
      <UnitOfMeasure>100 גרם</UnitOfMeasure>
      <bIsWeighted>0</bIsWeighted>
      <QtyInPackage>1</QtyInPackage>
      <ItemPrice>8.90</ItemPrice>
      <UnitOfMeasurePrice>1.7800</UnitOfMeasurePrice>
      <AllowDiscount>1</AllowDiscount>
      <ItemStatus>1</ItemStatus>
      <ItemId>223361</ItemId>
    </Item>
    <Item>
      <PriceUpdateDate>2016-02-11 13:41:34</PriceUpdateDate>
      <ItemCode>4127817</ItemCode>
      <ItemType>0</ItemType>
      <ItemName>גבינה 9% שומן 500 גר</ItemName>
      <ManufacturerName>תנובה מרכז שיתופי לש</ManufacturerName>
      <ManufactureCountry>לא ידוע</ManufactureCountry>
      <ManufacturerItemDescription>גבינה 9% שומן 500 גרם</ManufacturerItemDescription>
      <UnitQty>גרמים</UnitQty>
      <Quantity>500.00</Quantity>
      <UnitOfMeasure>100 גרם</UnitOfMeasure>
      <bIsWeighted>0</bIsWeighted>
      <QtyInPackage>1</QtyInPackage>
      <ItemPrice>8.90</ItemPrice>
      <UnitOfMeasurePrice>1.7800</UnitOfMeasurePrice>
      <AllowDiscount>1</AllowDiscount>
      <ItemStatus>1</ItemStatus>
      <ItemId>223362</ItemId>
    </Item>
    <Item>
      <PriceUpdateDate>2016-02-11 13:41:34</PriceUpdateDate>
      <ItemCode>4127862</ItemCode>
      <ItemType>0</ItemType>
      <ItemName>גבינה 5% 750 גרם</ItemName>
      <ManufacturerName>תנובה מרכז שיתופי לש</ManufacturerName>
      <ManufactureCountry>לא ידוע</ManufactureCountry>
      <ManufacturerItemDescription>גבינה 5% 750 גרם</ManufacturerItemDescription>
      <UnitQty>גרמים</UnitQty>
      <Quantity>750.00</Quantity>
      <UnitOfMeasure>100 גרם</UnitOfMeasure>
      <bIsWeighted>0</bIsWeighted>
      <QtyInPackage>1</QtyInPackage>
      <ItemPrice>10.90</ItemPrice>
      <UnitOfMeasurePrice>1.4533</UnitOfMeasurePrice>
      <AllowDiscount>1</AllowDiscount>
      <ItemStatus>1</ItemStatus>
      <ItemId>223363</ItemId>
    </Item>
    <Item>
      <PriceUpdateDate>2016-02-11 13:41:34</PriceUpdateDate>
      <ItemCode>4127916</ItemCode>
      <ItemType>0</ItemType>
      <ItemName>גבינה 1/2% תנובה 500</ItemName>
      <ManufacturerName>תנובה מרכז שיתופי לש</ManufacturerName>
      <ManufactureCountry>לא ידוע</ManufactureCountry>
      <ManufacturerItemDescription>גבינה 1/2% תנובה 500 גרם</ManufacturerItemDescription>
      <UnitQty>גרמים</UnitQty>
      <Quantity>500.00</Quantity>
      <UnitOfMeasure>100 גרם</UnitOfMeasure>
      <bIsWeighted>0</bIsWeighted>
      <QtyInPackage>1</QtyInPackage>
      <ItemPrice>8.90</ItemPrice>
      <UnitOfMeasurePrice>1.7800</UnitOfMeasurePrice>
      <AllowDiscount>1</AllowDiscount>
      <ItemStatus>1</ItemStatus>
      <ItemId>223364</ItemId>
    </Item>
    <Item>
      <PriceUpdateDate>2015-01-01 00:00:00</PriceUpdateDate>
      <ItemCode>4129101</ItemCode>
      <ItemType>0</ItemType>
      <ItemName>גבינת נפולאון טבעי 2</ItemName>
      <ManufacturerName>תנובה מרכז שיתופי לש</ManufacturerName>
      <ManufactureCountry>לא ידוע</ManufactureCountry>
      <ManufacturerItemDescription>גבינת נפולאון טבעי 225 גרם</ManufacturerItemDescription>
      <UnitQty>גרמים</UnitQty>
      <Quantity>225.00</Quantity>
      <UnitOfMeasure>100 גרם</UnitOfMeasure>
      <bIsWeighted>0</bIsWeighted>
      <QtyInPackage>1</QtyInPackage>
      <ItemPrice>8.90</ItemPrice>
      <UnitOfMeasurePrice>3.9556</UnitOfMeasurePrice>
      <AllowDiscount>1</AllowDiscount>
      <ItemStatus>1</ItemStatus>
      <ItemId>223368</ItemId>
    </Item>
    <Item>
      <PriceUpdateDate>2015-01-01 00:00:00</PriceUpdateDate>
      <ItemCode>4129118</ItemCode>
      <ItemType>0</ItemType>
      <ItemName>גבינת נפולאון זיתים</ItemName>
      <ManufacturerName>תנובה מרכז שיתופי לש</ManufacturerName>
      <ManufactureCountry>לא ידוע</ManufactureCountry>
      <ManufacturerItemDescription>גבינת נפולאון זיתים 225 גרם</ManufacturerItemDescription>
      <UnitQty>גרמים</UnitQty>
      <Quantity>225.00</Quantity>
      <UnitOfMeasure>100 גרם</UnitOfMeasure>
      <bIsWeighted>0</bIsWeighted>
      <QtyInPackage>1</QtyInPackage>
      <ItemPrice>8.90</ItemPrice>
      <UnitOfMeasurePrice>3.9556</UnitOfMeasurePrice>
      <AllowDiscount>1</AllowDiscount>
      <ItemStatus>1</ItemStatus>
      <ItemId>223369</ItemId>
    </Item>
    <Item>
      <PriceUpdateDate>2015-01-01 00:00:00</PriceUpdateDate>
      <ItemCode>4129156</ItemCode>
      <ItemType>0</ItemType>
      <ItemName>גבינת נפולאון שום-שמ</ItemName>
      <ManufacturerName>תנובה מרכז שיתופי לש</ManufacturerName>
      <ManufactureCountry>לא ידוע</ManufactureCountry>
      <ManufacturerItemDescription>גבינת נפולאון שום-שמיר 225 גרם</ManufacturerItemDescription>
      <UnitQty>גרמים</UnitQty>
      <Quantity>225.00</Quantity>
      <UnitOfMeasure>100 גרם</UnitOfMeasure>
      <bIsWeighted>0</bIsWeighted>
      <QtyInPackage>1</QtyInPackage>
      <ItemPrice>8.90</ItemPrice>
      <UnitOfMeasurePrice>3.9556</UnitOfMeasurePrice>
      <AllowDiscount>1</AllowDiscount>
      <ItemStatus>1</ItemStatus>
      <ItemId>223370</ItemId>
    </Item>
    <Item>
      <PriceUpdateDate>2015-01-01 00:00:00</PriceUpdateDate>
      <ItemCode>4130794</ItemCode>
      <ItemType>0</ItemType>
      <ItemName>משקה סויה מועשר טבעי</ItemName>
      <ManufacturerName>תנובה מרכז שיתופי לש</ManufacturerName>
      <ManufactureCountry>לא ידוע</ManufactureCountry>
      <ManufacturerItemDescription>משקה סויה מועשר טבעי 1 ליטר</ManufacturerItemDescription>
      <UnitQty>ליטרים</UnitQty>
      <Quantity>1.00</Quantity>
      <UnitOfMeasure>ליטר    </UnitOfMeasure>
      <bIsWeighted>0</bIsWeighted>
      <QtyInPackage>1</QtyInPackage>
      <ItemPrice>9.90</ItemPrice>
      <UnitOfMeasurePrice>9.9000</UnitOfMeasurePrice>
      <AllowDiscount>1</AllowDiscount>
      <ItemStatus>1</ItemStatus>
      <ItemId>223371</ItemId>
    </Item>
    <Item>
      <PriceUpdateDate>2016-02-11 13:41:35</PriceUpdateDate>
      <ItemCode>4131050</ItemCode>
      <ItemType>0</ItemType>
      <ItemName>חלב 1% מהדרין שקית ל</ItemName>
      <ManufacturerName>תנובה מרכז שיתופי לש</ManufacturerName>
      <ManufactureCountry>לא ידוע</ManufactureCountry>
      <ManufacturerItemDescription>חלב 1% מהדרין שקית ליטר</ManufacturerItemDescription>
      <UnitQty>ליטרים</UnitQty>
      <Quantity>1.00</Quantity>
      <UnitOfMeasure>ליטר    </UnitOfMeasure>
      <bIsWeighted>0</bIsWeighted>
      <QtyInPackage>1</QtyInPackage>
      <ItemPrice>4.60</ItemPrice>
      <UnitOfMeasurePrice>4.6000</UnitOfMeasurePrice>
      <AllowDiscount>1</AllowDiscount>
      <ItemStatus>1</ItemStatus>
      <ItemId>223372</ItemId>
    </Item>
    <Item>
      <PriceUpdateDate>2016-02-11 13:41:35</PriceUpdateDate>
      <ItemCode>4131074</ItemCode>
      <ItemType>0</ItemType>
      <ItemName>חלב 3% קרטון 1 ליטר</ItemName>
      <ManufacturerName>תנובה מרכז שיתופי לש</ManufacturerName>
      <ManufactureCountry>לא ידוע</ManufactureCountry>
      <ManufacturerItemDescription>חלב 3% קרטון 1 ליטר</ManufacturerItemDescription>
      <UnitQty>ליטרים</UnitQty>
      <Quantity>1.00</Quantity>
      <UnitOfMeasure>ליטר    </UnitOfMeasure>
      <bIsWeighted>0</bIsWeighted>
      <QtyInPackage>1</QtyInPackage>
      <ItemPrice>5.70</ItemPrice>
      <UnitOfMeasurePrice>5.7000</UnitOfMeasurePrice>
      <AllowDiscount>1</AllowDiscount>
      <ItemStatus>1</ItemStatus>
      <ItemId>223373</ItemId>
    </Item>
    <Item>
      <PriceUpdateDate>2016-02-11 13:41:37</PriceUpdateDate>
      <ItemCode>4131227</ItemCode>
      <ItemType>0</ItemType>
      <ItemName>גבינה 3% לבנה 500 גר</ItemName>
      <ManufacturerName>תנובה מרכז שיתופי לש</ManufacturerName>
      <ManufactureCountry>לא ידוע</ManufactureCountry>
      <ManufacturerItemDescription>גבינה 3% לבנה 500 גרם</ManufacturerItemDescription>
      <UnitQty>גרמים</UnitQty>
      <Quantity>500.00</Quantity>
      <UnitOfMeasure>100 גרם</UnitOfMeasure>
      <bIsWeighted>0</bIsWeighted>
      <QtyInPackage>1</QtyInPackage>
      <ItemPrice>8.90</ItemPrice>
      <UnitOfMeasurePrice>1.7800</UnitOfMeasurePrice>
      <AllowDiscount>1</AllowDiscount>
      <ItemStatus>1</ItemStatus>
      <ItemId>223375</ItemId>
    </Item>
    <Item>
      <PriceUpdateDate>2015-01-01 00:00:00</PriceUpdateDate>
      <ItemCode>4131814</ItemCode>
      <ItemType>0</ItemType>
      <ItemName>גבינה צפתית 5% פיראו</ItemName>
      <ManufacturerName>תנובה מרכז שיתופי לש</ManufacturerName>
      <ManufactureCountry>לא ידוע</ManufactureCountry>
      <ManufacturerItemDescription>גבינה צפתית 5% פיראוס מעודן 200 גרם</ManufacturerItemDescription>
      <UnitQty>גרמים</UnitQty>
      <Quantity>200.00</Quantity>
      <UnitOfMeasure>100 גרם</UnitOfMeasure>
      <bIsWeighted>0</bIsWeighted>
      <QtyInPackage>1</QtyInPackage>
      <ItemPrice>13.90</ItemPrice>
      <UnitOfMeasurePrice>6.9500</UnitOfMeasurePrice>
      <AllowDiscount>1</AllowDiscount>
      <ItemStatus>1</ItemStatus>
      <ItemId>223378</ItemId>
    </Item>
    <Item>
      <PriceUpdateDate>2016-02-11 13:41:37</PriceUpdateDate>
      <ItemCode>4132231</ItemCode>
      <ItemType>0</ItemType>
      <ItemName>חלב 3.5% פלוס לקפה 8</ItemName>
      <ManufacturerName>תנובה מרכז שיתופי לש</ManufacturerName>
      <ManufactureCountry>לא ידוע</ManufactureCountry>
      <ManufacturerItemDescription>חלב 5% פלוס לקפה 800 מ"ל</ManufacturerItemDescription>
      <UnitQty>מיליליטרים</UnitQty>
      <Quantity>800.00</Quantity>
      <UnitOfMeasure>100 מ"ל</UnitOfMeasure>
      <bIsWeighted>0</bIsWeighted>
      <QtyInPackage>1</QtyInPackage>
      <ItemPrice>6.90</ItemPrice>
      <UnitOfMeasurePrice>0.8625</UnitOfMeasurePrice>
      <AllowDiscount>1</AllowDiscount>
      <ItemStatus>1</ItemStatus>
      <ItemId>223380</ItemId>
    </Item>
    <Item>
      <PriceUpdateDate>2015-01-01 00:00:00</PriceUpdateDate>
      <ItemCode>4132514</ItemCode>
      <ItemType>0</ItemType>
      <ItemName>משקה שוק בננה בקבוק</ItemName>
      <ManufacturerName>תנובה מרכז שיתופי לש</ManufacturerName>
      <ManufactureCountry>לא ידוע</ManufactureCountry>
      <ManufacturerItemDescription>משקה שוק בננה בקבוק 1 ליטר</ManufacturerItemDescription>
      <UnitQty>ליטרים</UnitQty>
      <Quantity>1.00</Quantity>
      <UnitOfMeasure>ליטר    </UnitOfMeasure>
      <bIsWeighted>0</bIsWeighted>
      <QtyInPackage>1</QtyInPackage>
      <ItemPrice>11.90</ItemPrice>
      <UnitOfMeasurePrice>11.9000</UnitOfMeasurePrice>
      <AllowDiscount>1</AllowDiscount>
      <ItemStatus>1</ItemStatus>
      <ItemId>223381</ItemId>
    </Item>
    <Item>
      <PriceUpdateDate>2015-01-01 00:00:00</PriceUpdateDate>
      <ItemCode>4132552</ItemCode>
      <ItemType>0</ItemType>
      <ItemName>משקה סויה דיאט טבעי</ItemName>
      <ManufacturerName>תנובה מרכז שיתופי לש</ManufacturerName>
      <ManufactureCountry>לא ידוע</ManufactureCountry>
      <ManufacturerItemDescription>משקה סויה דיאט טבעי 1 ליטר</ManufacturerItemDescription>
      <UnitQty>ליטרים</UnitQty>
      <Quantity>1.00</Quantity>
      <UnitOfMeasure>ליטר    </UnitOfMeasure>
      <bIsWeighted>0</bIsWeighted>
      <QtyInPackage>1</QtyInPackage>
      <ItemPrice>9.90</ItemPrice>
      <UnitOfMeasurePrice>9.9000</UnitOfMeasurePrice>
      <AllowDiscount>1</AllowDiscount>
      <ItemStatus>1</ItemStatus>
      <ItemId>223382</ItemId>
    </Item>
    <Item>
      <PriceUpdateDate>2015-01-01 00:00:00</PriceUpdateDate>
      <ItemCode>4132712</ItemCode>
      <ItemType>0</ItemType>
      <ItemName>אצבעות מוצרלה עמק 17</ItemName>
      <ManufacturerName>תנובה מרכז שיתופי לש</ManufacturerName>
      <ManufactureCountry>לא ידוע</ManufactureCountry>
      <ManufacturerItemDescription>אצבעות מוצרלה עמק 172 גרם</ManufacturerItemDescription>
      <UnitQty>גרמים</UnitQty>
      <Quantity>172.00</Quantity>
      <UnitOfMeasure>100 גרם</UnitOfMeasure>
      <bIsWeighted>0</bIsWeighted>
      <QtyInPackage>1</QtyInPackage>
      <ItemPrice>13.80</ItemPrice>
      <UnitOfMeasurePrice>8.0233</UnitOfMeasurePrice>
      <AllowDiscount>1</AllowDiscount>
      <ItemStatus>1</ItemStatus>
      <ItemId>223384</ItemId>
    </Item>
    <Item>
      <PriceUpdateDate>2016-02-11 13:41:38</PriceUpdateDate>
      <ItemCode>4132903</ItemCode>
      <ItemType>0</ItemType>
      <ItemName>גבינה 3% לבנה בד"ץ</ItemName>
      <ManufacturerName>,</ManufacturerName>
      <ManufactureCountry>לא ידוע</ManufactureCountry>
      <ManufacturerItemDescription>גבינה 3% לבנה בד"ץ 250 גרם</ManufacturerItemDescription>
      <UnitQty>גרמים</UnitQty>
      <Quantity>250.00</Quantity>
      <UnitOfMeasure>100 גרם</UnitOfMeasure>
      <bIsWeighted>0</bIsWeighted>
      <QtyInPackage>1</QtyInPackage>
      <ItemPrice>4.50</ItemPrice>
      <UnitOfMeasurePrice>1.8000</UnitOfMeasurePrice>
      <AllowDiscount>1</AllowDiscount>
      <ItemStatus>1</ItemStatus>
      <ItemId>223385</ItemId>
    </Item>
    <Item>
      <PriceUpdateDate>2015-01-01 00:00:00</PriceUpdateDate>
      <ItemCode>4133900</ItemCode>
      <ItemType>0</ItemType>
      <ItemName>קצפת צמחית השף הלבן</ItemName>
      <ManufacturerName>תנובה מרכז שיתופי לש</ManufacturerName>
      <ManufactureCountry>לא ידוע</ManufactureCountry>
      <ManufacturerItemDescription>קצפת צמחית השף הלבן 250 מ"ל</ManufacturerItemDescription>
      <UnitQty>מיליליטרים</UnitQty>
      <Quantity>250.00</Quantity>
      <UnitOfMeasure>100 מ"ל</UnitOfMeasure>
      <bIsWeighted>0</bIsWeighted>
      <QtyInPackage>1</QtyInPackage>
      <ItemPrice>8.90</ItemPrice>
      <UnitOfMeasurePrice>3.5600</UnitOfMeasurePrice>
      <AllowDiscount>1</AllowDiscount>
      <ItemStatus>1</ItemStatus>
      <ItemId>223388</ItemId>
    </Item>
    <Item>
      <PriceUpdateDate>2015-01-01 00:00:00</PriceUpdateDate>
      <ItemCode>4135072</ItemCode>
      <ItemType>0</ItemType>
      <ItemName>מעדן מיני קרלו שוקו</ItemName>
      <ManufacturerName>תנובה מרכז שיתופי לש</ManufacturerName>
      <ManufactureCountry>לא ידוע</ManufactureCountry>
      <ManufacturerItemDescription>מעדן מיני קרלו שוקו 8*100 מ"ל</ManufacturerItemDescription>
      <UnitQty>מיליליטרים</UnitQty>
      <Quantity>800.00</Quantity>
      <UnitOfMeasure>100 מ"ל</UnitOfMeasure>
      <bIsWeighted>0</bIsWeighted>
      <QtyInPackage>1</QtyInPackage>
      <ItemPrice>11.90</ItemPrice>
      <UnitOfMeasurePrice>1.4875</UnitOfMeasurePrice>
      <AllowDiscount>1</AllowDiscount>
      <ItemStatus>1</ItemStatus>
      <ItemId>223391</ItemId>
    </Item>
    <Item>
      <PriceUpdateDate>2015-01-01 00:00:00</PriceUpdateDate>
      <ItemCode>4135119</ItemCode>
      <ItemType>0</ItemType>
      <ItemName>מעדן מיני קרלו וניל</ItemName>
      <ManufacturerName>תנובה מרכז שיתופי לש</ManufacturerName>
      <ManufactureCountry>לא ידוע</ManufactureCountry>
      <ManufacturerItemDescription>מעדן מיני קרלו וניל 8*100 מ"ל</ManufacturerItemDescription>
      <UnitQty>מיליליטרים</UnitQty>
      <Quantity>800.00</Quantity>
      <UnitOfMeasure>100 מ"ל</UnitOfMeasure>
      <bIsWeighted>0</bIsWeighted>
      <QtyInPackage>1</QtyInPackage>
      <ItemPrice>11.90</ItemPrice>
      <UnitOfMeasurePrice>1.4875</UnitOfMeasurePrice>
      <AllowDiscount>1</AllowDiscount>
      <ItemStatus>1</ItemStatus>
      <ItemId>223392</ItemId>
    </Item>
    <Item>
      <PriceUpdateDate>2015-01-01 00:00:00</PriceUpdateDate>
      <ItemCode>4135225</ItemCode>
      <ItemType>0</ItemType>
      <ItemName>מעדן תנובה דיאט שוקו</ItemName>
      <ManufacturerName>תנובה מרכז שיתופי לש</ManufacturerName>
      <ManufactureCountry>לא ידוע</ManufactureCountry>
      <ManufacturerItemDescription>מעדן תנובה דיאט שוקולד 0% 150 מ"ל</ManufacturerItemDescription>
      <UnitQty>מיליליטרים</UnitQty>
      <Quantity>150.00</Quantity>
      <UnitOfMeasure>100 מ"ל</UnitOfMeasure>
      <bIsWeighted>0</bIsWeighted>
      <QtyInPackage>1</QtyInPackage>
      <ItemPrice>3.70</ItemPrice>
      <UnitOfMeasurePrice>2.4667</UnitOfMeasurePrice>
      <AllowDiscount>1</AllowDiscount>
      <ItemStatus>1</ItemStatus>
      <ItemId>223393</ItemId>
    </Item>
    <Item>
      <PriceUpdateDate>2015-01-01 00:00:00</PriceUpdateDate>
      <ItemCode>4136895</ItemCode>
      <ItemType>0</ItemType>
      <ItemName>יופלה לבן שזיף תחתית</ItemName>
      <ManufacturerName>תנובה מרכז שיתופי לש</ManufacturerName>
      <ManufactureCountry>לא ידוע</ManufactureCountry>
      <ManufacturerItemDescription>יופלה לבן שזיף תחתית 150 מ"ל</ManufacturerItemDescription>
      <UnitQty>מיליליטרים</UnitQty>
      <Quantity>150.00</Quantity>
      <UnitOfMeasure>100 מ"ל</UnitOfMeasure>
      <bIsWeighted>0</bIsWeighted>
      <QtyInPackage>1</QtyInPackage>
      <ItemPrice>3.90</ItemPrice>
      <UnitOfMeasurePrice>2.6000</UnitOfMeasurePrice>
      <AllowDiscount>1</AllowDiscount>
      <ItemStatus>1</ItemStatus>
      <ItemId>223399</ItemId>
    </Item>
    <Item>
      <PriceUpdateDate>2015-08-31 13:43:51</PriceUpdateDate>
      <ItemCode>41407</ItemCode>
      <ItemType>0</ItemType>
      <ItemName>גילה 125 מל</ItemName>
      <ManufacturerName>תנובה מרכז שיתופי לש</ManufacturerName>
      <ManufactureCountry>לא ידוע</ManufactureCountry>
      <ManufacturerItemDescription>גילה 125 מ"ל</ManufacturerItemDescription>
      <UnitQty>מיליליטרים</UnitQty>
      <Quantity>125.00</Quantity>
      <UnitOfMeasure>100 מ"ל</UnitOfMeasure>
      <bIsWeighted>0</bIsWeighted>
      <QtyInPackage>1</QtyInPackage>
      <ItemPrice>0.90</ItemPrice>
      <UnitOfMeasurePrice>0.7200</UnitOfMeasurePrice>
      <AllowDiscount>1</AllowDiscount>
      <ItemStatus>1</ItemStatus>
      <ItemId>223401</ItemId>
    </Item>
    <Item>
      <PriceUpdateDate>2016-02-11 13:41:39</PriceUpdateDate>
      <ItemCode>41445</ItemCode>
      <ItemType>0</ItemType>
      <ItemName>קוטג 5% מהדרין 250 ג</ItemName>
      <ManufacturerName>תנובה מרכז שיתופי לש</ManufacturerName>
      <ManufactureCountry>לא ידוע</ManufactureCountry>
      <ManufacturerItemDescription>קוטג 5% מהדרין 250 גרם</ManufacturerItemDescription>
      <UnitQty>גרמים</UnitQty>
      <Quantity>250.00</Quantity>
      <UnitOfMeasure>100 גרם</UnitOfMeasure>
      <bIsWeighted>0</bIsWeighted>
      <QtyInPackage>1</QtyInPackage>
      <ItemPrice>5.50</ItemPrice>
      <UnitOfMeasurePrice>2.2000</UnitOfMeasurePrice>
      <AllowDiscount>1</AllowDiscount>
      <ItemStatus>1</ItemStatus>
      <ItemId>223402</ItemId>
    </Item>
    <Item>
      <PriceUpdateDate>2016-02-11 13:41:40</PriceUpdateDate>
      <ItemCode>41452</ItemCode>
      <ItemType>0</ItemType>
      <ItemName>קוטג 9% מהדרין 250 ג</ItemName>
      <ManufacturerName>תנובה מרכז שיתופי לש</ManufacturerName>
      <ManufactureCountry>לא ידוע</ManufactureCountry>
      <ManufacturerItemDescription>קוטג 9% מהדרין 250 גרם</ManufacturerItemDescription>
      <UnitQty>גרמים</UnitQty>
      <Quantity>250.00</Quantity>
      <UnitOfMeasure>100 גרם</UnitOfMeasure>
      <bIsWeighted>0</bIsWeighted>
      <QtyInPackage>1</QtyInPackage>
      <ItemPrice>5.50</ItemPrice>
      <UnitOfMeasurePrice>2.2000</UnitOfMeasurePrice>
      <AllowDiscount>1</AllowDiscount>
      <ItemStatus>1</ItemStatus>
      <ItemId>223403</ItemId>
    </Item>
    <Item>
      <PriceUpdateDate>2016-02-25 17:58:21</PriceUpdateDate>
      <ItemCode>9004151</ItemCode>
      <ItemType>0</ItemType>
      <ItemName>גינגר במשקל</ItemName>
      <ManufacturerName>,</ManufacturerName>
      <ManufactureCountry>לא ידוע</ManufactureCountry>
      <ManufacturerItemDescription>גינגר במשקל</ManufacturerItemDescription>
      <UnitQty>קילוגרמים</UnitQty>
      <Quantity>1.00</Quantity>
      <UnitOfMeasure>ק"ג</UnitOfMeasure>
      <bIsWeighted>1</bIsWeighted>
      <QtyInPackage>לא ידוע</QtyInPackage>
      <ItemPrice>15.90</ItemPrice>
      <UnitOfMeasurePrice>15.9000</UnitOfMeasurePrice>
      <AllowDiscount>1</AllowDiscount>
      <ItemStatus>1</ItemStatus>
      <ItemId>223404</ItemId>
    </Item>
    <Item>
      <PriceUpdateDate>2015-09-21 08:20:29</PriceUpdateDate>
      <ItemCode>418131</ItemCode>
      <ItemType>0</ItemType>
      <ItemName>תחבושות טופד סופר</ItemName>
      <ManufacturerName>מוצרי נייר עמיר</ManufacturerName>
      <ManufactureCountry>לא ידוע</ManufactureCountry>
      <ManufacturerItemDescription>תחבושות טופד סופר</ManufacturerItemDescription>
      <UnitQty>Unknown </UnitQty>
      <Quantity>0.00</Quantity>
      <UnitOfMeasure>Unknown </UnitOfMeasure>
      <bIsWeighted>0</bIsWeighted>
      <QtyInPackage>1</QtyInPackage>
      <ItemPrice>5.90</ItemPrice>
      <UnitOfMeasurePrice>0.0000</UnitOfMeasurePrice>
      <AllowDiscount>1</AllowDiscount>
      <ItemStatus>1</ItemStatus>
      <ItemId>223408</ItemId>
    </Item>
    <Item>
      <PriceUpdateDate>2015-09-21 08:20:29</PriceUpdateDate>
      <ItemCode>418155</ItemCode>
      <ItemType>0</ItemType>
      <ItemName>תחבושות טופד סופר פל</ItemName>
      <ManufacturerName>מוצרי נייר עמיר</ManufacturerName>
      <ManufactureCountry>לא ידוע</ManufactureCountry>
      <ManufacturerItemDescription>תחבושות טופד סופר פלוס</ManufacturerItemDescription>
      <UnitQty>Unknown </UnitQty>
      <Quantity>0.00</Quantity>
      <UnitOfMeasure>Unknown </UnitOfMeasure>
      <bIsWeighted>0</bIsWeighted>
      <QtyInPackage>1</QtyInPackage>
      <ItemPrice>5.90</ItemPrice>
      <UnitOfMeasurePrice>0.0000</UnitOfMeasurePrice>
      <AllowDiscount>1</AllowDiscount>
      <ItemStatus>1</ItemStatus>
      <ItemId>223409</ItemId>
    </Item>
    <Item>
      <PriceUpdateDate>2016-02-11 13:41:40</PriceUpdateDate>
      <ItemCode>42015</ItemCode>
      <ItemType>0</ItemType>
      <ItemName>חלב 3% שקית ליטר</ItemName>
      <ManufacturerName>תנובה מרכז שיתופי לש</ManufacturerName>
      <ManufactureCountry>לא ידוע</ManufactureCountry>
      <ManufacturerItemDescription>חלב 3% שקית ליטר</ManufacturerItemDescription>
      <UnitQty>ליטרים</UnitQty>
      <Quantity>1.00</Quantity>
      <UnitOfMeasure>ליטר    </UnitOfMeasure>
      <bIsWeighted>0</bIsWeighted>
      <QtyInPackage>1</QtyInPackage>
      <ItemPrice>4.50</ItemPrice>
      <UnitOfMeasurePrice>4.5000</UnitOfMeasurePrice>
      <AllowDiscount>1</AllowDiscount>
      <ItemStatus>1</ItemStatus>
      <ItemId>223413</ItemId>
    </Item>
    <Item>
      <PriceUpdateDate>2016-03-31 19:23:55</PriceUpdateDate>
      <ItemCode>42466</ItemCode>
      <ItemType>0</ItemType>
      <ItemName>חלב 1% מועשר בקרטון</ItemName>
      <ManufacturerName>תנובה מרכז שיתופי לש</ManufacturerName>
      <ManufactureCountry>לא ידוע</ManufactureCountry>
      <ManufacturerItemDescription>חלב 1% מועשר בקרטון 1 ליטר</ManufacturerItemDescription>
      <UnitQty>ליטרים</UnitQty>
      <Quantity>1.00</Quantity>
      <UnitOfMeasure>ליטר    </UnitOfMeasure>
      <bIsWeighted>0</bIsWeighted>
      <QtyInPackage>1</QtyInPackage>
      <ItemPrice>7.90</ItemPrice>
      <UnitOfMeasurePrice>7.9000</UnitOfMeasurePrice>
      <AllowDiscount>1</AllowDiscount>
      <ItemStatus>1</ItemStatus>
      <ItemId>223414</ItemId>
    </Item>
    <Item>
      <PriceUpdateDate>2015-01-01 00:00:00</PriceUpdateDate>
      <ItemCode>7290014600768</ItemCode>
      <ItemType>0</ItemType>
      <ItemName>גלילי וופל מומנטס 60</ItemName>
      <ManufacturerName>,</ManufacturerName>
      <ManufactureCountry>לא ידוע</ManufactureCountry>
      <ManufacturerItemDescription>גלילי וופל מומנטס 600 גרם</ManufacturerItemDescription>
      <UnitQty>גרמים</UnitQty>
      <Quantity>600.00</Quantity>
      <UnitOfMeasure>100 גרם</UnitOfMeasure>
      <bIsWeighted>0</bIsWeighted>
      <QtyInPackage>1</QtyInPackage>
      <ItemPrice>19.90</ItemPrice>
      <UnitOfMeasurePrice>3.3167</UnitOfMeasurePrice>
      <AllowDiscount>1</AllowDiscount>
      <ItemStatus>1</ItemStatus>
      <ItemId>253583</ItemId>
    </Item>
    <Item>
      <PriceUpdateDate>2015-01-01 00:00:00</PriceUpdateDate>
      <ItemCode>426068</ItemCode>
      <ItemType>0</ItemType>
      <ItemName>שניצלוני דג 600 גרם</ItemName>
      <ManufacturerName>,</ManufacturerName>
      <ManufactureCountry>לא ידוע</ManufactureCountry>
      <ManufacturerItemDescription>שניצלוני דג 600 גרם</ManufacturerItemDescription>
      <UnitQty>גרמים</UnitQty>
      <Quantity>600.00</Quantity>
      <UnitOfMeasure>100 גרם</UnitOfMeasure>
      <bIsWeighted>0</bIsWeighted>
      <QtyInPackage>1</QtyInPackage>
      <ItemPrice>19.90</ItemPrice>
      <UnitOfMeasurePrice>3.3167</UnitOfMeasurePrice>
      <AllowDiscount>1</AllowDiscount>
      <ItemStatus>1</ItemStatus>
      <ItemId>223423</ItemId>
    </Item>
    <Item>
      <PriceUpdateDate>2016-06-06 17:06:54</PriceUpdateDate>
      <ItemCode>2741077</ItemCode>
      <ItemType>0</ItemType>
      <ItemName>כריות ציקולדה 750 גר</ItemName>
      <ManufacturerName>יוניליוור</ManufacturerName>
      <ManufactureCountry>לא ידוע</ManufactureCountry>
      <ManufacturerItemDescription>כריות ציקולדה 750 גרם</ManufacturerItemDescription>
      <UnitQty>גרמים</UnitQty>
      <Quantity>750.00</Quantity>
      <UnitOfMeasure>100 גרם</UnitOfMeasure>
      <bIsWeighted>0</bIsWeighted>
      <QtyInPackage>1</QtyInPackage>
      <ItemPrice>19.90</ItemPrice>
      <UnitOfMeasurePrice>2.6533</UnitOfMeasurePrice>
      <AllowDiscount>1</AllowDiscount>
      <ItemStatus>1</ItemStatus>
      <ItemId>253584</ItemId>
    </Item>
    <Item>
      <PriceUpdateDate>2016-03-21 23:14:09</PriceUpdateDate>
      <ItemCode>4078690</ItemCode>
      <ItemType>0</ItemType>
      <ItemName>אגקס שרותים מרענן 75</ItemName>
      <ManufacturerName>,</ManufacturerName>
      <ManufactureCountry>לא ידוע</ManufactureCountry>
      <ManufacturerItemDescription>אגקס שרותים מרענן 750 מ"ל</ManufacturerItemDescription>
      <UnitQty>מיליליטרים</UnitQty>
      <Quantity>750.00</Quantity>
      <UnitOfMeasure>100 מ"ל</UnitOfMeasure>
      <bIsWeighted>0</bIsWeighted>
      <QtyInPackage>1</QtyInPackage>
      <ItemPrice>14.90</ItemPrice>
      <UnitOfMeasurePrice>1.9867</UnitOfMeasurePrice>
      <AllowDiscount>1</AllowDiscount>
      <ItemStatus>1</ItemStatus>
      <ItemId>245432</ItemId>
    </Item>
    <Item>
      <PriceUpdateDate>2015-01-01 00:00:00</PriceUpdateDate>
      <ItemCode>4263010</ItemCode>
      <ItemType>0</ItemType>
      <ItemName>טחון בקר 500 גרם עטר</ItemName>
      <ManufacturerName>עטרה</ManufacturerName>
      <ManufactureCountry>לא ידוע</ManufactureCountry>
      <ManufacturerItemDescription>טחון בקר 500 גרם עטרה</ManufacturerItemDescription>
      <UnitQty>גרמים</UnitQty>
      <Quantity>500.00</Quantity>
      <UnitOfMeasure>100 גרם</UnitOfMeasure>
      <bIsWeighted>0</bIsWeighted>
      <QtyInPackage>1</QtyInPackage>
      <ItemPrice>19.90</ItemPrice>
      <UnitOfMeasurePrice>3.9800</UnitOfMeasurePrice>
      <AllowDiscount>1</AllowDiscount>
      <ItemStatus>1</ItemStatus>
      <ItemId>223426</ItemId>
    </Item>
    <Item>
      <PriceUpdateDate>2015-01-01 00:00:00</PriceUpdateDate>
      <ItemCode>4263041</ItemCode>
      <ItemType>0</ItemType>
      <ItemName>גולש עגל עטרה</ItemName>
      <ManufacturerName>עטרה</ManufacturerName>
      <ManufactureCountry>לא ידוע</ManufactureCountry>
      <ManufacturerItemDescription>גולש עגל עטרה</ManufacturerItemDescription>
      <UnitQty>קילוגרמים</UnitQty>
      <Quantity>1.00</Quantity>
      <UnitOfMeasure>ק"ג</UnitOfMeasure>
      <bIsWeighted>1</bIsWeighted>
      <QtyInPackage>לא ידוע</QtyInPackage>
      <ItemPrice>39.90</ItemPrice>
      <UnitOfMeasurePrice>39.9000</UnitOfMeasurePrice>
      <AllowDiscount>1</AllowDiscount>
      <ItemStatus>1</ItemStatus>
      <ItemId>223429</ItemId>
    </Item>
    <Item>
      <PriceUpdateDate>2015-01-01 00:00:00</PriceUpdateDate>
      <ItemCode>312000335670</ItemCode>
      <ItemType>0</ItemType>
      <ItemName>חמוציות אושן 1.8 ק"ג</ItemName>
      <ManufacturerName>,</ManufacturerName>
      <ManufactureCountry>לא ידוע</ManufactureCountry>
      <ManufacturerItemDescription>חמוציות אושן 1.8 ק"ג</ManufacturerItemDescription>
      <UnitQty>קילוגרמים</UnitQty>
      <Quantity>1.80</Quantity>
      <UnitOfMeasure>ק"ג     </UnitOfMeasure>
      <bIsWeighted>0</bIsWeighted>
      <QtyInPackage>1</QtyInPackage>
      <ItemPrice>59.90</ItemPrice>
      <UnitOfMeasurePrice>33.2778</UnitOfMeasurePrice>
      <AllowDiscount>1</AllowDiscount>
      <ItemStatus>1</ItemStatus>
      <ItemId>253792</ItemId>
    </Item>
    <Item>
      <PriceUpdateDate>2015-01-01 00:00:00</PriceUpdateDate>
      <ItemCode>4263102</ItemCode>
      <ItemType>0</ItemType>
      <ItemName>פילה צלעות עטרה</ItemName>
      <ManufacturerName>עטרה</ManufacturerName>
      <ManufactureCountry>לא ידוע</ManufactureCountry>
      <ManufacturerItemDescription>פילה צלעות עטרה</ManufacturerItemDescription>
      <UnitQty>קילוגרמים</UnitQty>
      <Quantity>1.00</Quantity>
      <UnitOfMeasure>ק"ג</UnitOfMeasure>
      <bIsWeighted>1</bIsWeighted>
      <QtyInPackage>לא ידוע</QtyInPackage>
      <ItemPrice>29.90</ItemPrice>
      <UnitOfMeasurePrice>29.9000</UnitOfMeasurePrice>
      <AllowDiscount>1</AllowDiscount>
      <ItemStatus>1</ItemStatus>
      <ItemId>223433</ItemId>
    </Item>
    <Item>
      <PriceUpdateDate>2015-01-01 00:00:00</PriceUpdateDate>
      <ItemCode>4263157</ItemCode>
      <ItemType>0</ItemType>
      <ItemName>כבש לבישול עטרה</ItemName>
      <ManufacturerName>,</ManufacturerName>
      <ManufactureCountry>לא ידוע</ManufactureCountry>
      <ManufacturerItemDescription>כבש לבישול עטרה</ManufacturerItemDescription>
      <UnitQty>קילוגרמים</UnitQty>
      <Quantity>1.00</Quantity>
      <UnitOfMeasure>ק"ג</UnitOfMeasure>
      <bIsWeighted>1</bIsWeighted>
      <QtyInPackage>לא ידוע</QtyInPackage>
      <ItemPrice>54.90</ItemPrice>
      <UnitOfMeasurePrice>54.9000</UnitOfMeasurePrice>
      <AllowDiscount>1</AllowDiscount>
      <ItemStatus>1</ItemStatus>
      <ItemId>223435</ItemId>
    </Item>
    <Item>
      <PriceUpdateDate>2015-01-01 00:00:00</PriceUpdateDate>
      <ItemCode>7290011254032</ItemCode>
      <ItemType>0</ItemType>
      <ItemName>קינואה 500 גרם</ItemName>
      <ManufacturerName>,</ManufacturerName>
      <ManufactureCountry>לא ידוע</ManufactureCountry>
      <ManufacturerItemDescription>קינואה 500 גרם</ManufacturerItemDescription>
      <UnitQty>גרמים</UnitQty>
      <Quantity>500.00</Quantity>
      <UnitOfMeasure>100 גרם</UnitOfMeasure>
      <bIsWeighted>0</bIsWeighted>
      <QtyInPackage>1</QtyInPackage>
      <ItemPrice>23.90</ItemPrice>
      <UnitOfMeasurePrice>4.7800</UnitOfMeasurePrice>
      <AllowDiscount>1</AllowDiscount>
      <ItemStatus>1</ItemStatus>
      <ItemId>248774</ItemId>
    </Item>
    <Item>
      <PriceUpdateDate>2015-01-01 00:00:00</PriceUpdateDate>
      <ItemCode>4263164</ItemCode>
      <ItemType>0</ItemType>
      <ItemName>כבש לתנור עטרה</ItemName>
      <ManufacturerName>עטרה</ManufacturerName>
      <ManufactureCountry>לא ידוע</ManufactureCountry>
      <ManufacturerItemDescription>כבש לתנור עטרה</ManufacturerItemDescription>
      <UnitQty>קילוגרמים</UnitQty>
      <Quantity>1.00</Quantity>
      <UnitOfMeasure>ק"ג</UnitOfMeasure>
      <bIsWeighted>1</bIsWeighted>
      <QtyInPackage>לא ידוע</QtyInPackage>
      <ItemPrice>54.90</ItemPrice>
      <UnitOfMeasurePrice>54.9000</UnitOfMeasurePrice>
      <AllowDiscount>1</AllowDiscount>
      <ItemStatus>1</ItemStatus>
      <ItemId>223436</ItemId>
    </Item>
    <Item>
      <PriceUpdateDate>2015-01-01 00:00:00</PriceUpdateDate>
      <ItemCode>4263201</ItemCode>
      <ItemType>0</ItemType>
      <ItemName>צלעות כבש עטרה בק"ג</ItemName>
      <ManufacturerName>עטרה</ManufacturerName>
      <ManufactureCountry>לא ידוע</ManufactureCountry>
      <ManufacturerItemDescription>צלעות כבש עטרה בק"ג</ManufacturerItemDescription>
      <UnitQty>קילוגרמים</UnitQty>
      <Quantity>1.00</Quantity>
      <UnitOfMeasure>ק"ג</UnitOfMeasure>
      <bIsWeighted>1</bIsWeighted>
      <QtyInPackage>לא ידוע</QtyInPackage>
      <ItemPrice>99.90</ItemPrice>
      <UnitOfMeasurePrice>99.9000</UnitOfMeasurePrice>
      <AllowDiscount>1</AllowDiscount>
      <ItemStatus>1</ItemStatus>
      <ItemId>223437</ItemId>
    </Item>
    <Item>
      <PriceUpdateDate>2016-08-03 11:52:30</PriceUpdateDate>
      <ItemCode>8714789971230</ItemCode>
      <ItemType>0</ItemType>
      <ItemName>אגקס ניקוי כללי כחול</ItemName>
      <ManufacturerName>קולגייט פלמוליב</ManufacturerName>
      <ManufactureCountry>יוון</ManufactureCountry>
      <ManufacturerItemDescription>אגקס ניקוי כללי כחול 2 ליטר</ManufacturerItemDescription>
      <UnitQty>ליטרים</UnitQty>
      <Quantity>2.00</Quantity>
      <UnitOfMeasure>ליטר    </UnitOfMeasure>
      <bIsWeighted>0</bIsWeighted>
      <QtyInPackage>1</QtyInPackage>
      <ItemPrice>19.90</ItemPrice>
      <UnitOfMeasurePrice>9.9500</UnitOfMeasurePrice>
      <AllowDiscount>1</AllowDiscount>
      <ItemStatus>1</ItemStatus>
      <ItemId>252191</ItemId>
    </Item>
    <Item>
      <PriceUpdateDate>2015-01-01 00:00:00</PriceUpdateDate>
      <ItemCode>4263393</ItemCode>
      <ItemType>0</ItemType>
      <ItemName>קישקע ירושלמי 500 גר</ItemName>
      <ManufacturerName>עטרה</ManufacturerName>
      <ManufactureCountry>לא ידוע</ManufactureCountry>
      <ManufacturerItemDescription>קישקע ירושלמי 500 גרם עטרה</ManufacturerItemDescription>
      <UnitQty>גרמים</UnitQty>
      <Quantity>500.00</Quantity>
      <UnitOfMeasure>100 גרם</UnitOfMeasure>
      <bIsWeighted>0</bIsWeighted>
      <QtyInPackage>1</QtyInPackage>
      <ItemPrice>12.90</ItemPrice>
      <UnitOfMeasurePrice>2.5800</UnitOfMeasurePrice>
      <AllowDiscount>1</AllowDiscount>
      <ItemStatus>1</ItemStatus>
      <ItemId>223440</ItemId>
    </Item>
    <Item>
      <PriceUpdateDate>2015-01-01 00:00:00</PriceUpdateDate>
      <ItemCode>4263478</ItemCode>
      <ItemType>0</ItemType>
      <ItemName>נקניקיות מרגז 400 גר</ItemName>
      <ManufacturerName>עטרה</ManufacturerName>
      <ManufactureCountry>לא ידוע</ManufactureCountry>
      <ManufacturerItemDescription>נקניקיות מרגז 400 גרם עטרה</ManufacturerItemDescription>
      <UnitQty>גרמים</UnitQty>
      <Quantity>400.00</Quantity>
      <UnitOfMeasure>100 גרם</UnitOfMeasure>
      <bIsWeighted>0</bIsWeighted>
      <QtyInPackage>1</QtyInPackage>
      <ItemPrice>16.50</ItemPrice>
      <UnitOfMeasurePrice>4.1250</UnitOfMeasurePrice>
      <AllowDiscount>1</AllowDiscount>
      <ItemStatus>1</ItemStatus>
      <ItemId>223442</ItemId>
    </Item>
    <Item>
      <PriceUpdateDate>2016-02-24 13:51:12</PriceUpdateDate>
      <ItemCode>4263485</ItemCode>
      <ItemType>0</ItemType>
      <ItemName>בשר מס 2 צלעות צרכני</ItemName>
      <ManufacturerName>עטרה</ManufacturerName>
      <ManufactureCountry>לא ידוע</ManufactureCountry>
      <ManufacturerItemDescription>בשר מס 2 צלעות צרכני עטרה</ManufacturerItemDescription>
      <UnitQty>קילוגרמים</UnitQty>
      <Quantity>1.00</Quantity>
      <UnitOfMeasure>ק"ג</UnitOfMeasure>
      <bIsWeighted>1</bIsWeighted>
      <QtyInPackage>לא ידוע</QtyInPackage>
      <ItemPrice>46.90</ItemPrice>
      <UnitOfMeasurePrice>46.9000</UnitOfMeasurePrice>
      <AllowDiscount>1</AllowDiscount>
      <ItemStatus>1</ItemStatus>
      <ItemId>223443</ItemId>
    </Item>
    <Item>
      <PriceUpdateDate>2015-01-01 00:00:00</PriceUpdateDate>
      <ItemCode>4263515</ItemCode>
      <ItemType>0</ItemType>
      <ItemName>מעורב ירושלמי עטרה</ItemName>
      <ManufacturerName>,</ManufacturerName>
      <ManufactureCountry>לא ידוע</ManufactureCountry>
      <ManufacturerItemDescription>מעורב ירושלמי עטרה</ManufacturerItemDescription>
      <UnitQty>גרמים</UnitQty>
      <Quantity>800.00</Quantity>
      <UnitOfMeasure>100 גרם</UnitOfMeasure>
      <bIsWeighted>0</bIsWeighted>
      <QtyInPackage>1</QtyInPackage>
      <ItemPrice>19.90</ItemPrice>
      <UnitOfMeasurePrice>2.4875</UnitOfMeasurePrice>
      <AllowDiscount>1</AllowDiscount>
      <ItemStatus>1</ItemStatus>
      <ItemId>223444</ItemId>
    </Item>
    <Item>
      <PriceUpdateDate>2016-02-24 13:51:25</PriceUpdateDate>
      <ItemCode>4263553</ItemCode>
      <ItemType>0</ItemType>
      <ItemName>בשר מס 3 חזה בקר צרכ</ItemName>
      <ManufacturerName>עטרה</ManufacturerName>
      <ManufactureCountry>לא ידוע</ManufactureCountry>
      <ManufacturerItemDescription>בשר מס 3 חזה בקר צרכני עטרה</ManufacturerItemDescription>
      <UnitQty>קילוגרמים</UnitQty>
      <Quantity>1.00</Quantity>
      <UnitOfMeasure>ק"ג</UnitOfMeasure>
      <bIsWeighted>1</bIsWeighted>
      <QtyInPackage>לא ידוע</QtyInPackage>
      <ItemPrice>28.90</ItemPrice>
      <UnitOfMeasurePrice>28.9000</UnitOfMeasurePrice>
      <AllowDiscount>1</AllowDiscount>
      <ItemStatus>1</ItemStatus>
      <ItemId>223445</ItemId>
    </Item>
    <Item>
      <PriceUpdateDate>2015-06-29 10:11:52</PriceUpdateDate>
      <ItemCode>4263621</ItemCode>
      <ItemType>0</ItemType>
      <ItemName>בשר מס 4 כתף בקר צרכ</ItemName>
      <ManufacturerName>עטרה</ManufacturerName>
      <ManufactureCountry>לא ידוע</ManufactureCountry>
      <ManufacturerItemDescription>בשר מס 4 כתף בקר צרכני עטרה</ManufacturerItemDescription>
      <UnitQty>קילוגרמים</UnitQty>
      <Quantity>1.00</Quantity>
      <UnitOfMeasure>ק"ג</UnitOfMeasure>
      <bIsWeighted>1</bIsWeighted>
      <QtyInPackage>לא ידוע</QtyInPackage>
      <ItemPrice>54.90</ItemPrice>
      <UnitOfMeasurePrice>54.9000</UnitOfMeasurePrice>
      <AllowDiscount>1</AllowDiscount>
      <ItemStatus>1</ItemStatus>
      <ItemId>223447</ItemId>
    </Item>
    <Item>
      <PriceUpdateDate>2015-01-01 00:00:00</PriceUpdateDate>
      <ItemCode>4263652</ItemCode>
      <ItemType>0</ItemType>
      <ItemName>נקניקיות עוף 400 גרם</ItemName>
      <ManufacturerName>עטרה</ManufacturerName>
      <ManufactureCountry>לא ידוע</ManufactureCountry>
      <ManufacturerItemDescription>נקניקיות עוף 400 גרם עטרה</ManufacturerItemDescription>
      <UnitQty>גרמים</UnitQty>
      <Quantity>400.00</Quantity>
      <UnitOfMeasure>100 גרם</UnitOfMeasure>
      <bIsWeighted>0</bIsWeighted>
      <QtyInPackage>1</QtyInPackage>
      <ItemPrice>11.90</ItemPrice>
      <UnitOfMeasurePrice>2.9750</UnitOfMeasurePrice>
      <AllowDiscount>1</AllowDiscount>
      <ItemStatus>1</ItemStatus>
      <ItemId>223448</ItemId>
    </Item>
    <Item>
      <PriceUpdateDate>2015-01-01 00:00:00</PriceUpdateDate>
      <ItemCode>4263676</ItemCode>
      <ItemType>0</ItemType>
      <ItemName>טחון הודו 500 גרם עט</ItemName>
      <ManufacturerName>עטרה</ManufacturerName>
      <ManufactureCountry>לא ידוע</ManufactureCountry>
      <ManufacturerItemDescription>טחון הודו 500 גרם עטרה</ManufacturerItemDescription>
      <UnitQty>גרמים</UnitQty>
      <Quantity>500.00</Quantity>
      <UnitOfMeasure>100 גרם</UnitOfMeasure>
      <bIsWeighted>0</bIsWeighted>
      <QtyInPackage>1</QtyInPackage>
      <ItemPrice>11.90</ItemPrice>
      <UnitOfMeasurePrice>2.3800</UnitOfMeasurePrice>
      <AllowDiscount>1</AllowDiscount>
      <ItemStatus>1</ItemStatus>
      <ItemId>223449</ItemId>
    </Item>
    <Item>
      <PriceUpdateDate>2015-06-29 10:12:17</PriceUpdateDate>
      <ItemCode>4263867</ItemCode>
      <ItemType>0</ItemType>
      <ItemName>פילה מדומה מס 6 עטרה</ItemName>
      <ManufacturerName>עטרה</ManufacturerName>
      <ManufactureCountry>לא ידוע</ManufactureCountry>
      <ManufacturerItemDescription>פילה מדומה מס 6 עטרה</ManufacturerItemDescription>
      <UnitQty>קילוגרמים</UnitQty>
      <Quantity>1.00</Quantity>
      <UnitOfMeasure>ק"ג</UnitOfMeasure>
      <bIsWeighted>1</bIsWeighted>
      <QtyInPackage>לא ידוע</QtyInPackage>
      <ItemPrice>67.90</ItemPrice>
      <UnitOfMeasurePrice>67.9000</UnitOfMeasurePrice>
      <AllowDiscount>1</AllowDiscount>
      <ItemStatus>1</ItemStatus>
      <ItemId>223452</ItemId>
    </Item>
    <Item>
      <PriceUpdateDate>2015-07-14 08:26:02</PriceUpdateDate>
      <ItemCode>42671</ItemCode>
      <ItemType>0</ItemType>
      <ItemName>חלב עמיד 3% שומן 1 ל</ItemName>
      <ManufacturerName>תנובה מרכז שיתופי לש</ManufacturerName>
      <ManufactureCountry>לא ידוע</ManufactureCountry>
      <ManufacturerItemDescription>חלב עמיד 3% שומן 1 ליטר</ManufacturerItemDescription>
      <UnitQty>ליטרים</UnitQty>
      <Quantity>1.00</Quantity>
      <UnitOfMeasure>ליטר    </UnitOfMeasure>
      <bIsWeighted>0</bIsWeighted>
      <QtyInPackage>1</QtyInPackage>
      <ItemPrice>6.70</ItemPrice>
      <UnitOfMeasurePrice>6.7000</UnitOfMeasurePrice>
      <AllowDiscount>1</AllowDiscount>
      <ItemStatus>1</ItemStatus>
      <ItemId>223458</ItemId>
    </Item>
    <Item>
      <PriceUpdateDate>2015-01-01 00:00:00</PriceUpdateDate>
      <ItemCode>42732</ItemCode>
      <ItemType>0</ItemType>
      <ItemName>שוקו כד 2 ליטר</ItemName>
      <ManufacturerName>תנובה מרכז שיתופי לש</ManufacturerName>
      <ManufactureCountry>לא ידוע</ManufactureCountry>
      <ManufacturerItemDescription>שוקו כד 2 ליטר</ManufacturerItemDescription>
      <UnitQty>ליטרים</UnitQty>
      <Quantity>2.00</Quantity>
      <UnitOfMeasure>ליטר    </UnitOfMeasure>
      <bIsWeighted>0</bIsWeighted>
      <QtyInPackage>1</QtyInPackage>
      <ItemPrice>14.90</ItemPrice>
      <UnitOfMeasurePrice>7.4500</UnitOfMeasurePrice>
      <AllowDiscount>1</AllowDiscount>
      <ItemStatus>1</ItemStatus>
      <ItemId>223460</ItemId>
    </Item>
    <Item>
      <PriceUpdateDate>2015-01-01 00:00:00</PriceUpdateDate>
      <ItemCode>43012</ItemCode>
      <ItemType>0</ItemType>
      <ItemName>שוקו עמידבקרטון 250</ItemName>
      <ManufacturerName>תנובה מרכז שיתופי לש</ManufacturerName>
      <ManufactureCountry>לא ידוע</ManufactureCountry>
      <ManufacturerItemDescription>חלב קקאו עמיד 250 מ"ל</ManufacturerItemDescription>
      <UnitQty>מיליליטרים</UnitQty>
      <Quantity>250.00</Quantity>
      <UnitOfMeasure>100 מ"ל</UnitOfMeasure>
      <bIsWeighted>0</bIsWeighted>
      <QtyInPackage>1</QtyInPackage>
      <ItemPrice>4.40</ItemPrice>
      <UnitOfMeasurePrice>1.7600</UnitOfMeasurePrice>
      <AllowDiscount>1</AllowDiscount>
      <ItemStatus>1</ItemStatus>
      <ItemId>223465</ItemId>
    </Item>
    <Item>
      <PriceUpdateDate>2015-01-01 00:00:00</PriceUpdateDate>
      <ItemCode>7290103156305</ItemCode>
      <ItemType>0</ItemType>
      <ItemName>תבניות ח"פ אינגליש א</ItemName>
      <ManufacturerName>,</ManufacturerName>
      <ManufactureCountry>לא ידוע</ManufactureCountry>
      <ManufacturerItemDescription>תבניות ח"פ אינגליש ארוך 32 יח  R88</ManufacturerItemDescription>
      <UnitQty>Unknown </UnitQty>
      <Quantity>0.00</Quantity>
      <UnitOfMeasure>Unknown </UnitOfMeasure>
      <bIsWeighted>0</bIsWeighted>
      <QtyInPackage>1</QtyInPackage>
      <ItemPrice>14.90</ItemPrice>
      <UnitOfMeasurePrice>0.0000</UnitOfMeasurePrice>
      <AllowDiscount>1</AllowDiscount>
      <ItemStatus>1</ItemStatus>
      <ItemId>249096</ItemId>
    </Item>
    <Item>
      <PriceUpdateDate>2015-01-01 00:00:00</PriceUpdateDate>
      <ItemCode>433684</ItemCode>
      <ItemType>0</ItemType>
      <ItemName>פפסי קולה 1.5 ליטר</ItemName>
      <ManufacturerName>טמפו</ManufacturerName>
      <ManufactureCountry>לא ידוע</ManufactureCountry>
      <ManufacturerItemDescription>פפסי קולה 1.5 ליטר</ManufacturerItemDescription>
      <UnitQty>ליטרים</UnitQty>
      <Quantity>1.50</Quantity>
      <UnitOfMeasure>ליטר    </UnitOfMeasure>
      <bIsWeighted>0</bIsWeighted>
      <QtyInPackage>1</QtyInPackage>
      <ItemPrice>5.30</ItemPrice>
      <UnitOfMeasurePrice>3.5333</UnitOfMeasurePrice>
      <AllowDiscount>1</AllowDiscount>
      <ItemStatus>1</ItemStatus>
      <ItemId>223468</ItemId>
    </Item>
    <Item>
      <PriceUpdateDate>2015-01-01 00:00:00</PriceUpdateDate>
      <ItemCode>433714</ItemCode>
      <ItemType>0</ItemType>
      <ItemName>סבנאפ 1.5 ליטר</ItemName>
      <ManufacturerName>טמפו</ManufacturerName>
      <ManufactureCountry>לא ידוע</ManufactureCountry>
      <ManufacturerItemDescription>סבנאפ 1.5 ליטר</ManufacturerItemDescription>
      <UnitQty>ליטרים</UnitQty>
      <Quantity>1.50</Quantity>
      <UnitOfMeasure>ליטר    </UnitOfMeasure>
      <bIsWeighted>0</bIsWeighted>
      <QtyInPackage>1</QtyInPackage>
      <ItemPrice>5.30</ItemPrice>
      <UnitOfMeasurePrice>3.5333</UnitOfMeasurePrice>
      <AllowDiscount>1</AllowDiscount>
      <ItemStatus>1</ItemStatus>
      <ItemId>223470</ItemId>
    </Item>
    <Item>
      <PriceUpdateDate>2015-01-01 00:00:00</PriceUpdateDate>
      <ItemCode>433745</ItemCode>
      <ItemType>0</ItemType>
      <ItemName>מירינדה 1.5 ליטר</ItemName>
      <ManufacturerName>טמפו</ManufacturerName>
      <ManufactureCountry>לא ידוע</ManufactureCountry>
      <ManufacturerItemDescription>מירינדה 1.5 ליטר</ManufacturerItemDescription>
      <UnitQty>ליטרים</UnitQty>
      <Quantity>1.50</Quantity>
      <UnitOfMeasure>ליטר    </UnitOfMeasure>
      <bIsWeighted>0</bIsWeighted>
      <QtyInPackage>1</QtyInPackage>
      <ItemPrice>5.30</ItemPrice>
      <UnitOfMeasurePrice>3.5333</UnitOfMeasurePrice>
      <AllowDiscount>1</AllowDiscount>
      <ItemStatus>1</ItemStatus>
      <ItemId>223471</ItemId>
    </Item>
    <Item>
      <PriceUpdateDate>2015-01-01 00:00:00</PriceUpdateDate>
      <ItemCode>433899</ItemCode>
      <ItemType>0</ItemType>
      <ItemName>סבנאפ דיאט 1.5 ליטר</ItemName>
      <ManufacturerName>טמפו</ManufacturerName>
      <ManufactureCountry>לא ידוע</ManufactureCountry>
      <ManufacturerItemDescription>סבנאפ דיאט 1.5 ליטר</ManufacturerItemDescription>
      <UnitQty>ליטרים</UnitQty>
      <Quantity>1.50</Quantity>
      <UnitOfMeasure>ליטר    </UnitOfMeasure>
      <bIsWeighted>0</bIsWeighted>
      <QtyInPackage>1</QtyInPackage>
      <ItemPrice>5.30</ItemPrice>
      <UnitOfMeasurePrice>3.5333</UnitOfMeasurePrice>
      <AllowDiscount>1</AllowDiscount>
      <ItemStatus>1</ItemStatus>
      <ItemId>223473</ItemId>
    </Item>
    <Item>
      <PriceUpdateDate>2015-01-01 00:00:00</PriceUpdateDate>
      <ItemCode>433974</ItemCode>
      <ItemType>0</ItemType>
      <ItemName>פפסי מקס 1.5 ליטר</ItemName>
      <ManufacturerName>טמפו</ManufacturerName>
      <ManufactureCountry>לא ידוע</ManufactureCountry>
      <ManufacturerItemDescription>פפסי מקס 1.5 ליטר</ManufacturerItemDescription>
      <UnitQty>ליטרים</UnitQty>
      <Quantity>1.50</Quantity>
      <UnitOfMeasure>ליטר    </UnitOfMeasure>
      <bIsWeighted>0</bIsWeighted>
      <QtyInPackage>1</QtyInPackage>
      <ItemPrice>5.30</ItemPrice>
      <UnitOfMeasurePrice>3.5333</UnitOfMeasurePrice>
      <AllowDiscount>1</AllowDiscount>
      <ItemStatus>1</ItemStatus>
      <ItemId>223474</ItemId>
    </Item>
    <Item>
      <PriceUpdateDate>2016-03-29 12:41:07</PriceUpdateDate>
      <ItemCode>7290015347358</ItemCode>
      <ItemType>1</ItemType>
      <ItemName>סודה לשתייה 50 גרם</ItemName>
      <ManufacturerName>,</ManufacturerName>
      <ManufactureCountry>לא ידוע</ManufactureCountry>
      <ManufacturerItemDescription>סודה לשתייה 50 גרם</ManufacturerItemDescription>
      <UnitQty>גרמים</UnitQty>
      <Quantity>50.00</Quantity>
      <UnitOfMeasure>100 גרם</UnitOfMeasure>
      <bIsWeighted>0</bIsWeighted>
      <QtyInPackage>1</QtyInPackage>
      <ItemPrice>1.90</ItemPrice>
      <UnitOfMeasurePrice>3.8000</UnitOfMeasurePrice>
      <AllowDiscount>1</AllowDiscount>
      <ItemStatus>1</ItemStatus>
      <ItemId>267607</ItemId>
    </Item>
    <Item>
      <PriceUpdateDate>2015-01-01 00:00:00</PriceUpdateDate>
      <ItemCode>43890</ItemCode>
      <ItemType>0</ItemType>
      <ItemName>שלי רוויון 1.5% שומן</ItemName>
      <ManufacturerName>תנובה מרכז שיתופי לש</ManufacturerName>
      <ManufactureCountry>לא ידוע</ManufactureCountry>
      <ManufacturerItemDescription>שלי רוויון 1.5% שומן 1 ליטר</ManufacturerItemDescription>
      <UnitQty>ליטרים</UnitQty>
      <Quantity>1.00</Quantity>
      <UnitOfMeasure>ליטר    </UnitOfMeasure>
      <bIsWeighted>0</bIsWeighted>
      <QtyInPackage>1</QtyInPackage>
      <ItemPrice>6.90</ItemPrice>
      <UnitOfMeasurePrice>6.9000</UnitOfMeasurePrice>
      <AllowDiscount>1</AllowDiscount>
      <ItemStatus>1</ItemStatus>
      <ItemId>223481</ItemId>
    </Item>
    <Item>
      <PriceUpdateDate>2015-01-01 00:00:00</PriceUpdateDate>
      <ItemCode>7290015321204</ItemCode>
      <ItemType>0</ItemType>
      <ItemName>כורכום 320 גרם</ItemName>
      <ManufacturerName>,</ManufacturerName>
      <ManufactureCountry>לא ידוע</ManufactureCountry>
      <ManufacturerItemDescription>כורכום 320 גרם</ManufacturerItemDescription>
      <UnitQty>גרמים</UnitQty>
      <Quantity>320.00</Quantity>
      <UnitOfMeasure>100 גרם</UnitOfMeasure>
      <bIsWeighted>0</bIsWeighted>
      <QtyInPackage>1</QtyInPackage>
      <ItemPrice>19.90</ItemPrice>
      <UnitOfMeasurePrice>6.2187</UnitOfMeasurePrice>
      <AllowDiscount>1</AllowDiscount>
      <ItemStatus>1</ItemStatus>
      <ItemId>254853</ItemId>
    </Item>
    <Item>
      <PriceUpdateDate>2015-01-01 00:00:00</PriceUpdateDate>
      <ItemCode>44164001398</ItemCode>
      <ItemType>0</ItemType>
      <ItemName>נר נשמה שבועי</ItemName>
      <ManufacturerName>,</ManufacturerName>
      <ManufactureCountry>לא ידוע</ManufactureCountry>
      <ManufacturerItemDescription>נר נשמה שבועי</ManufacturerItemDescription>
      <UnitQty>Unknown </UnitQty>
      <Quantity>0.00</Quantity>
      <UnitOfMeasure>Unknown </UnitOfMeasure>
      <bIsWeighted>0</bIsWeighted>
      <QtyInPackage>1</QtyInPackage>
      <ItemPrice>11.90</ItemPrice>
      <UnitOfMeasurePrice>0.0000</UnitOfMeasurePrice>
      <AllowDiscount>1</AllowDiscount>
      <ItemStatus>1</ItemStatus>
      <ItemId>223487</ItemId>
    </Item>
    <Item>
      <PriceUpdateDate>2016-03-17 11:52:36</PriceUpdateDate>
      <ItemCode>44164102385</ItemCode>
      <ItemType>0</ItemType>
      <ItemName>נרונים 4 שעות 72 יח</ItemName>
      <ManufacturerName>,</ManufacturerName>
      <ManufactureCountry>לא ידוע</ManufactureCountry>
      <ManufacturerItemDescription>נרונים 4 שעות 72 יח</ManufacturerItemDescription>
      <UnitQty>Unknown </UnitQty>
      <Quantity>0.00</Quantity>
      <UnitOfMeasure>Unknown </UnitOfMeasure>
      <bIsWeighted>0</bIsWeighted>
      <QtyInPackage>1</QtyInPackage>
      <ItemPrice>24.90</ItemPrice>
      <UnitOfMeasurePrice>0.0000</UnitOfMeasurePrice>
      <AllowDiscount>1</AllowDiscount>
      <ItemStatus>1</ItemStatus>
      <ItemId>223489</ItemId>
    </Item>
    <Item>
      <PriceUpdateDate>2016-03-17 11:52:36</PriceUpdateDate>
      <ItemCode>44164102453</ItemCode>
      <ItemType>0</ItemType>
      <ItemName>נרונים 6  שעות 72 יח</ItemName>
      <ManufacturerName>,</ManufacturerName>
      <ManufactureCountry>לא ידוע</ManufactureCountry>
      <ManufacturerItemDescription>נרונים 6  שעות 72 יח</ManufacturerItemDescription>
      <UnitQty>Unknown </UnitQty>
      <Quantity>0.00</Quantity>
      <UnitOfMeasure>Unknown </UnitOfMeasure>
      <bIsWeighted>0</bIsWeighted>
      <QtyInPackage>1</QtyInPackage>
      <ItemPrice>29.90</ItemPrice>
      <UnitOfMeasurePrice>0.0000</UnitOfMeasurePrice>
      <AllowDiscount>1</AllowDiscount>
      <ItemStatus>1</ItemStatus>
      <ItemId>223490</ItemId>
    </Item>
    <Item>
      <PriceUpdateDate>2015-01-01 00:00:00</PriceUpdateDate>
      <ItemCode>4423353</ItemCode>
      <ItemType>0</ItemType>
      <ItemName>פריגת תפוח 1.5 ליטר</ItemName>
      <ManufacturerName>פריגת</ManufacturerName>
      <ManufactureCountry>לא ידוע</ManufactureCountry>
      <ManufacturerItemDescription>פריגת תפוח 1.5 ליטר</ManufacturerItemDescription>
      <UnitQty>ליטרים</UnitQty>
      <Quantity>1.50</Quantity>
      <UnitOfMeasure>ליטר    </UnitOfMeasure>
      <bIsWeighted>0</bIsWeighted>
      <QtyInPackage>1</QtyInPackage>
      <ItemPrice>5.90</ItemPrice>
      <UnitOfMeasurePrice>3.9333</UnitOfMeasurePrice>
      <AllowDiscount>1</AllowDiscount>
      <ItemStatus>1</ItemStatus>
      <ItemId>223491</ItemId>
    </Item>
    <Item>
      <PriceUpdateDate>2015-10-12 15:04:42</PriceUpdateDate>
      <ItemCode>446127</ItemCode>
      <ItemType>0</ItemType>
      <ItemName>פריכיות אורז בלי מלח</ItemName>
      <ManufacturerName>בטר אנד דיפרנט</ManufacturerName>
      <ManufactureCountry>לא ידוע</ManufactureCountry>
      <ManufacturerItemDescription>פריכיות אורז בלי מלח 100 גרם</ManufacturerItemDescription>
      <UnitQty>גרמים</UnitQty>
      <Quantity>100.00</Quantity>
      <UnitOfMeasure>100 גרם</UnitOfMeasure>
      <bIsWeighted>0</bIsWeighted>
      <QtyInPackage>1</QtyInPackage>
      <ItemPrice>3.90</ItemPrice>
      <UnitOfMeasurePrice>3.9000</UnitOfMeasurePrice>
      <AllowDiscount>1</AllowDiscount>
      <ItemStatus>1</ItemStatus>
      <ItemId>223493</ItemId>
    </Item>
    <Item>
      <PriceUpdateDate>2015-01-01 00:00:00</PriceUpdateDate>
      <ItemCode>446394</ItemCode>
      <ItemType>0</ItemType>
      <ItemName>דייסת שיבולת שועל</ItemName>
      <ManufacturerName>בטר אנד דיפרנט</ManufacturerName>
      <ManufactureCountry>לא ידוע</ManufactureCountry>
      <ManufacturerItemDescription>דייסת שיבולת שועל 200 גרם</ManufacturerItemDescription>
      <UnitQty>גרמים</UnitQty>
      <Quantity>200.00</Quantity>
      <UnitOfMeasure>100 גרם</UnitOfMeasure>
      <bIsWeighted>0</bIsWeighted>
      <QtyInPackage>1</QtyInPackage>
      <ItemPrice>8.80</ItemPrice>
      <UnitOfMeasurePrice>4.4000</UnitOfMeasurePrice>
      <AllowDiscount>1</AllowDiscount>
      <ItemStatus>1</ItemStatus>
      <ItemId>223498</ItemId>
    </Item>
    <Item>
      <PriceUpdateDate>2015-01-01 00:00:00</PriceUpdateDate>
      <ItemCode>446523</ItemCode>
      <ItemType>0</ItemType>
      <ItemName>חמאת בוטנים מתוקה 35</ItemName>
      <ManufacturerName>בטר אנד דיפרנט</ManufacturerName>
      <ManufactureCountry>לא ידוע</ManufactureCountry>
      <ManufacturerItemDescription>חמאת בוטנים מתוקה 350 גרם</ManufacturerItemDescription>
      <UnitQty>גרמים</UnitQty>
      <Quantity>350.00</Quantity>
      <UnitOfMeasure>100 גרם</UnitOfMeasure>
      <bIsWeighted>0</bIsWeighted>
      <QtyInPackage>1</QtyInPackage>
      <ItemPrice>11.90</ItemPrice>
      <UnitOfMeasurePrice>3.4000</UnitOfMeasurePrice>
      <AllowDiscount>1</AllowDiscount>
      <ItemStatus>1</ItemStatus>
      <ItemId>223499</ItemId>
    </Item>
    <Item>
      <PriceUpdateDate>2015-01-01 00:00:00</PriceUpdateDate>
      <ItemCode>446530</ItemCode>
      <ItemType>0</ItemType>
      <ItemName>חמאת בוטנים מתוקה</ItemName>
      <ManufacturerName>בטר אנד דיפרנט</ManufacturerName>
      <ManufactureCountry>לא ידוע</ManufactureCountry>
      <ManufacturerItemDescription>חמאת בוטנים מתוקה 1 ק"ג</ManufacturerItemDescription>
      <UnitQty>קילוגרמים</UnitQty>
      <Quantity>1.00</Quantity>
      <UnitOfMeasure>ק"ג     </UnitOfMeasure>
      <bIsWeighted>0</bIsWeighted>
      <QtyInPackage>1</QtyInPackage>
      <ItemPrice>22.90</ItemPrice>
      <UnitOfMeasurePrice>22.9000</UnitOfMeasurePrice>
      <AllowDiscount>1</AllowDiscount>
      <ItemStatus>1</ItemStatus>
      <ItemId>223500</ItemId>
    </Item>
    <Item>
      <PriceUpdateDate>2015-01-01 00:00:00</PriceUpdateDate>
      <ItemCode>446547</ItemCode>
      <ItemType>0</ItemType>
      <ItemName>חמאת בוטנים טבעית</ItemName>
      <ManufacturerName>בטר אנד דיפרנט</ManufacturerName>
      <ManufactureCountry>לא ידוע</ManufactureCountry>
      <ManufacturerItemDescription>חמאת בוטנים טבעית 350 גרם</ManufacturerItemDescription>
      <UnitQty>גרמים</UnitQty>
      <Quantity>350.00</Quantity>
      <UnitOfMeasure>100 גרם</UnitOfMeasure>
      <bIsWeighted>0</bIsWeighted>
      <QtyInPackage>1</QtyInPackage>
      <ItemPrice>11.90</ItemPrice>
      <UnitOfMeasurePrice>3.4000</UnitOfMeasurePrice>
      <AllowDiscount>1</AllowDiscount>
      <ItemStatus>1</ItemStatus>
      <ItemId>223501</ItemId>
    </Item>
    <Item>
      <PriceUpdateDate>2015-01-01 00:00:00</PriceUpdateDate>
      <ItemCode>446554</ItemCode>
      <ItemType>0</ItemType>
      <ItemName>חמאת בוטנים טבעית 1</ItemName>
      <ManufacturerName>בטר אנד דיפרנט</ManufacturerName>
      <ManufactureCountry>לא ידוע</ManufactureCountry>
      <ManufacturerItemDescription>חמאת בוטנים טבעית 1 ק"ג</ManufacturerItemDescription>
      <UnitQty>גרמים</UnitQty>
      <Quantity>510.00</Quantity>
      <UnitOfMeasure>100 גרם</UnitOfMeasure>
      <bIsWeighted>0</bIsWeighted>
      <QtyInPackage>1</QtyInPackage>
      <ItemPrice>22.90</ItemPrice>
      <UnitOfMeasurePrice>4.4902</UnitOfMeasurePrice>
      <AllowDiscount>1</AllowDiscount>
      <ItemStatus>1</ItemStatus>
      <ItemId>223502</ItemId>
    </Item>
    <Item>
      <PriceUpdateDate>2015-01-01 00:00:00</PriceUpdateDate>
      <ItemCode>446721</ItemCode>
      <ItemType>0</ItemType>
      <ItemName>פריכיות אורז  אושר ע</ItemName>
      <ManufacturerName>בטר אנד דיפרנט</ManufacturerName>
      <ManufactureCountry>לא ידוע</ManufactureCountry>
      <ManufacturerItemDescription>פריכיות אורז  אושר עד 420 גרם</ManufacturerItemDescription>
      <UnitQty>גרמים</UnitQty>
      <Quantity>420.00</Quantity>
      <UnitOfMeasure>100 גרם</UnitOfMeasure>
      <bIsWeighted>0</bIsWeighted>
      <QtyInPackage>1</QtyInPackage>
      <ItemPrice>14.90</ItemPrice>
      <UnitOfMeasurePrice>3.5476</UnitOfMeasurePrice>
      <AllowDiscount>1</AllowDiscount>
      <ItemStatus>1</ItemStatus>
      <ItemId>223503</ItemId>
    </Item>
    <Item>
      <PriceUpdateDate>2015-01-01 00:00:00</PriceUpdateDate>
      <ItemCode>446776</ItemCode>
      <ItemType>0</ItemType>
      <ItemName>אורז תפוח קל 450 גרם</ItemName>
      <ManufacturerName>בטר אנד דיפרנט</ManufacturerName>
      <ManufactureCountry>לא ידוע</ManufactureCountry>
      <ManufacturerItemDescription>אורז תפוח קל 450 גרם</ManufacturerItemDescription>
      <UnitQty>גרמים</UnitQty>
      <Quantity>450.00</Quantity>
      <UnitOfMeasure>100 גרם</UnitOfMeasure>
      <bIsWeighted>0</bIsWeighted>
      <QtyInPackage>1</QtyInPackage>
      <ItemPrice>14.90</ItemPrice>
      <UnitOfMeasurePrice>3.3111</UnitOfMeasurePrice>
      <AllowDiscount>1</AllowDiscount>
      <ItemStatus>1</ItemStatus>
      <ItemId>223504</ItemId>
    </Item>
    <Item>
      <PriceUpdateDate>2015-01-01 00:00:00</PriceUpdateDate>
      <ItemCode>446868</ItemCode>
      <ItemType>0</ItemType>
      <ItemName>סוכר ענבים דקסטרוזה</ItemName>
      <ManufacturerName>בטר אנד דיפרנט</ManufacturerName>
      <ManufactureCountry>לא ידוע</ManufactureCountry>
      <ManufacturerItemDescription>סוכר ענבים דקסטרוזה 500ג</ManufacturerItemDescription>
      <UnitQty>גרמים</UnitQty>
      <Quantity>500.00</Quantity>
      <UnitOfMeasure>100 גרם</UnitOfMeasure>
      <bIsWeighted>0</bIsWeighted>
      <QtyInPackage>1</QtyInPackage>
      <ItemPrice>9.80</ItemPrice>
      <UnitOfMeasurePrice>1.9600</UnitOfMeasurePrice>
      <AllowDiscount>1</AllowDiscount>
      <ItemStatus>1</ItemStatus>
      <ItemId>223505</ItemId>
    </Item>
    <Item>
      <PriceUpdateDate>2015-10-12 15:04:42</PriceUpdateDate>
      <ItemCode>446943</ItemCode>
      <ItemType>0</ItemType>
      <ItemName>פריכיות כוסמת 100 גר</ItemName>
      <ManufacturerName>בטר אנד דיפרנט</ManufacturerName>
      <ManufactureCountry>לא ידוע</ManufactureCountry>
      <ManufacturerItemDescription>פריכיות כוסמת 100 גרם</ManufacturerItemDescription>
      <UnitQty>גרמים</UnitQty>
      <Quantity>100.00</Quantity>
      <UnitOfMeasure>100 גרם</UnitOfMeasure>
      <bIsWeighted>0</bIsWeighted>
      <QtyInPackage>1</QtyInPackage>
      <ItemPrice>3.90</ItemPrice>
      <UnitOfMeasurePrice>3.9000</UnitOfMeasurePrice>
      <AllowDiscount>1</AllowDiscount>
      <ItemStatus>1</ItemStatus>
      <ItemId>223506</ItemId>
    </Item>
    <Item>
      <PriceUpdateDate>2015-01-01 00:00:00</PriceUpdateDate>
      <ItemCode>44712</ItemCode>
      <ItemType>0</ItemType>
      <ItemName>פרילי עם תות 500 מל</ItemName>
      <ManufacturerName>תנובה מרכז שיתופי לש</ManufacturerName>
      <ManufactureCountry>לא ידוע</ManufactureCountry>
      <ManufacturerItemDescription>פרילי עם תות 500 מ"ל</ManufacturerItemDescription>
      <UnitQty>מיליליטרים</UnitQty>
      <Quantity>500.00</Quantity>
      <UnitOfMeasure>100 מ"ל</UnitOfMeasure>
      <bIsWeighted>0</bIsWeighted>
      <QtyInPackage>1</QtyInPackage>
      <ItemPrice>9.90</ItemPrice>
      <UnitOfMeasurePrice>1.9800</UnitOfMeasurePrice>
      <AllowDiscount>1</AllowDiscount>
      <ItemStatus>1</ItemStatus>
      <ItemId>223509</ItemId>
    </Item>
    <Item>
      <PriceUpdateDate>2015-01-01 00:00:00</PriceUpdateDate>
      <ItemCode>449128</ItemCode>
      <ItemType>0</ItemType>
      <ItemName>פנטסטיק לניקוי כללי</ItemName>
      <ManufacturerName>יוניליוור</ManufacturerName>
      <ManufactureCountry>ישראל</ManufactureCountry>
      <ManufacturerItemDescription>פנטסטיק לניקוי כללי 4 ליטר</ManufacturerItemDescription>
      <UnitQty>ליטרים</UnitQty>
      <Quantity>4.00</Quantity>
      <UnitOfMeasure>ליטר    </UnitOfMeasure>
      <bIsWeighted>0</bIsWeighted>
      <QtyInPackage>1</QtyInPackage>
      <ItemPrice>21.90</ItemPrice>
      <UnitOfMeasurePrice>5.4750</UnitOfMeasurePrice>
      <AllowDiscount>1</AllowDiscount>
      <ItemStatus>1</ItemStatus>
      <ItemId>223511</ItemId>
    </Item>
    <Item>
      <PriceUpdateDate>2015-01-01 00:00:00</PriceUpdateDate>
      <ItemCode>4492274</ItemCode>
      <ItemType>0</ItemType>
      <ItemName>בייגלה גל גל 400 גרם</ItemName>
      <ManufacturerName>יוניליוור</ManufacturerName>
      <ManufactureCountry>לא ידוע</ManufactureCountry>
      <ManufacturerItemDescription>בייגלה גל גל 400 גרם</ManufacturerItemDescription>
      <UnitQty>גרמים</UnitQty>
      <Quantity>400.00</Quantity>
      <UnitOfMeasure>100 גרם</UnitOfMeasure>
      <bIsWeighted>0</bIsWeighted>
      <QtyInPackage>1</QtyInPackage>
      <ItemPrice>8.90</ItemPrice>
      <UnitOfMeasurePrice>2.2250</UnitOfMeasurePrice>
      <AllowDiscount>1</AllowDiscount>
      <ItemStatus>1</ItemStatus>
      <ItemId>223512</ItemId>
    </Item>
    <Item>
      <PriceUpdateDate>2015-01-01 00:00:00</PriceUpdateDate>
      <ItemCode>4492342</ItemCode>
      <ItemType>0</ItemType>
      <ItemName>נשנושים קוקטייל מלח</ItemName>
      <ManufacturerName>גוצמולר</ManufacturerName>
      <ManufactureCountry>ישראל</ManufactureCountry>
      <ManufacturerItemDescription>נשנושים קוקטייל מלח 350 גרם</ManufacturerItemDescription>
      <UnitQty>גרמים</UnitQty>
      <Quantity>350.00</Quantity>
      <UnitOfMeasure>100 גרם</UnitOfMeasure>
      <bIsWeighted>0</bIsWeighted>
      <QtyInPackage>1</QtyInPackage>
      <ItemPrice>12.50</ItemPrice>
      <UnitOfMeasurePrice>3.5714</UnitOfMeasurePrice>
      <AllowDiscount>1</AllowDiscount>
      <ItemStatus>1</ItemStatus>
      <ItemId>223514</ItemId>
    </Item>
    <Item>
      <PriceUpdateDate>2015-01-01 00:00:00</PriceUpdateDate>
      <ItemCode>4492755</ItemCode>
      <ItemType>0</ItemType>
      <ItemName>נשנושים בצל שמנת 300</ItemName>
      <ManufacturerName>גוצמולר</ManufacturerName>
      <ManufactureCountry>ישראל</ManufactureCountry>
      <ManufacturerItemDescription>נשנושים בצל שמנת 300 גרם</ManufacturerItemDescription>
      <UnitQty>גרמים</UnitQty>
      <Quantity>300.00</Quantity>
      <UnitOfMeasure>100 גרם</UnitOfMeasure>
      <bIsWeighted>0</bIsWeighted>
      <QtyInPackage>1</QtyInPackage>
      <ItemPrice>12.50</ItemPrice>
      <UnitOfMeasurePrice>4.1667</UnitOfMeasurePrice>
      <AllowDiscount>1</AllowDiscount>
      <ItemStatus>1</ItemStatus>
      <ItemId>223517</ItemId>
    </Item>
    <Item>
      <PriceUpdateDate>2015-01-01 00:00:00</PriceUpdateDate>
      <ItemCode>4492762</ItemCode>
      <ItemType>0</ItemType>
      <ItemName>נשנושים תירס 325 גרם</ItemName>
      <ManufacturerName>גוצמולר</ManufacturerName>
      <ManufactureCountry>ישראל</ManufactureCountry>
      <ManufacturerItemDescription>נשנושים תירס 325 גרם</ManufacturerItemDescription>
      <UnitQty>גרמים</UnitQty>
      <Quantity>325.00</Quantity>
      <UnitOfMeasure>100 גרם</UnitOfMeasure>
      <bIsWeighted>0</bIsWeighted>
      <QtyInPackage>1</QtyInPackage>
      <ItemPrice>12.50</ItemPrice>
      <UnitOfMeasurePrice>3.8462</UnitOfMeasurePrice>
      <AllowDiscount>1</AllowDiscount>
      <ItemStatus>1</ItemStatus>
      <ItemId>223518</ItemId>
    </Item>
    <Item>
      <PriceUpdateDate>2015-01-01 00:00:00</PriceUpdateDate>
      <ItemCode>4492779</ItemCode>
      <ItemType>0</ItemType>
      <ItemName>נשנושים זעתר 300 גרם</ItemName>
      <ManufacturerName>גוצמולר</ManufacturerName>
      <ManufactureCountry>ישראל</ManufactureCountry>
      <ManufacturerItemDescription>נשנושים זעתר 300 גרם</ManufacturerItemDescription>
      <UnitQty>גרמים</UnitQty>
      <Quantity>300.00</Quantity>
      <UnitOfMeasure>100 גרם</UnitOfMeasure>
      <bIsWeighted>0</bIsWeighted>
      <QtyInPackage>1</QtyInPackage>
      <ItemPrice>12.50</ItemPrice>
      <UnitOfMeasurePrice>4.1667</UnitOfMeasurePrice>
      <AllowDiscount>1</AllowDiscount>
      <ItemStatus>1</ItemStatus>
      <ItemId>223519</ItemId>
    </Item>
    <Item>
      <PriceUpdateDate>2015-01-01 00:00:00</PriceUpdateDate>
      <ItemCode>4492793</ItemCode>
      <ItemType>0</ItemType>
      <ItemName>נשנושים דגנים 325 גר</ItemName>
      <ManufacturerName>גוצמולר</ManufacturerName>
      <ManufactureCountry>ישראל</ManufactureCountry>
      <ManufacturerItemDescription>נשנושים דגנים 325 גרם</ManufacturerItemDescription>
      <UnitQty>גרמים</UnitQty>
      <Quantity>325.00</Quantity>
      <UnitOfMeasure>100 גרם</UnitOfMeasure>
      <bIsWeighted>0</bIsWeighted>
      <QtyInPackage>1</QtyInPackage>
      <ItemPrice>12.50</ItemPrice>
      <UnitOfMeasurePrice>3.8462</UnitOfMeasurePrice>
      <AllowDiscount>1</AllowDiscount>
      <ItemStatus>1</ItemStatus>
      <ItemId>223521</ItemId>
    </Item>
    <Item>
      <PriceUpdateDate>2015-01-01 00:00:00</PriceUpdateDate>
      <ItemCode>4492816</ItemCode>
      <ItemType>0</ItemType>
      <ItemName>נשנושים מלח 350 גרם</ItemName>
      <ManufacturerName>גוצמולר</ManufacturerName>
      <ManufactureCountry>ישראל</ManufactureCountry>
      <ManufacturerItemDescription>נשנושים מלח 350 גרם</ManufacturerItemDescription>
      <UnitQty>גרמים</UnitQty>
      <Quantity>350.00</Quantity>
      <UnitOfMeasure>100 גרם</UnitOfMeasure>
      <bIsWeighted>0</bIsWeighted>
      <QtyInPackage>1</QtyInPackage>
      <ItemPrice>12.50</ItemPrice>
      <UnitOfMeasurePrice>3.5714</UnitOfMeasurePrice>
      <AllowDiscount>1</AllowDiscount>
      <ItemStatus>1</ItemStatus>
      <ItemId>223522</ItemId>
    </Item>
    <Item>
      <PriceUpdateDate>2015-01-01 00:00:00</PriceUpdateDate>
      <ItemCode>4492823</ItemCode>
      <ItemType>0</ItemType>
      <ItemName>נשנושים שומשום 350 ג</ItemName>
      <ManufacturerName>גוצמולר</ManufacturerName>
      <ManufactureCountry>ישראל</ManufactureCountry>
      <ManufacturerItemDescription>נשנושים שומשום 350 גרם</ManufacturerItemDescription>
      <UnitQty>גרמים</UnitQty>
      <Quantity>350.00</Quantity>
      <UnitOfMeasure>100 גרם</UnitOfMeasure>
      <bIsWeighted>0</bIsWeighted>
      <QtyInPackage>1</QtyInPackage>
      <ItemPrice>12.50</ItemPrice>
      <UnitOfMeasurePrice>3.5714</UnitOfMeasurePrice>
      <AllowDiscount>1</AllowDiscount>
      <ItemStatus>1</ItemStatus>
      <ItemId>223523</ItemId>
    </Item>
    <Item>
      <PriceUpdateDate>2015-01-01 00:00:00</PriceUpdateDate>
      <ItemCode>4492854</ItemCode>
      <ItemType>0</ItemType>
      <ItemName>נשנושים קוקטייל שומש</ItemName>
      <ManufacturerName>גוצמולר</ManufacturerName>
      <ManufactureCountry>ישראל</ManufactureCountry>
      <ManufacturerItemDescription>נשנושים קוקטייל שומשום 350 גרם</ManufacturerItemDescription>
      <UnitQty>גרמים</UnitQty>
      <Quantity>350.00</Quantity>
      <UnitOfMeasure>100 גרם</UnitOfMeasure>
      <bIsWeighted>0</bIsWeighted>
      <QtyInPackage>1</QtyInPackage>
      <ItemPrice>12.50</ItemPrice>
      <UnitOfMeasurePrice>3.5714</UnitOfMeasurePrice>
      <AllowDiscount>1</AllowDiscount>
      <ItemStatus>1</ItemStatus>
      <ItemId>223524</ItemId>
    </Item>
    <Item>
      <PriceUpdateDate>2015-01-01 00:00:00</PriceUpdateDate>
      <ItemCode>453019</ItemCode>
      <ItemType>0</ItemType>
      <ItemName>שמרים לחים 50 גרם</ItemName>
      <ManufacturerName>פאקא תעשיות בעמ</ManufacturerName>
      <ManufactureCountry>ישראל</ManufactureCountry>
      <ManufacturerItemDescription>שמרים לחים 50 גרם</ManufacturerItemDescription>
      <UnitQty>גרמים</UnitQty>
      <Quantity>50.00</Quantity>
      <UnitOfMeasure>100 גרם</UnitOfMeasure>
      <bIsWeighted>0</bIsWeighted>
      <QtyInPackage>1</QtyInPackage>
      <ItemPrice>3.90</ItemPrice>
      <UnitOfMeasurePrice>7.8000</UnitOfMeasurePrice>
      <AllowDiscount>1</AllowDiscount>
      <ItemStatus>1</ItemStatus>
      <ItemId>223526</ItemId>
    </Item>
    <Item>
      <PriceUpdateDate>2015-01-01 00:00:00</PriceUpdateDate>
      <ItemCode>453125</ItemCode>
      <ItemType>0</ItemType>
      <ItemName>שמרית+משפר אפיה ביתי</ItemName>
      <ManufacturerName>פאקא תעשיות בעמ</ManufacturerName>
      <ManufactureCountry>ישראל</ManufactureCountry>
      <ManufacturerItemDescription>שמרית+משפר אפיה ביתית 100 גרם</ManufacturerItemDescription>
      <UnitQty>גרמים</UnitQty>
      <Quantity>100.00</Quantity>
      <UnitOfMeasure>100 גרם</UnitOfMeasure>
      <bIsWeighted>0</bIsWeighted>
      <QtyInPackage>1</QtyInPackage>
      <ItemPrice>6.90</ItemPrice>
      <UnitOfMeasurePrice>6.9000</UnitOfMeasurePrice>
      <AllowDiscount>1</AllowDiscount>
      <ItemStatus>1</ItemStatus>
      <ItemId>223527</ItemId>
    </Item>
    <Item>
      <PriceUpdateDate>2015-01-01 00:00:00</PriceUpdateDate>
      <ItemCode>45399</ItemCode>
      <ItemType>0</ItemType>
      <ItemName>גבינה ניר מותכת 200</ItemName>
      <ManufacturerName>תנובה מרכז שיתופי לש</ManufacturerName>
      <ManufactureCountry>לא ידוע</ManufactureCountry>
      <ManufacturerItemDescription>גבינה ניר מותכת 200 גרם</ManufacturerItemDescription>
      <UnitQty>גרמים</UnitQty>
      <Quantity>200.00</Quantity>
      <UnitOfMeasure>100 גרם</UnitOfMeasure>
      <bIsWeighted>0</bIsWeighted>
      <QtyInPackage>1</QtyInPackage>
      <ItemPrice>9.90</ItemPrice>
      <UnitOfMeasurePrice>4.9500</UnitOfMeasurePrice>
      <AllowDiscount>1</AllowDiscount>
      <ItemStatus>1</ItemStatus>
      <ItemId>223541</ItemId>
    </Item>
    <Item>
      <PriceUpdateDate>2015-01-01 00:00:00</PriceUpdateDate>
      <ItemCode>4551018</ItemCode>
      <ItemType>0</ItemType>
      <ItemName>תמצית וניל בדצ דרומה</ItemName>
      <ManufacturerName>,</ManufacturerName>
      <ManufactureCountry>לא ידוע</ManufactureCountry>
      <ManufacturerItemDescription>תמצית וניל בדצ דרומה</ManufacturerItemDescription>
      <UnitQty>מיליליטרים</UnitQty>
      <Quantity>50.00</Quantity>
      <UnitOfMeasure>100 מ"ל</UnitOfMeasure>
      <bIsWeighted>0</bIsWeighted>
      <QtyInPackage>1</QtyInPackage>
      <ItemPrice>2.10</ItemPrice>
      <UnitOfMeasurePrice>4.2000</UnitOfMeasurePrice>
      <AllowDiscount>1</AllowDiscount>
      <ItemStatus>1</ItemStatus>
      <ItemId>223542</ItemId>
    </Item>
    <Item>
      <PriceUpdateDate>2015-01-01 00:00:00</PriceUpdateDate>
      <ItemCode>4551193</ItemCode>
      <ItemType>0</ItemType>
      <ItemName>קמח מצה 400 גרם</ItemName>
      <ManufacturerName>,</ManufacturerName>
      <ManufactureCountry>לא ידוע</ManufactureCountry>
      <ManufacturerItemDescription>קמח מצה 400 גרם</ManufacturerItemDescription>
      <UnitQty>גרמים</UnitQty>
      <Quantity>400.00</Quantity>
      <UnitOfMeasure>100 גרם</UnitOfMeasure>
      <bIsWeighted>0</bIsWeighted>
      <QtyInPackage>1</QtyInPackage>
      <ItemPrice>5.60</ItemPrice>
      <UnitOfMeasurePrice>1.4000</UnitOfMeasurePrice>
      <AllowDiscount>1</AllowDiscount>
      <ItemStatus>1</ItemStatus>
      <ItemId>223544</ItemId>
    </Item>
    <Item>
      <PriceUpdateDate>2015-01-01 00:00:00</PriceUpdateDate>
      <ItemCode>4551605</ItemCode>
      <ItemType>0</ItemType>
      <ItemName>פפריקה מתוקה 80 גרם</ItemName>
      <ManufacturerName>,</ManufacturerName>
      <ManufactureCountry>לא ידוע</ManufactureCountry>
      <ManufacturerItemDescription>פפריקה מתוקה 80 גרם</ManufacturerItemDescription>
      <UnitQty>גרמים</UnitQty>
      <Quantity>80.00</Quantity>
      <UnitOfMeasure>100 גרם</UnitOfMeasure>
      <bIsWeighted>0</bIsWeighted>
      <QtyInPackage>1</QtyInPackage>
      <ItemPrice>3.50</ItemPrice>
      <UnitOfMeasurePrice>4.3750</UnitOfMeasurePrice>
      <AllowDiscount>1</AllowDiscount>
      <ItemStatus>1</ItemStatus>
      <ItemId>223550</ItemId>
    </Item>
    <Item>
      <PriceUpdateDate>2015-01-01 00:00:00</PriceUpdateDate>
      <ItemCode>4551926</ItemCode>
      <ItemType>0</ItemType>
      <ItemName>אבקת פלאפל</ItemName>
      <ManufacturerName>,</ManufacturerName>
      <ManufactureCountry>לא ידוע</ManufactureCountry>
      <ManufacturerItemDescription>אבקת פלאפל</ManufacturerItemDescription>
      <UnitQty>קילוגרמים</UnitQty>
      <Quantity>1.00</Quantity>
      <UnitOfMeasure>ק"ג     </UnitOfMeasure>
      <bIsWeighted>0</bIsWeighted>
      <QtyInPackage>1</QtyInPackage>
      <ItemPrice>13.90</ItemPrice>
      <UnitOfMeasurePrice>13.9000</UnitOfMeasurePrice>
      <AllowDiscount>1</AllowDiscount>
      <ItemStatus>1</ItemStatus>
      <ItemId>223553</ItemId>
    </Item>
    <Item>
      <PriceUpdateDate>2015-01-01 00:00:00</PriceUpdateDate>
      <ItemCode>2391135</ItemCode>
      <ItemType>0</ItemType>
      <ItemName>חזה הודו בדבש 250 גר</ItemName>
      <ManufacturerName>,</ManufacturerName>
      <ManufactureCountry>לא ידוע</ManufactureCountry>
      <ManufacturerItemDescription>חזה הודו בדבש 250 גרם</ManufacturerItemDescription>
      <UnitQty>גרמים</UnitQty>
      <Quantity>250.00</Quantity>
      <UnitOfMeasure>100 גרם</UnitOfMeasure>
      <bIsWeighted>0</bIsWeighted>
      <QtyInPackage>1</QtyInPackage>
      <ItemPrice>27.90</ItemPrice>
      <UnitOfMeasurePrice>11.1600</UnitOfMeasurePrice>
      <AllowDiscount>1</AllowDiscount>
      <ItemStatus>1</ItemStatus>
      <ItemId>250244</ItemId>
    </Item>
    <Item>
      <PriceUpdateDate>2015-01-01 00:00:00</PriceUpdateDate>
      <ItemCode>4554354</ItemCode>
      <ItemType>0</ItemType>
      <ItemName>גלידת פנטסיה שוקו ונ</ItemName>
      <ManufacturerName>שטראוס</ManufacturerName>
      <ManufactureCountry>ישראל</ManufactureCountry>
      <ManufacturerItemDescription>גלידת פנטסיה שוקו וניל 1.1 ליטר</ManufacturerItemDescription>
      <UnitQty>ליטרים</UnitQty>
      <Quantity>1.00</Quantity>
      <UnitOfMeasure>ליטר    </UnitOfMeasure>
      <bIsWeighted>0</bIsWeighted>
      <QtyInPackage>1</QtyInPackage>
      <ItemPrice>19.90</ItemPrice>
      <UnitOfMeasurePrice>19.9000</UnitOfMeasurePrice>
      <AllowDiscount>1</AllowDiscount>
      <ItemStatus>1</ItemStatus>
      <ItemId>223555</ItemId>
    </Item>
    <Item>
      <PriceUpdateDate>2015-01-01 00:00:00</PriceUpdateDate>
      <ItemCode>4554903</ItemCode>
      <ItemType>0</ItemType>
      <ItemName>גלידת פנטסיה פרווה 1</ItemName>
      <ManufacturerName>שטראוס</ManufacturerName>
      <ManufactureCountry>ישראל</ManufactureCountry>
      <ManufacturerItemDescription>גלידת פנטסיה פרווה 1.1 ליטר</ManufacturerItemDescription>
      <UnitQty>ליטרים</UnitQty>
      <Quantity>1.10</Quantity>
      <UnitOfMeasure>ליטר    </UnitOfMeasure>
      <bIsWeighted>0</bIsWeighted>
      <QtyInPackage>1</QtyInPackage>
      <ItemPrice>19.90</ItemPrice>
      <UnitOfMeasurePrice>18.0909</UnitOfMeasurePrice>
      <AllowDiscount>1</AllowDiscount>
      <ItemStatus>1</ItemStatus>
      <ItemId>223556</ItemId>
    </Item>
    <Item>
      <PriceUpdateDate>2015-01-01 00:00:00</PriceUpdateDate>
      <ItemCode>4575007</ItemCode>
      <ItemType>0</ItemType>
      <ItemName>מאגדת טילונים 1+4חינ</ItemName>
      <ManufacturerName>גלידות ריאו ביח"ר לג</ManufacturerName>
      <ManufactureCountry>לא ידוע</ManufactureCountry>
      <ManufacturerItemDescription>מאגדת טילונים 1+4חינם</ManufacturerItemDescription>
      <UnitQty>Unknown </UnitQty>
      <Quantity>0.00</Quantity>
      <UnitOfMeasure>Unknown </UnitOfMeasure>
      <bIsWeighted>0</bIsWeighted>
      <QtyInPackage>1</QtyInPackage>
      <ItemPrice>17.90</ItemPrice>
      <UnitOfMeasurePrice>0.0000</UnitOfMeasurePrice>
      <AllowDiscount>1</AllowDiscount>
      <ItemStatus>1</ItemStatus>
      <ItemId>223557</ItemId>
    </Item>
    <Item>
      <PriceUpdateDate>2015-01-01 00:00:00</PriceUpdateDate>
      <ItemCode>4575021</ItemCode>
      <ItemType>0</ItemType>
      <ItemName>גלידה 3.5 ליטר 6 טעמ</ItemName>
      <ManufacturerName>גלידות ריאו ביח"ר לג</ManufacturerName>
      <ManufactureCountry>לא ידוע</ManufactureCountry>
      <ManufacturerItemDescription>גלידה 3.5 ליטר 6 טעמים</ManufacturerItemDescription>
      <UnitQty>ליטרים</UnitQty>
      <Quantity>3.50</Quantity>
      <UnitOfMeasure>ליטר    </UnitOfMeasure>
      <bIsWeighted>0</bIsWeighted>
      <QtyInPackage>1</QtyInPackage>
      <ItemPrice>28.90</ItemPrice>
      <UnitOfMeasurePrice>8.2571</UnitOfMeasurePrice>
      <AllowDiscount>1</AllowDiscount>
      <ItemStatus>1</ItemStatus>
      <ItemId>223558</ItemId>
    </Item>
    <Item>
      <PriceUpdateDate>2015-01-01 00:00:00</PriceUpdateDate>
      <ItemCode>4575069</ItemCode>
      <ItemType>0</ItemType>
      <ItemName>מיניס וניל אגוזי טופ</ItemName>
      <ManufacturerName>גלידות ריאו ביח"ר לג</ManufacturerName>
      <ManufactureCountry>לא ידוע</ManufactureCountry>
      <ManufacturerItemDescription>מיניס וניל אגוזי טופו</ManufacturerItemDescription>
      <UnitQty>גרמים</UnitQty>
      <Quantity>700.00</Quantity>
      <UnitOfMeasure>100 גרם</UnitOfMeasure>
      <bIsWeighted>0</bIsWeighted>
      <QtyInPackage>1</QtyInPackage>
      <ItemPrice>34.90</ItemPrice>
      <UnitOfMeasurePrice>4.9857</UnitOfMeasurePrice>
      <AllowDiscount>1</AllowDiscount>
      <ItemStatus>1</ItemStatus>
      <ItemId>223559</ItemId>
    </Item>
    <Item>
      <PriceUpdateDate>2015-01-01 00:00:00</PriceUpdateDate>
      <ItemCode>4575335</ItemCode>
      <ItemType>0</ItemType>
      <ItemName>מאגדת שלגונים מיני מ</ItemName>
      <ManufacturerName>גלידות ריאו ביח"ר לג</ManufacturerName>
      <ManufactureCountry>לא ידוע</ManufactureCountry>
      <ManufacturerItemDescription>מאגדת שלגונים מיני מגיק 8 יח"</ManufacturerItemDescription>
      <UnitQty>Unknown </UnitQty>
      <Quantity>0.00</Quantity>
      <UnitOfMeasure>Unknown </UnitOfMeasure>
      <bIsWeighted>0</bIsWeighted>
      <QtyInPackage>1</QtyInPackage>
      <ItemPrice>24.90</ItemPrice>
      <UnitOfMeasurePrice>0.0000</UnitOfMeasurePrice>
      <AllowDiscount>1</AllowDiscount>
      <ItemStatus>1</ItemStatus>
      <ItemId>223568</ItemId>
    </Item>
    <Item>
      <PriceUpdateDate>2015-01-01 00:00:00</PriceUpdateDate>
      <ItemCode>4575397</ItemCode>
      <ItemType>0</ItemType>
      <ItemName>גלידה טריו 1.8 ליטר</ItemName>
      <ManufacturerName>גלידות ריאו ביח"ר לג</ManufacturerName>
      <ManufactureCountry>לא ידוע</ManufactureCountry>
      <ManufacturerItemDescription>גלידה טריו 1.8 ליטר חלבי</ManufacturerItemDescription>
      <UnitQty>ליטרים</UnitQty>
      <Quantity>1.80</Quantity>
      <UnitOfMeasure>ליטר    </UnitOfMeasure>
      <bIsWeighted>0</bIsWeighted>
      <QtyInPackage>1</QtyInPackage>
      <ItemPrice>16.90</ItemPrice>
      <UnitOfMeasurePrice>9.3889</UnitOfMeasurePrice>
      <AllowDiscount>1</AllowDiscount>
      <ItemStatus>1</ItemStatus>
      <ItemId>223573</ItemId>
    </Item>
    <Item>
      <PriceUpdateDate>2015-01-01 00:00:00</PriceUpdateDate>
      <ItemCode>4575403</ItemCode>
      <ItemType>0</ItemType>
      <ItemName>גלידה טריו 1.8 ליטר</ItemName>
      <ManufacturerName>גלידות ריאו ביח"ר לג</ManufacturerName>
      <ManufactureCountry>לא ידוע</ManufactureCountry>
      <ManufacturerItemDescription>גלידה טריו 1.8 ליטר פרווה</ManufacturerItemDescription>
      <UnitQty>ליטרים</UnitQty>
      <Quantity>1.80</Quantity>
      <UnitOfMeasure>ליטר    </UnitOfMeasure>
      <bIsWeighted>0</bIsWeighted>
      <QtyInPackage>1</QtyInPackage>
      <ItemPrice>16.90</ItemPrice>
      <UnitOfMeasurePrice>9.3889</UnitOfMeasurePrice>
      <AllowDiscount>1</AllowDiscount>
      <ItemStatus>1</ItemStatus>
      <ItemId>223574</ItemId>
    </Item>
    <Item>
      <PriceUpdateDate>2015-01-01 00:00:00</PriceUpdateDate>
      <ItemCode>461625</ItemCode>
      <ItemType>0</ItemType>
      <ItemName>בייגלה שמונה שמונה</ItemName>
      <ManufacturerName>יוניליוור</ManufacturerName>
      <ManufactureCountry>ישראל</ManufactureCountry>
      <ManufacturerItemDescription>בייגלה שמונה שמונה 400 גרם</ManufacturerItemDescription>
      <UnitQty>גרמים</UnitQty>
      <Quantity>400.00</Quantity>
      <UnitOfMeasure>100 גרם</UnitOfMeasure>
      <bIsWeighted>0</bIsWeighted>
      <QtyInPackage>1</QtyInPackage>
      <ItemPrice>8.90</ItemPrice>
      <UnitOfMeasurePrice>2.2250</UnitOfMeasurePrice>
      <AllowDiscount>1</AllowDiscount>
      <ItemStatus>1</ItemStatus>
      <ItemId>223582</ItemId>
    </Item>
    <Item>
      <PriceUpdateDate>2015-01-01 00:00:00</PriceUpdateDate>
      <ItemCode>461656</ItemCode>
      <ItemType>0</ItemType>
      <ItemName>בייגלה אחד אחד 400 ג</ItemName>
      <ManufacturerName>יוניליוור</ManufacturerName>
      <ManufactureCountry>ישראל</ManufactureCountry>
      <ManufacturerItemDescription>בייגלה אחד אחד 400 גרם</ManufacturerItemDescription>
      <UnitQty>גרמים</UnitQty>
      <Quantity>400.00</Quantity>
      <UnitOfMeasure>100 גרם</UnitOfMeasure>
      <bIsWeighted>0</bIsWeighted>
      <QtyInPackage>1</QtyInPackage>
      <ItemPrice>8.90</ItemPrice>
      <UnitOfMeasurePrice>2.2250</UnitOfMeasurePrice>
      <AllowDiscount>1</AllowDiscount>
      <ItemStatus>1</ItemStatus>
      <ItemId>223584</ItemId>
    </Item>
    <Item>
      <PriceUpdateDate>2015-01-01 00:00:00</PriceUpdateDate>
      <ItemCode>461861</ItemCode>
      <ItemType>0</ItemType>
      <ItemName>דג דג חטיף מלוח 400</ItemName>
      <ManufacturerName>גוצמולר</ManufacturerName>
      <ManufactureCountry>ישראל</ManufactureCountry>
      <ManufacturerItemDescription>דג דג חטיף מלוח 400 גרם</ManufacturerItemDescription>
      <UnitQty>גרמים</UnitQty>
      <Quantity>400.00</Quantity>
      <UnitOfMeasure>100 גרם</UnitOfMeasure>
      <bIsWeighted>0</bIsWeighted>
      <QtyInPackage>1</QtyInPackage>
      <ItemPrice>12.80</ItemPrice>
      <UnitOfMeasurePrice>3.2000</UnitOfMeasurePrice>
      <AllowDiscount>1</AllowDiscount>
      <ItemStatus>1</ItemStatus>
      <ItemId>223588</ItemId>
    </Item>
    <Item>
      <PriceUpdateDate>2015-09-20 13:00:59</PriceUpdateDate>
      <ItemCode>4658618</ItemCode>
      <ItemType>0</ItemType>
      <ItemName>מיץ ענבים תירוש לבן</ItemName>
      <ManufacturerName>יקבי כרמל</ManufacturerName>
      <ManufactureCountry>ישראל</ManufactureCountry>
      <ManufacturerItemDescription>מיץ ענבים תירוש לבן 1 ליטר</ManufacturerItemDescription>
      <UnitQty>ליטרים</UnitQty>
      <Quantity>1.00</Quantity>
      <UnitOfMeasure>ליטר    </UnitOfMeasure>
      <bIsWeighted>0</bIsWeighted>
      <QtyInPackage>1</QtyInPackage>
      <ItemPrice>16.90</ItemPrice>
      <UnitOfMeasurePrice>16.9000</UnitOfMeasurePrice>
      <AllowDiscount>1</AllowDiscount>
      <ItemStatus>1</ItemStatus>
      <ItemId>223590</ItemId>
    </Item>
    <Item>
      <PriceUpdateDate>2015-01-01 00:00:00</PriceUpdateDate>
      <ItemCode>4658809</ItemCode>
      <ItemType>0</ItemType>
      <ItemName>יין קדמון אדום 750 מ</ItemName>
      <ManufacturerName>,</ManufacturerName>
      <ManufactureCountry>לא ידוע</ManufactureCountry>
      <ManufacturerItemDescription>יין קדמון אדום 750 מ"ל</ManufacturerItemDescription>
      <UnitQty>מיליליטרים</UnitQty>
      <Quantity>750.00</Quantity>
      <UnitOfMeasure>100 מ"ל</UnitOfMeasure>
      <bIsWeighted>0</bIsWeighted>
      <QtyInPackage>1</QtyInPackage>
      <ItemPrice>39.90</ItemPrice>
      <UnitOfMeasurePrice>5.3200</UnitOfMeasurePrice>
      <AllowDiscount>1</AllowDiscount>
      <ItemStatus>1</ItemStatus>
      <ItemId>223592</ItemId>
    </Item>
    <Item>
      <PriceUpdateDate>2016-06-15 13:26:32</PriceUpdateDate>
      <ItemCode>4731083</ItemCode>
      <ItemType>0</ItemType>
      <ItemName>אלסבון כיף גינסנג 1</ItemName>
      <ManufacturerName>,</ManufacturerName>
      <ManufactureCountry>לא ידוע</ManufactureCountry>
      <ManufacturerItemDescription>אלסבון כיף גינסנג 1 ליטר</ManufacturerItemDescription>
      <UnitQty>ליטרים</UnitQty>
      <Quantity>1.00</Quantity>
      <UnitOfMeasure>ליטר    </UnitOfMeasure>
      <bIsWeighted>0</bIsWeighted>
      <QtyInPackage>1</QtyInPackage>
      <ItemPrice>10.90</ItemPrice>
      <UnitOfMeasurePrice>10.9000</UnitOfMeasurePrice>
      <AllowDiscount>1</AllowDiscount>
      <ItemStatus>1</ItemStatus>
      <ItemId>223604</ItemId>
    </Item>
    <Item>
      <PriceUpdateDate>2016-06-15 13:26:32</PriceUpdateDate>
      <ItemCode>4731090</ItemCode>
      <ItemType>0</ItemType>
      <ItemName>אלסבון כיף קמומיל</ItemName>
      <ManufacturerName>,</ManufacturerName>
      <ManufactureCountry>לא ידוע</ManufactureCountry>
      <ManufacturerItemDescription>אלסבון כיף קמומיל 1 ליטר</ManufacturerItemDescription>
      <UnitQty>ליטרים</UnitQty>
      <Quantity>1.00</Quantity>
      <UnitOfMeasure>ליטר    </UnitOfMeasure>
      <bIsWeighted>0</bIsWeighted>
      <QtyInPackage>1</QtyInPackage>
      <ItemPrice>10.90</ItemPrice>
      <UnitOfMeasurePrice>10.9000</UnitOfMeasurePrice>
      <AllowDiscount>1</AllowDiscount>
      <ItemStatus>1</ItemStatus>
      <ItemId>223605</ItemId>
    </Item>
    <Item>
      <PriceUpdateDate>2015-10-28 16:34:34</PriceUpdateDate>
      <ItemCode>4731120</ItemCode>
      <ItemType>0</ItemType>
      <ItemName>קרם ידיים קרמה עור ר</ItemName>
      <ManufacturerName>קוסמופארם</ManufacturerName>
      <ManufactureCountry>לא ידוע</ManufactureCountry>
      <ManufacturerItemDescription>קרם ידיים קרמה עור רגיל</ManufacturerItemDescription>
      <UnitQty>גרמים</UnitQty>
      <Quantity>100.00</Quantity>
      <UnitOfMeasure>100 גרם</UnitOfMeasure>
      <bIsWeighted>0</bIsWeighted>
      <QtyInPackage>1</QtyInPackage>
      <ItemPrice>6.90</ItemPrice>
      <UnitOfMeasurePrice>6.9000</UnitOfMeasurePrice>
      <AllowDiscount>1</AllowDiscount>
      <ItemStatus>1</ItemStatus>
      <ItemId>223608</ItemId>
    </Item>
    <Item>
      <PriceUpdateDate>2015-10-28 16:34:35</PriceUpdateDate>
      <ItemCode>4731137</ItemCode>
      <ItemType>0</ItemType>
      <ItemName>קרם ידיים קרמה עור י</ItemName>
      <ManufacturerName>קוסמופארם</ManufacturerName>
      <ManufactureCountry>לא ידוע</ManufactureCountry>
      <ManufacturerItemDescription>קרם ידיים קרמה עור יבש</ManufacturerItemDescription>
      <UnitQty>גרמים</UnitQty>
      <Quantity>100.00</Quantity>
      <UnitOfMeasure>100 גרם</UnitOfMeasure>
      <bIsWeighted>0</bIsWeighted>
      <QtyInPackage>1</QtyInPackage>
      <ItemPrice>6.90</ItemPrice>
      <UnitOfMeasurePrice>6.9000</UnitOfMeasurePrice>
      <AllowDiscount>1</AllowDiscount>
      <ItemStatus>1</ItemStatus>
      <ItemId>223609</ItemId>
    </Item>
    <Item>
      <PriceUpdateDate>2015-09-20 12:53:32</PriceUpdateDate>
      <ItemCode>4731519</ItemCode>
      <ItemType>0</ItemType>
      <ItemName>מקסימה למייבש סנסטיב</ItemName>
      <ManufacturerName>סנו</ManufacturerName>
      <ManufactureCountry>לא ידוע</ManufactureCountry>
      <ManufacturerItemDescription>מקסימה למייבש סנסטיב 750 מ"ל</ManufacturerItemDescription>
      <UnitQty>מיליליטרים</UnitQty>
      <Quantity>750.00</Quantity>
      <UnitOfMeasure>100 מ"ל</UnitOfMeasure>
      <bIsWeighted>0</bIsWeighted>
      <QtyInPackage>1</QtyInPackage>
      <ItemPrice>15.90</ItemPrice>
      <UnitOfMeasurePrice>2.1200</UnitOfMeasurePrice>
      <AllowDiscount>1</AllowDiscount>
      <ItemStatus>1</ItemStatus>
      <ItemId>223613</ItemId>
    </Item>
    <Item>
      <PriceUpdateDate>2015-09-20 12:53:32</PriceUpdateDate>
      <ItemCode>4731557</ItemCode>
      <ItemType>0</ItemType>
      <ItemName>מקסימה למייבש בלאק 7</ItemName>
      <ManufacturerName>סנו</ManufacturerName>
      <ManufactureCountry>לא ידוע</ManufactureCountry>
      <ManufacturerItemDescription>מקסימה למייבש בלאק 750 מ"ל</ManufacturerItemDescription>
      <UnitQty>מיליליטרים</UnitQty>
      <Quantity>750.00</Quantity>
      <UnitOfMeasure>100 מ"ל</UnitOfMeasure>
      <bIsWeighted>0</bIsWeighted>
      <QtyInPackage>1</QtyInPackage>
      <ItemPrice>15.90</ItemPrice>
      <UnitOfMeasurePrice>2.1200</UnitOfMeasurePrice>
      <AllowDiscount>1</AllowDiscount>
      <ItemStatus>1</ItemStatus>
      <ItemId>223614</ItemId>
    </Item>
    <Item>
      <PriceUpdateDate>2015-01-01 00:00:00</PriceUpdateDate>
      <ItemCode>4731670</ItemCode>
      <ItemType>0</ItemType>
      <ItemName>סנו דאופרש מטהר אווי</ItemName>
      <ManufacturerName>סנו</ManufacturerName>
      <ManufactureCountry>לא ידוע</ManufactureCountry>
      <ManufacturerItemDescription>סנו דאופרש מטהר אוויר פצולי לבנדר 300 מ"</ManufacturerItemDescription>
      <UnitQty>מיליליטרים</UnitQty>
      <Quantity>300.00</Quantity>
      <UnitOfMeasure>100 מ"ל</UnitOfMeasure>
      <bIsWeighted>0</bIsWeighted>
      <QtyInPackage>1</QtyInPackage>
      <ItemPrice>9.90</ItemPrice>
      <UnitOfMeasurePrice>3.3000</UnitOfMeasurePrice>
      <AllowDiscount>1</AllowDiscount>
      <ItemStatus>1</ItemStatus>
      <ItemId>223619</ItemId>
    </Item>
    <Item>
      <PriceUpdateDate>2015-01-01 00:00:00</PriceUpdateDate>
      <ItemCode>4731687</ItemCode>
      <ItemType>0</ItemType>
      <ItemName>סנו דאופרש וניל 300</ItemName>
      <ManufacturerName>סנו</ManufacturerName>
      <ManufactureCountry>לא ידוע</ManufactureCountry>
      <ManufacturerItemDescription>סנו דאופרש וניל 300 מ"ל</ManufacturerItemDescription>
      <UnitQty>מיליליטרים</UnitQty>
      <Quantity>300.00</Quantity>
      <UnitOfMeasure>100 מ"ל</UnitOfMeasure>
      <bIsWeighted>0</bIsWeighted>
      <QtyInPackage>1</QtyInPackage>
      <ItemPrice>9.90</ItemPrice>
      <UnitOfMeasurePrice>3.3000</UnitOfMeasurePrice>
      <AllowDiscount>1</AllowDiscount>
      <ItemStatus>1</ItemStatus>
      <ItemId>223620</ItemId>
    </Item>
    <Item>
      <PriceUpdateDate>2015-01-01 00:00:00</PriceUpdateDate>
      <ItemCode>4731816</ItemCode>
      <ItemType>0</ItemType>
      <ItemName>מגבות נייר סנו סושי</ItemName>
      <ManufacturerName>סנו</ManufacturerName>
      <ManufactureCountry>לא ידוע</ManufactureCountry>
      <ManufacturerItemDescription>מגבות נייר סנו סושי 8 יח</ManufacturerItemDescription>
      <UnitQty>מטרים</UnitQty>
      <Quantity>84.60</Quantity>
      <UnitOfMeasure>מטר</UnitOfMeasure>
      <bIsWeighted>0</bIsWeighted>
      <QtyInPackage>1</QtyInPackage>
      <ItemPrice>11.90</ItemPrice>
      <UnitOfMeasurePrice>0.1407</UnitOfMeasurePrice>
      <AllowDiscount>1</AllowDiscount>
      <ItemStatus>1</ItemStatus>
      <ItemId>223621</ItemId>
    </Item>
    <Item>
      <PriceUpdateDate>2016-02-24 13:39:10</PriceUpdateDate>
      <ItemCode>4737719</ItemCode>
      <ItemType>0</ItemType>
      <ItemName>אספרגוס שלם מקולף בצ</ItemName>
      <ManufacturerName>heze sanqing food</ManufacturerName>
      <ManufactureCountry>סין</ManufactureCountry>
      <ManufacturerItemDescription>אספרגוס שלם מקולף בצנצנת 330 גרם k</ManufacturerItemDescription>
      <UnitQty>גרמים</UnitQty>
      <Quantity>330.00</Quantity>
      <UnitOfMeasure>100 גרם</UnitOfMeasure>
      <bIsWeighted>0</bIsWeighted>
      <QtyInPackage>1</QtyInPackage>
      <ItemPrice>7.90</ItemPrice>
      <UnitOfMeasurePrice>2.3939</UnitOfMeasurePrice>
      <AllowDiscount>1</AllowDiscount>
      <ItemStatus>1</ItemStatus>
      <ItemId>223622</ItemId>
    </Item>
    <Item>
      <PriceUpdateDate>2016-02-11 13:45:50</PriceUpdateDate>
      <ItemCode>474021</ItemCode>
      <ItemType>0</ItemType>
      <ItemName>חלב 3% בשקית 1 ליטר</ItemName>
      <ManufacturerName>טרה</ManufacturerName>
      <ManufactureCountry>לא ידוע</ManufactureCountry>
      <ManufacturerItemDescription>חלב 3% בשקית 1 ליטר</ManufacturerItemDescription>
      <UnitQty>ליטרים</UnitQty>
      <Quantity>1.00</Quantity>
      <UnitOfMeasure>ליטר    </UnitOfMeasure>
      <bIsWeighted>0</bIsWeighted>
      <QtyInPackage>1</QtyInPackage>
      <ItemPrice>4.70</ItemPrice>
      <UnitOfMeasurePrice>4.7000</UnitOfMeasurePrice>
      <AllowDiscount>1</AllowDiscount>
      <ItemStatus>1</ItemStatus>
      <ItemId>223625</ItemId>
    </Item>
    <Item>
      <PriceUpdateDate>2015-07-08 15:31:21</PriceUpdateDate>
      <ItemCode>474373</ItemCode>
      <ItemType>0</ItemType>
      <ItemName>שמנת חמוצה 200 מל</ItemName>
      <ManufacturerName>טרה</ManufacturerName>
      <ManufactureCountry>לא ידוע</ManufactureCountry>
      <ManufacturerItemDescription>שמנת חמוצה 200 מ"ל</ManufacturerItemDescription>
      <UnitQty>גרמים</UnitQty>
      <Quantity>200.00</Quantity>
      <UnitOfMeasure>100 גרם</UnitOfMeasure>
      <bIsWeighted>0</bIsWeighted>
      <QtyInPackage>1</QtyInPackage>
      <ItemPrice>2.20</ItemPrice>
      <UnitOfMeasurePrice>1.1000</UnitOfMeasurePrice>
      <AllowDiscount>1</AllowDiscount>
      <ItemStatus>1</ItemStatus>
      <ItemId>223631</ItemId>
    </Item>
    <Item>
      <PriceUpdateDate>2015-07-08 15:31:21</PriceUpdateDate>
      <ItemCode>474410</ItemCode>
      <ItemType>0</ItemType>
      <ItemName>חמאה 100 גרם</ItemName>
      <ManufacturerName>טרה</ManufacturerName>
      <ManufactureCountry>לא ידוע</ManufactureCountry>
      <ManufacturerItemDescription>חמאה 100 גרם</ManufacturerItemDescription>
      <UnitQty>גרמים</UnitQty>
      <Quantity>100.00</Quantity>
      <UnitOfMeasure>100 גרם</UnitOfMeasure>
      <bIsWeighted>0</bIsWeighted>
      <QtyInPackage>1</QtyInPackage>
      <ItemPrice>3.80</ItemPrice>
      <UnitOfMeasurePrice>3.8000</UnitOfMeasurePrice>
      <AllowDiscount>1</AllowDiscount>
      <ItemStatus>1</ItemStatus>
      <ItemId>223632</ItemId>
    </Item>
    <Item>
      <PriceUpdateDate>2015-01-01 00:00:00</PriceUpdateDate>
      <ItemCode>474540</ItemCode>
      <ItemType>0</ItemType>
      <ItemName>גבינת טוב טעם 3% 250</ItemName>
      <ManufacturerName>טרה</ManufacturerName>
      <ManufactureCountry>לא ידוע</ManufactureCountry>
      <ManufacturerItemDescription>גבינת טוב טעם 3% 250 גרם</ManufacturerItemDescription>
      <UnitQty>גרמים</UnitQty>
      <Quantity>250.00</Quantity>
      <UnitOfMeasure>100 גרם</UnitOfMeasure>
      <bIsWeighted>0</bIsWeighted>
      <QtyInPackage>1</QtyInPackage>
      <ItemPrice>9.90</ItemPrice>
      <UnitOfMeasurePrice>3.9600</UnitOfMeasurePrice>
      <AllowDiscount>1</AllowDiscount>
      <ItemStatus>1</ItemStatus>
      <ItemId>223634</ItemId>
    </Item>
    <Item>
      <PriceUpdateDate>2015-01-01 00:00:00</PriceUpdateDate>
      <ItemCode>474830</ItemCode>
      <ItemType>0</ItemType>
      <ItemName>גבינה מגורדת 500 גרם</ItemName>
      <ManufacturerName>טרה</ManufacturerName>
      <ManufactureCountry>לא ידוע</ManufactureCountry>
      <ManufacturerItemDescription>גבינה מגורדת 500 גרם</ManufacturerItemDescription>
      <UnitQty>גרמים</UnitQty>
      <Quantity>500.00</Quantity>
      <UnitOfMeasure>100 גרם</UnitOfMeasure>
      <bIsWeighted>0</bIsWeighted>
      <QtyInPackage>1</QtyInPackage>
      <ItemPrice>24.90</ItemPrice>
      <UnitOfMeasurePrice>4.9800</UnitOfMeasurePrice>
      <AllowDiscount>1</AllowDiscount>
      <ItemStatus>1</ItemStatus>
      <ItemId>223635</ItemId>
    </Item>
    <Item>
      <PriceUpdateDate>2015-01-01 00:00:00</PriceUpdateDate>
      <ItemCode>47546</ItemCode>
      <ItemType>0</ItemType>
      <ItemName>גבינת כנען 5% 500 גר</ItemName>
      <ManufacturerName>תנובה מרכז שיתופי לש</ManufacturerName>
      <ManufactureCountry>לא ידוע</ManufactureCountry>
      <ManufacturerItemDescription>גבינת כנען 5% 500 גרם</ManufacturerItemDescription>
      <UnitQty>גרמים</UnitQty>
      <Quantity>500.00</Quantity>
      <UnitOfMeasure>100 גרם</UnitOfMeasure>
      <bIsWeighted>0</bIsWeighted>
      <QtyInPackage>1</QtyInPackage>
      <ItemPrice>21.90</ItemPrice>
      <UnitOfMeasurePrice>4.3800</UnitOfMeasurePrice>
      <AllowDiscount>1</AllowDiscount>
      <ItemStatus>1</ItemStatus>
      <ItemId>223638</ItemId>
    </Item>
    <Item>
      <PriceUpdateDate>2016-02-11 13:41:42</PriceUpdateDate>
      <ItemCode>47621</ItemCode>
      <ItemType>0</ItemType>
      <ItemName>גבינה 5% מהדרין 250</ItemName>
      <ManufacturerName>תנובה מרכז שיתופי לש</ManufacturerName>
      <ManufactureCountry>לא ידוע</ManufactureCountry>
      <ManufacturerItemDescription>גבינה 5% מהדרין 250 גרם</ManufacturerItemDescription>
      <UnitQty>גרמים</UnitQty>
      <Quantity>250.00</Quantity>
      <UnitOfMeasure>100 גרם</UnitOfMeasure>
      <bIsWeighted>0</bIsWeighted>
      <QtyInPackage>1</QtyInPackage>
      <ItemPrice>4.50</ItemPrice>
      <UnitOfMeasurePrice>1.8000</UnitOfMeasurePrice>
      <AllowDiscount>1</AllowDiscount>
      <ItemStatus>1</ItemStatus>
      <ItemId>223640</ItemId>
    </Item>
    <Item>
      <PriceUpdateDate>2016-02-11 13:41:43</PriceUpdateDate>
      <ItemCode>47942</ItemCode>
      <ItemType>0</ItemType>
      <ItemName>גבינה 9% 250 גרם מהד</ItemName>
      <ManufacturerName>תנובה מרכז שיתופי לש</ManufacturerName>
      <ManufactureCountry>לא ידוע</ManufactureCountry>
      <ManufacturerItemDescription>גבינה 9% 250 גרם מהדרין</ManufacturerItemDescription>
      <UnitQty>גרמים</UnitQty>
      <Quantity>250.00</Quantity>
      <UnitOfMeasure>100 גרם</UnitOfMeasure>
      <bIsWeighted>0</bIsWeighted>
      <QtyInPackage>1</QtyInPackage>
      <ItemPrice>4.50</ItemPrice>
      <UnitOfMeasurePrice>1.8000</UnitOfMeasurePrice>
      <AllowDiscount>1</AllowDiscount>
      <ItemStatus>1</ItemStatus>
      <ItemId>223644</ItemId>
    </Item>
    <Item>
      <PriceUpdateDate>2015-01-01 00:00:00</PriceUpdateDate>
      <ItemCode>48413</ItemCode>
      <ItemType>0</ItemType>
      <ItemName>גבינת חמד 16% פיראוס</ItemName>
      <ManufacturerName>תנובה מרכז שיתופי לש</ManufacturerName>
      <ManufactureCountry>לא ידוע</ManufactureCountry>
      <ManufacturerItemDescription>גבינת חמד 16% פיראוס 250 גרם</ManufacturerItemDescription>
      <UnitQty>גרמים</UnitQty>
      <Quantity>250.00</Quantity>
      <UnitOfMeasure>100 גרם</UnitOfMeasure>
      <bIsWeighted>0</bIsWeighted>
      <QtyInPackage>1</QtyInPackage>
      <ItemPrice>16.90</ItemPrice>
      <UnitOfMeasurePrice>6.7600</UnitOfMeasurePrice>
      <AllowDiscount>1</AllowDiscount>
      <ItemStatus>1</ItemStatus>
      <ItemId>223646</ItemId>
    </Item>
    <Item>
      <PriceUpdateDate>2015-01-01 00:00:00</PriceUpdateDate>
      <ItemCode>4842758</ItemCode>
      <ItemType>0</ItemType>
      <ItemName>סחוג ירוק 200 גרם</ItemName>
      <ManufacturerName>מעדני מיקי תעשיות מז</ManufacturerName>
      <ManufactureCountry>לא ידוע</ManufactureCountry>
      <ManufacturerItemDescription>סחוג ירוק 200 גרם</ManufacturerItemDescription>
      <UnitQty>גרמים</UnitQty>
      <Quantity>200.00</Quantity>
      <UnitOfMeasure>100 גרם</UnitOfMeasure>
      <bIsWeighted>0</bIsWeighted>
      <QtyInPackage>1</QtyInPackage>
      <ItemPrice>5.90</ItemPrice>
      <UnitOfMeasurePrice>2.9500</UnitOfMeasurePrice>
      <AllowDiscount>1</AllowDiscount>
      <ItemStatus>1</ItemStatus>
      <ItemId>223647</ItemId>
    </Item>
    <Item>
      <PriceUpdateDate>2015-01-01 00:00:00</PriceUpdateDate>
      <ItemCode>4842765</ItemCode>
      <ItemType>0</ItemType>
      <ItemName>סחוג אדום 200 גרם</ItemName>
      <ManufacturerName>מעדני מיקי תעשיות מז</ManufacturerName>
      <ManufactureCountry>לא ידוע</ManufactureCountry>
      <ManufacturerItemDescription>סחוג אדום 200 גרם</ManufacturerItemDescription>
      <UnitQty>גרמים</UnitQty>
      <Quantity>200.00</Quantity>
      <UnitOfMeasure>100 גרם</UnitOfMeasure>
      <bIsWeighted>0</bIsWeighted>
      <QtyInPackage>1</QtyInPackage>
      <ItemPrice>5.90</ItemPrice>
      <UnitOfMeasurePrice>2.9500</UnitOfMeasurePrice>
      <AllowDiscount>1</AllowDiscount>
      <ItemStatus>1</ItemStatus>
      <ItemId>223648</ItemId>
    </Item>
    <Item>
      <PriceUpdateDate>2015-01-01 00:00:00</PriceUpdateDate>
      <ItemCode>48444</ItemCode>
      <ItemType>0</ItemType>
      <ItemName>גבינת חמד 16% שומן פ</ItemName>
      <ManufacturerName>תנובה מרכז שיתופי לש</ManufacturerName>
      <ManufactureCountry>לא ידוע</ManufactureCountry>
      <ManufacturerItemDescription>גבינת חמד 16% שומן פיראוס 1 ק"ג</ManufacturerItemDescription>
      <UnitQty>קילוגרמים</UnitQty>
      <Quantity>1.00</Quantity>
      <UnitOfMeasure>ק"ג     </UnitOfMeasure>
      <bIsWeighted>0</bIsWeighted>
      <QtyInPackage>1</QtyInPackage>
      <ItemPrice>52.90</ItemPrice>
      <UnitOfMeasurePrice>52.9000</UnitOfMeasurePrice>
      <AllowDiscount>1</AllowDiscount>
      <ItemStatus>1</ItemStatus>
      <ItemId>223652</ItemId>
    </Item>
    <Item>
      <PriceUpdateDate>2015-01-01 00:00:00</PriceUpdateDate>
      <ItemCode>48451</ItemCode>
      <ItemType>0</ItemType>
      <ItemName>גבינת חרמון 16% פירא</ItemName>
      <ManufacturerName>תנובה מרכז שיתופי לש</ManufacturerName>
      <ManufactureCountry>לא ידוע</ManufactureCountry>
      <ManufacturerItemDescription>גבינת חרמון 16% פיראוס 250 גרם</ManufacturerItemDescription>
      <UnitQty>גרמים</UnitQty>
      <Quantity>250.00</Quantity>
      <UnitOfMeasure>100 גרם</UnitOfMeasure>
      <bIsWeighted>0</bIsWeighted>
      <QtyInPackage>1</QtyInPackage>
      <ItemPrice>16.90</ItemPrice>
      <UnitOfMeasurePrice>6.7600</UnitOfMeasurePrice>
      <AllowDiscount>1</AllowDiscount>
      <ItemStatus>1</ItemStatus>
      <ItemId>223653</ItemId>
    </Item>
    <Item>
      <PriceUpdateDate>2015-01-01 00:00:00</PriceUpdateDate>
      <ItemCode>4872779</ItemCode>
      <ItemType>0</ItemType>
      <ItemName>מאגדת קרחונים פרילי</ItemName>
      <ManufacturerName>גלידות נסטלה</ManufacturerName>
      <ManufactureCountry>ישראל</ManufactureCountry>
      <ManufacturerItemDescription>מאגדת קרחונים פרילי תות  6 יח</ManufacturerItemDescription>
      <UnitQty>גרמים</UnitQty>
      <Quantity>468.00</Quantity>
      <UnitOfMeasure>100 גרם</UnitOfMeasure>
      <bIsWeighted>0</bIsWeighted>
      <QtyInPackage>6</QtyInPackage>
      <ItemPrice>22.90</ItemPrice>
      <UnitOfMeasurePrice>4.8932</UnitOfMeasurePrice>
      <AllowDiscount>1</AllowDiscount>
      <ItemStatus>1</ItemStatus>
      <ItemId>223666</ItemId>
    </Item>
    <Item>
      <PriceUpdateDate>2015-01-01 00:00:00</PriceUpdateDate>
      <ItemCode>4923099</ItemCode>
      <ItemType>0</ItemType>
      <ItemName>עין גדי 6*2 ליטר</ItemName>
      <ManufacturerName>עין גדי</ManufacturerName>
      <ManufactureCountry>לא ידוע</ManufactureCountry>
      <ManufacturerItemDescription>עין גדי 6*2 ליטר</ManufacturerItemDescription>
      <UnitQty>ליטרים</UnitQty>
      <Quantity>12.00</Quantity>
      <UnitOfMeasure>ליטר    </UnitOfMeasure>
      <bIsWeighted>0</bIsWeighted>
      <QtyInPackage>1</QtyInPackage>
      <ItemPrice>10.50</ItemPrice>
      <UnitOfMeasurePrice>0.8750</UnitOfMeasurePrice>
      <AllowDiscount>1</AllowDiscount>
      <ItemStatus>1</ItemStatus>
      <ItemId>223667</ItemId>
    </Item>
    <Item>
      <PriceUpdateDate>2015-01-01 00:00:00</PriceUpdateDate>
      <ItemCode>493176</ItemCode>
      <ItemType>0</ItemType>
      <ItemName>רוטב צלי לבשר - אבקה</ItemName>
      <ManufacturerName>אסם</ManufacturerName>
      <ManufactureCountry>לא ידוע</ManufactureCountry>
      <ManufacturerItemDescription>רוטב צלי לבשר - אבקה 22 גרם</ManufacturerItemDescription>
      <UnitQty>גרמים</UnitQty>
      <Quantity>22.00</Quantity>
      <UnitOfMeasure>100 גרם</UnitOfMeasure>
      <bIsWeighted>0</bIsWeighted>
      <QtyInPackage>1</QtyInPackage>
      <ItemPrice>4.30</ItemPrice>
      <UnitOfMeasurePrice>19.5455</UnitOfMeasurePrice>
      <AllowDiscount>1</AllowDiscount>
      <ItemStatus>1</ItemStatus>
      <ItemId>223668</ItemId>
    </Item>
    <Item>
      <PriceUpdateDate>2015-01-01 00:00:00</PriceUpdateDate>
      <ItemCode>493183</ItemCode>
      <ItemType>0</ItemType>
      <ItemName>אבקת רוטב פטריות 30</ItemName>
      <ManufacturerName>אסם</ManufacturerName>
      <ManufactureCountry>לא ידוע</ManufactureCountry>
      <ManufacturerItemDescription>אבקת רוטב פטריות 30 גרם</ManufacturerItemDescription>
      <UnitQty>גרמים</UnitQty>
      <Quantity>30.00</Quantity>
      <UnitOfMeasure>100 גרם</UnitOfMeasure>
      <bIsWeighted>0</bIsWeighted>
      <QtyInPackage>1</QtyInPackage>
      <ItemPrice>4.10</ItemPrice>
      <UnitOfMeasurePrice>13.6667</UnitOfMeasurePrice>
      <AllowDiscount>1</AllowDiscount>
      <ItemStatus>1</ItemStatus>
      <ItemId>223669</ItemId>
    </Item>
    <Item>
      <PriceUpdateDate>2015-01-01 00:00:00</PriceUpdateDate>
      <ItemCode>4944957</ItemCode>
      <ItemType>0</ItemType>
      <ItemName>סלט תפו"א 400 גרם</ItemName>
      <ManufacturerName>,</ManufacturerName>
      <ManufactureCountry>לא ידוע</ManufactureCountry>
      <ManufacturerItemDescription>סלט תפו"א 400 גרם</ManufacturerItemDescription>
      <UnitQty>גרמים</UnitQty>
      <Quantity>400.00</Quantity>
      <UnitOfMeasure>100 גרם</UnitOfMeasure>
      <bIsWeighted>0</bIsWeighted>
      <QtyInPackage>1</QtyInPackage>
      <ItemPrice>9.90</ItemPrice>
      <UnitOfMeasurePrice>2.4750</UnitOfMeasurePrice>
      <AllowDiscount>1</AllowDiscount>
      <ItemStatus>1</ItemStatus>
      <ItemId>223673</ItemId>
    </Item>
    <Item>
      <PriceUpdateDate>2015-01-01 00:00:00</PriceUpdateDate>
      <ItemCode>4956042</ItemCode>
      <ItemType>0</ItemType>
      <ItemName>עוגיות שקדים 500 גרם</ItemName>
      <ManufacturerName>,</ManufacturerName>
      <ManufactureCountry>לא ידוע</ManufactureCountry>
      <ManufacturerItemDescription>עוגיות שקדים 500 גרם כשל"פ</ManufacturerItemDescription>
      <UnitQty>גרמים</UnitQty>
      <Quantity>500.00</Quantity>
      <UnitOfMeasure>100 גרם</UnitOfMeasure>
      <bIsWeighted>0</bIsWeighted>
      <QtyInPackage>1</QtyInPackage>
      <ItemPrice>39.90</ItemPrice>
      <UnitOfMeasurePrice>7.9800</UnitOfMeasurePrice>
      <AllowDiscount>1</AllowDiscount>
      <ItemStatus>1</ItemStatus>
      <ItemId>223676</ItemId>
    </Item>
    <Item>
      <PriceUpdateDate>2015-01-01 00:00:00</PriceUpdateDate>
      <ItemCode>4956240</ItemCode>
      <ItemType>0</ItemType>
      <ItemName>קניידלך לא שרויה 130</ItemName>
      <ManufacturerName>,</ManufacturerName>
      <ManufactureCountry>לא ידוע</ManufactureCountry>
      <ManufacturerItemDescription>קניידלך לא שרויה 130 גרם לנדאוס</ManufacturerItemDescription>
      <UnitQty>גרמים</UnitQty>
      <Quantity>130.00</Quantity>
      <UnitOfMeasure>100 גרם</UnitOfMeasure>
      <bIsWeighted>0</bIsWeighted>
      <QtyInPackage>1</QtyInPackage>
      <ItemPrice>10.90</ItemPrice>
      <UnitOfMeasurePrice>8.3846</UnitOfMeasurePrice>
      <AllowDiscount>1</AllowDiscount>
      <ItemStatus>1</ItemStatus>
      <ItemId>223680</ItemId>
    </Item>
    <Item>
      <PriceUpdateDate>2016-06-21 13:05:33</PriceUpdateDate>
      <ItemCode>7290109351827</ItemCode>
      <ItemType>1</ItemType>
      <ItemName>ספגטי אסם 1.2 ק"ג</ItemName>
      <ManufacturerName>זארה</ManufacturerName>
      <ManufactureCountry>ישראל</ManufactureCountry>
      <ManufacturerItemDescription>ספגטי אסם 1.2 ק"ג</ManufacturerItemDescription>
      <UnitQty>קילוגרמים</UnitQty>
      <Quantity>1.20</Quantity>
      <UnitOfMeasure>ק"ג     </UnitOfMeasure>
      <bIsWeighted>0</bIsWeighted>
      <QtyInPackage>1</QtyInPackage>
      <ItemPrice>8.90</ItemPrice>
      <UnitOfMeasurePrice>7.4167</UnitOfMeasurePrice>
      <AllowDiscount>1</AllowDiscount>
      <ItemStatus>1</ItemStatus>
      <ItemId>268547</ItemId>
    </Item>
    <Item>
      <PriceUpdateDate>2016-05-30 13:38:13</PriceUpdateDate>
      <ItemCode>497112</ItemCode>
      <ItemType>0</ItemType>
      <ItemName>לחם אחיד פרוס 750 גר</ItemName>
      <ManufacturerName>מאפית י את א ברמן בע</ManufacturerName>
      <ManufactureCountry>לא ידוע</ManufactureCountry>
      <ManufacturerItemDescription>לחם אחיד פרוס 750 גרם ברמן</ManufacturerItemDescription>
      <UnitQty>גרמים</UnitQty>
      <Quantity>750.00</Quantity>
      <UnitOfMeasure>100 גרם</UnitOfMeasure>
      <bIsWeighted>0</bIsWeighted>
      <QtyInPackage>1</QtyInPackage>
      <ItemPrice>4.90</ItemPrice>
      <UnitOfMeasurePrice>0.6533</UnitOfMeasurePrice>
      <AllowDiscount>1</AllowDiscount>
      <ItemStatus>1</ItemStatus>
      <ItemId>223685</ItemId>
    </Item>
    <Item>
      <PriceUpdateDate>2015-01-01 00:00:00</PriceUpdateDate>
      <ItemCode>497228</ItemCode>
      <ItemType>0</ItemType>
      <ItemName>לחמניות רגילות 6 יח</ItemName>
      <ManufacturerName>מאפית י את א ברמן בע</ManufacturerName>
      <ManufactureCountry>לא ידוע</ManufactureCountry>
      <ManufacturerItemDescription>לחמניות רגילות 6 יח</ManufacturerItemDescription>
      <UnitQty>גרמים</UnitQty>
      <Quantity>450.00</Quantity>
      <UnitOfMeasure>100 גרם</UnitOfMeasure>
      <bIsWeighted>0</bIsWeighted>
      <QtyInPackage>1</QtyInPackage>
      <ItemPrice>8.90</ItemPrice>
      <UnitOfMeasurePrice>1.9778</UnitOfMeasurePrice>
      <AllowDiscount>1</AllowDiscount>
      <ItemStatus>1</ItemStatus>
      <ItemId>223686</ItemId>
    </Item>
    <Item>
      <PriceUpdateDate>2015-01-01 00:00:00</PriceUpdateDate>
      <ItemCode>497303</ItemCode>
      <ItemType>0</ItemType>
      <ItemName>לחמניות מקמח מלא 6 י</ItemName>
      <ManufacturerName>מאפית י את א ברמן בע</ManufacturerName>
      <ManufactureCountry>לא ידוע</ManufactureCountry>
      <ManufacturerItemDescription>לחמניות מקמח מלא 6 יח</ManufacturerItemDescription>
      <UnitQty>גרמים</UnitQty>
      <Quantity>450.00</Quantity>
      <UnitOfMeasure>100 גרם</UnitOfMeasure>
      <bIsWeighted>0</bIsWeighted>
      <QtyInPackage>1</QtyInPackage>
      <ItemPrice>10.90</ItemPrice>
      <UnitOfMeasurePrice>2.4222</UnitOfMeasurePrice>
      <AllowDiscount>1</AllowDiscount>
      <ItemStatus>1</ItemStatus>
      <ItemId>223687</ItemId>
    </Item>
    <Item>
      <PriceUpdateDate>2015-01-01 00:00:00</PriceUpdateDate>
      <ItemCode>497532</ItemCode>
      <ItemType>0</ItemType>
      <ItemName>לחם ברמן לענין 750 ג</ItemName>
      <ManufacturerName>מאפית י את א ברמן בע</ManufacturerName>
      <ManufactureCountry>לא ידוע</ManufactureCountry>
      <ManufacturerItemDescription>לחם ברמן לענין 750 גרם</ManufacturerItemDescription>
      <UnitQty>גרמים</UnitQty>
      <Quantity>750.00</Quantity>
      <UnitOfMeasure>100 גרם</UnitOfMeasure>
      <bIsWeighted>0</bIsWeighted>
      <QtyInPackage>1</QtyInPackage>
      <ItemPrice>12.40</ItemPrice>
      <UnitOfMeasurePrice>1.6533</UnitOfMeasurePrice>
      <AllowDiscount>1</AllowDiscount>
      <ItemStatus>1</ItemStatus>
      <ItemId>223689</ItemId>
    </Item>
    <Item>
      <PriceUpdateDate>2016-03-01 10:32:35</PriceUpdateDate>
      <ItemCode>9000504</ItemCode>
      <ItemType>0</ItemType>
      <ItemName>כרוב לבן</ItemName>
      <ManufacturerName>,</ManufacturerName>
      <ManufactureCountry>לא ידוע</ManufactureCountry>
      <ManufacturerItemDescription>כרוב לבן</ManufacturerItemDescription>
      <UnitQty>קילוגרמים</UnitQty>
      <Quantity>1.00</Quantity>
      <UnitOfMeasure>ק"ג</UnitOfMeasure>
      <bIsWeighted>1</bIsWeighted>
      <QtyInPackage>לא ידוע</QtyInPackage>
      <ItemPrice>2.90</ItemPrice>
      <UnitOfMeasurePrice>2.9000</UnitOfMeasurePrice>
      <AllowDiscount>1</AllowDiscount>
      <ItemStatus>1</ItemStatus>
      <ItemId>223707</ItemId>
    </Item>
    <Item>
      <PriceUpdateDate>2016-06-21 13:05:33</PriceUpdateDate>
      <ItemCode>7290109351841</ItemCode>
      <ItemType>1</ItemType>
      <ItemName>פסטה מסולסלים 1.2 ק"</ItemName>
      <ManufacturerName>זארה</ManufacturerName>
      <ManufactureCountry>ישראל</ManufactureCountry>
      <ManufacturerItemDescription>פסטה מסולסלים 1.2 ק"ג</ManufacturerItemDescription>
      <UnitQty>קילוגרמים</UnitQty>
      <Quantity>1.20</Quantity>
      <UnitOfMeasure>ק"ג     </UnitOfMeasure>
      <bIsWeighted>0</bIsWeighted>
      <QtyInPackage>1</QtyInPackage>
      <ItemPrice>8.90</ItemPrice>
      <UnitOfMeasurePrice>7.4167</UnitOfMeasurePrice>
      <AllowDiscount>1</AllowDiscount>
      <ItemStatus>1</ItemStatus>
      <ItemId>268548</ItemId>
    </Item>
    <Item>
      <PriceUpdateDate>2015-01-01 00:00:00</PriceUpdateDate>
      <ItemCode>504049</ItemCode>
      <ItemType>0</ItemType>
      <ItemName>סוכרזית 1200 טבליות</ItemName>
      <ManufacturerName>שטראוס</ManufacturerName>
      <ManufactureCountry>ישראל</ManufactureCountry>
      <ManufacturerItemDescription>סוכרזית 1200 טבליות</ManufacturerItemDescription>
      <UnitQty>גרמים</UnitQty>
      <Quantity>984.00</Quantity>
      <UnitOfMeasure>100 גרם</UnitOfMeasure>
      <bIsWeighted>0</bIsWeighted>
      <QtyInPackage>1</QtyInPackage>
      <ItemPrice>18.80</ItemPrice>
      <UnitOfMeasurePrice>1.9106</UnitOfMeasurePrice>
      <AllowDiscount>1</AllowDiscount>
      <ItemStatus>1</ItemStatus>
      <ItemId>223732</ItemId>
    </Item>
    <Item>
      <PriceUpdateDate>2015-01-01 00:00:00</PriceUpdateDate>
      <ItemCode>504209</ItemCode>
      <ItemType>0</ItemType>
      <ItemName>דיאטיפ ממתיק נוזלי</ItemName>
      <ManufacturerName>שטראוס</ManufacturerName>
      <ManufactureCountry>ישראל</ManufactureCountry>
      <ManufacturerItemDescription>דיאטיפ ממתיק נוזלי 220 מל</ManufacturerItemDescription>
      <UnitQty>מיליליטרים</UnitQty>
      <Quantity>220.00</Quantity>
      <UnitOfMeasure>100 מ"ל</UnitOfMeasure>
      <bIsWeighted>0</bIsWeighted>
      <QtyInPackage>1</QtyInPackage>
      <ItemPrice>14.90</ItemPrice>
      <UnitOfMeasurePrice>6.7727</UnitOfMeasurePrice>
      <AllowDiscount>1</AllowDiscount>
      <ItemStatus>1</ItemStatus>
      <ItemId>223733</ItemId>
    </Item>
    <Item>
      <PriceUpdateDate>2015-01-01 00:00:00</PriceUpdateDate>
      <ItemCode>504278</ItemCode>
      <ItemType>0</ItemType>
      <ItemName>סוכרזית פטנט 700 טבל</ItemName>
      <ManufacturerName>שטראוס</ManufacturerName>
      <ManufactureCountry>ישראל</ManufactureCountry>
      <ManufacturerItemDescription>סוכרזית פטנט 700 טבליות</ManufacturerItemDescription>
      <UnitQty>גרמים</UnitQty>
      <Quantity>574.00</Quantity>
      <UnitOfMeasure>100 גרם</UnitOfMeasure>
      <bIsWeighted>0</bIsWeighted>
      <QtyInPackage>1</QtyInPackage>
      <ItemPrice>14.80</ItemPrice>
      <UnitOfMeasurePrice>2.5784</UnitOfMeasurePrice>
      <AllowDiscount>1</AllowDiscount>
      <ItemStatus>1</ItemStatus>
      <ItemId>223734</ItemId>
    </Item>
    <Item>
      <PriceUpdateDate>2016-03-08 09:54:32</PriceUpdateDate>
      <ItemCode>9005059</ItemCode>
      <ItemType>0</ItemType>
      <ItemName>תפוז ברשת למיץ</ItemName>
      <ManufacturerName>,</ManufacturerName>
      <ManufactureCountry>לא ידוע</ManufactureCountry>
      <ManufacturerItemDescription>תפוז ברשת למיץ</ManufacturerItemDescription>
      <UnitQty>קילוגרמים</UnitQty>
      <Quantity>1.00</Quantity>
      <UnitOfMeasure>ק"ג</UnitOfMeasure>
      <bIsWeighted>1</bIsWeighted>
      <QtyInPackage>לא ידוע</QtyInPackage>
      <ItemPrice>2.90</ItemPrice>
      <UnitOfMeasurePrice>2.9000</UnitOfMeasurePrice>
      <AllowDiscount>1</AllowDiscount>
      <ItemStatus>1</ItemStatus>
      <ItemId>223736</ItemId>
    </Item>
    <Item>
      <PriceUpdateDate>2015-12-30 18:00:02</PriceUpdateDate>
      <ItemCode>9005080</ItemCode>
      <ItemType>0</ItemType>
      <ItemName>תפוז בתפזורת</ItemName>
      <ManufacturerName>,</ManufacturerName>
      <ManufactureCountry>לא ידוע</ManufactureCountry>
      <ManufacturerItemDescription>תפוז בתפזורת</ManufacturerItemDescription>
      <UnitQty>קילוגרמים</UnitQty>
      <Quantity>1.00</Quantity>
      <UnitOfMeasure>ק"ג</UnitOfMeasure>
      <bIsWeighted>1</bIsWeighted>
      <QtyInPackage>לא ידוע</QtyInPackage>
      <ItemPrice>3.90</ItemPrice>
      <UnitOfMeasurePrice>3.9000</UnitOfMeasurePrice>
      <AllowDiscount>1</AllowDiscount>
      <ItemStatus>1</ItemStatus>
      <ItemId>223738</ItemId>
    </Item>
    <Item>
      <PriceUpdateDate>2016-05-19 08:10:10</PriceUpdateDate>
      <ItemCode>9000511</ItemCode>
      <ItemType>0</ItemType>
      <ItemName>כרוב אדום</ItemName>
      <ManufacturerName>,</ManufacturerName>
      <ManufactureCountry>לא ידוע</ManufactureCountry>
      <ManufacturerItemDescription>כרוב אדום</ManufacturerItemDescription>
      <UnitQty>קילוגרמים</UnitQty>
      <Quantity>1.00</Quantity>
      <UnitOfMeasure>ק"ג</UnitOfMeasure>
      <bIsWeighted>1</bIsWeighted>
      <QtyInPackage>לא ידוע</QtyInPackage>
      <ItemPrice>4.90</ItemPrice>
      <UnitOfMeasurePrice>4.9000</UnitOfMeasurePrice>
      <AllowDiscount>1</AllowDiscount>
      <ItemStatus>1</ItemStatus>
      <ItemId>223740</ItemId>
    </Item>
    <Item>
      <PriceUpdateDate>2015-01-01 00:00:00</PriceUpdateDate>
      <ItemCode>5168079</ItemCode>
      <ItemType>0</ItemType>
      <ItemName>מיץ ענבים תירוש 1.5</ItemName>
      <ManufacturerName>יקבי ציון</ManufacturerName>
      <ManufactureCountry>לא ידוע</ManufactureCountry>
      <ManufacturerItemDescription>מיץ ענבים תירוש 1.5 ליטר</ManufacturerItemDescription>
      <UnitQty>ליטרים</UnitQty>
      <Quantity>1.50</Quantity>
      <UnitOfMeasure>ליטר    </UnitOfMeasure>
      <bIsWeighted>0</bIsWeighted>
      <QtyInPackage>1</QtyInPackage>
      <ItemPrice>16.90</ItemPrice>
      <UnitOfMeasurePrice>11.2667</UnitOfMeasurePrice>
      <AllowDiscount>1</AllowDiscount>
      <ItemStatus>1</ItemStatus>
      <ItemId>223741</ItemId>
    </Item>
    <Item>
      <PriceUpdateDate>2015-01-01 00:00:00</PriceUpdateDate>
      <ItemCode>5168284</ItemCode>
      <ItemType>0</ItemType>
      <ItemName>יין גן עדן עתיק 750</ItemName>
      <ManufacturerName>יקבי ציון</ManufacturerName>
      <ManufactureCountry>לא ידוע</ManufactureCountry>
      <ManufacturerItemDescription>יין גן עדן עתיק 750 מ"ל</ManufacturerItemDescription>
      <UnitQty>מיליליטרים</UnitQty>
      <Quantity>750.00</Quantity>
      <UnitOfMeasure>100 מ"ל</UnitOfMeasure>
      <bIsWeighted>0</bIsWeighted>
      <QtyInPackage>1</QtyInPackage>
      <ItemPrice>19.90</ItemPrice>
      <UnitOfMeasurePrice>2.6533</UnitOfMeasurePrice>
      <AllowDiscount>1</AllowDiscount>
      <ItemStatus>1</ItemStatus>
      <ItemId>223742</ItemId>
    </Item>
    <Item>
      <PriceUpdateDate>2015-01-01 00:00:00</PriceUpdateDate>
      <ItemCode>5168468</ItemCode>
      <ItemType>0</ItemType>
      <ItemName>יין עציון אדום יבש 7</ItemName>
      <ManufacturerName>יקבי ציון</ManufacturerName>
      <ManufactureCountry>לא ידוע</ManufactureCountry>
      <ManufacturerItemDescription>יין עציון אדום יבש 750מ"ל</ManufacturerItemDescription>
      <UnitQty>מיליליטרים</UnitQty>
      <Quantity>750.00</Quantity>
      <UnitOfMeasure>100 מ"ל</UnitOfMeasure>
      <bIsWeighted>0</bIsWeighted>
      <QtyInPackage>1</QtyInPackage>
      <ItemPrice>13.90</ItemPrice>
      <UnitOfMeasurePrice>1.8533</UnitOfMeasurePrice>
      <AllowDiscount>1</AllowDiscount>
      <ItemStatus>1</ItemStatus>
      <ItemId>223744</ItemId>
    </Item>
    <Item>
      <PriceUpdateDate>2015-01-01 00:00:00</PriceUpdateDate>
      <ItemCode>7290014308619</ItemCode>
      <ItemType>0</ItemType>
      <ItemName>פלפל שחור טחון 80 גר</ItemName>
      <ManufacturerName>,</ManufacturerName>
      <ManufactureCountry>לא ידוע</ManufactureCountry>
      <ManufacturerItemDescription>פלפל שחור טחון 80 גרם</ManufacturerItemDescription>
      <UnitQty>גרמים</UnitQty>
      <Quantity>80.00</Quantity>
      <UnitOfMeasure>100 גרם</UnitOfMeasure>
      <bIsWeighted>0</bIsWeighted>
      <QtyInPackage>1</QtyInPackage>
      <ItemPrice>13.90</ItemPrice>
      <UnitOfMeasurePrice>17.3750</UnitOfMeasurePrice>
      <AllowDiscount>1</AllowDiscount>
      <ItemStatus>1</ItemStatus>
      <ItemId>254275</ItemId>
    </Item>
    <Item>
      <PriceUpdateDate>2015-01-01 00:00:00</PriceUpdateDate>
      <ItemCode>5174551</ItemCode>
      <ItemType>0</ItemType>
      <ItemName>חומוס יום יום 125 גר</ItemName>
      <ManufacturerName>שטראוס</ManufacturerName>
      <ManufactureCountry>ישראל</ManufactureCountry>
      <ManufacturerItemDescription>חומוס יום יום 125 גרם</ManufacturerItemDescription>
      <UnitQty>גרמים</UnitQty>
      <Quantity>125.00</Quantity>
      <UnitOfMeasure>100 גרם</UnitOfMeasure>
      <bIsWeighted>0</bIsWeighted>
      <QtyInPackage>1</QtyInPackage>
      <ItemPrice>4.50</ItemPrice>
      <UnitOfMeasurePrice>3.6000</UnitOfMeasurePrice>
      <AllowDiscount>1</AllowDiscount>
      <ItemStatus>1</ItemStatus>
      <ItemId>223746</ItemId>
    </Item>
    <Item>
      <PriceUpdateDate>2015-01-01 00:00:00</PriceUpdateDate>
      <ItemCode>5174575</ItemCode>
      <ItemType>0</ItemType>
      <ItemName>טחינה יום יום 125 גר</ItemName>
      <ManufacturerName>שטראוס</ManufacturerName>
      <ManufactureCountry>ישראל</ManufactureCountry>
      <ManufacturerItemDescription>טחינה יום יום 125 גרם</ManufacturerItemDescription>
      <UnitQty>גרמים</UnitQty>
      <Quantity>125.00</Quantity>
      <UnitOfMeasure>100 גרם</UnitOfMeasure>
      <bIsWeighted>0</bIsWeighted>
      <QtyInPackage>1</QtyInPackage>
      <ItemPrice>4.50</ItemPrice>
      <UnitOfMeasurePrice>3.6000</UnitOfMeasurePrice>
      <AllowDiscount>1</AllowDiscount>
      <ItemStatus>1</ItemStatus>
      <ItemId>223747</ItemId>
    </Item>
    <Item>
      <PriceUpdateDate>2015-01-01 00:00:00</PriceUpdateDate>
      <ItemCode>7290014761018</ItemCode>
      <ItemType>0</ItemType>
      <ItemName>גיל בטעם וניל 125 גר</ItemName>
      <ManufacturerName>תנובה מרכז שיתופי לש</ManufacturerName>
      <ManufactureCountry>לא ידוע</ManufactureCountry>
      <ManufacturerItemDescription>גיל בטעם וניל 125 גרם</ManufacturerItemDescription>
      <UnitQty>גרמים</UnitQty>
      <Quantity>125.00</Quantity>
      <UnitOfMeasure>100 גרם</UnitOfMeasure>
      <bIsWeighted>0</bIsWeighted>
      <QtyInPackage>1</QtyInPackage>
      <ItemPrice>1.30</ItemPrice>
      <UnitOfMeasurePrice>1.0400</UnitOfMeasurePrice>
      <AllowDiscount>1</AllowDiscount>
      <ItemStatus>1</ItemStatus>
      <ItemId>251845</ItemId>
    </Item>
    <Item>
      <PriceUpdateDate>2015-05-28 17:25:10</PriceUpdateDate>
      <ItemCode>5198038</ItemCode>
      <ItemType>0</ItemType>
      <ItemName>פתיבר שוקו חגיגה 1.7</ItemName>
      <ManufacturerName>שטראוס</ManufacturerName>
      <ManufactureCountry>ישראל</ManufactureCountry>
      <ManufacturerItemDescription>פתיבר שוקו חגיגה 1.75 קג</ManufacturerItemDescription>
      <UnitQty>קילוגרמים</UnitQty>
      <Quantity>1.75</Quantity>
      <UnitOfMeasure>ק"ג     </UnitOfMeasure>
      <bIsWeighted>0</bIsWeighted>
      <QtyInPackage>1</QtyInPackage>
      <ItemPrice>19.90</ItemPrice>
      <UnitOfMeasurePrice>11.3714</UnitOfMeasurePrice>
      <AllowDiscount>1</AllowDiscount>
      <ItemStatus>1</ItemStatus>
      <ItemId>223751</ItemId>
    </Item>
    <Item>
      <PriceUpdateDate>2015-05-28 17:25:16</PriceUpdateDate>
      <ItemCode>5198045</ItemCode>
      <ItemType>0</ItemType>
      <ItemName>פתיבר חגיגה 1.75 ק"ג</ItemName>
      <ManufacturerName>שטראוס</ManufacturerName>
      <ManufactureCountry>ישראל</ManufactureCountry>
      <ManufacturerItemDescription>פתיבר חגיגה 1.75 קג</ManufacturerItemDescription>
      <UnitQty>קילוגרמים</UnitQty>
      <Quantity>1.75</Quantity>
      <UnitOfMeasure>ק"ג     </UnitOfMeasure>
      <bIsWeighted>0</bIsWeighted>
      <QtyInPackage>1</QtyInPackage>
      <ItemPrice>19.90</ItemPrice>
      <UnitOfMeasurePrice>11.3714</UnitOfMeasurePrice>
      <AllowDiscount>1</AllowDiscount>
      <ItemStatus>1</ItemStatus>
      <ItemId>223752</ItemId>
    </Item>
    <Item>
      <PriceUpdateDate>2015-01-01 00:00:00</PriceUpdateDate>
      <ItemCode>6736512</ItemCode>
      <ItemType>0</ItemType>
      <ItemName>סלמון נורווגי מעושן</ItemName>
      <ManufacturerName>מעדני מיקי תעשיות מז</ManufacturerName>
      <ManufactureCountry>לא ידוע</ManufactureCountry>
      <ManufacturerItemDescription>סלמון נורווגי מעושן פרוס 100 גרם</ManufacturerItemDescription>
      <UnitQty>גרמים</UnitQty>
      <Quantity>100.00</Quantity>
      <UnitOfMeasure>100 גרם</UnitOfMeasure>
      <bIsWeighted>0</bIsWeighted>
      <QtyInPackage>1</QtyInPackage>
      <ItemPrice>15.90</ItemPrice>
      <UnitOfMeasurePrice>15.9000</UnitOfMeasurePrice>
      <AllowDiscount>1</AllowDiscount>
      <ItemStatus>1</ItemStatus>
      <ItemId>243024</ItemId>
    </Item>
    <Item>
      <PriceUpdateDate>2015-01-01 00:00:00</PriceUpdateDate>
      <ItemCode>5201455</ItemCode>
      <ItemType>0</ItemType>
      <ItemName>קפה נמס ארומה 200 גר</ItemName>
      <ManufacturerName>שטראוס</ManufacturerName>
      <ManufactureCountry>ישראל</ManufactureCountry>
      <ManufacturerItemDescription>קפה נמס ארומה 200 גרם</ManufacturerItemDescription>
      <UnitQty>גרמים</UnitQty>
      <Quantity>200.00</Quantity>
      <UnitOfMeasure>100 גרם</UnitOfMeasure>
      <bIsWeighted>0</bIsWeighted>
      <QtyInPackage>1</QtyInPackage>
      <ItemPrice>23.90</ItemPrice>
      <UnitOfMeasurePrice>11.9500</UnitOfMeasurePrice>
      <AllowDiscount>1</AllowDiscount>
      <ItemStatus>1</ItemStatus>
      <ItemId>223763</ItemId>
    </Item>
    <Item>
      <PriceUpdateDate>2015-01-01 00:00:00</PriceUpdateDate>
      <ItemCode>521008</ItemCode>
      <ItemType>0</ItemType>
      <ItemName>יין סגל אדום יבש 750</ItemName>
      <ManufacturerName>ברקן סגל</ManufacturerName>
      <ManufactureCountry>לא ידוע</ManufactureCountry>
      <ManufacturerItemDescription>יין סגל אדום יבש 750 מ"ל</ManufacturerItemDescription>
      <UnitQty>מיליליטרים</UnitQty>
      <Quantity>750.00</Quantity>
      <UnitOfMeasure>100 מ"ל</UnitOfMeasure>
      <bIsWeighted>0</bIsWeighted>
      <QtyInPackage>1</QtyInPackage>
      <ItemPrice>17.90</ItemPrice>
      <UnitOfMeasurePrice>2.3867</UnitOfMeasurePrice>
      <AllowDiscount>1</AllowDiscount>
      <ItemStatus>1</ItemStatus>
      <ItemId>223765</ItemId>
    </Item>
    <Item>
      <PriceUpdateDate>2015-01-01 00:00:00</PriceUpdateDate>
      <ItemCode>5287176</ItemCode>
      <ItemType>0</ItemType>
      <ItemName>טונה בשמן סטאר קיסט</ItemName>
      <ManufacturerName>סטארקיסט</ManufacturerName>
      <ManufactureCountry>לא ידוע</ManufactureCountry>
      <ManufacturerItemDescription>טונה בשמן סטאר קיסט A2</ManufacturerItemDescription>
      <UnitQty>גרמים</UnitQty>
      <Quantity>545.00</Quantity>
      <UnitOfMeasure>100 גרם</UnitOfMeasure>
      <bIsWeighted>0</bIsWeighted>
      <QtyInPackage>1</QtyInPackage>
      <ItemPrice>16.90</ItemPrice>
      <UnitOfMeasurePrice>3.1009</UnitOfMeasurePrice>
      <AllowDiscount>1</AllowDiscount>
      <ItemStatus>1</ItemStatus>
      <ItemId>223774</ItemId>
    </Item>
    <Item>
      <PriceUpdateDate>2016-03-07 13:01:30</PriceUpdateDate>
      <ItemCode>9005301</ItemCode>
      <ItemType>0</ItemType>
      <ItemName>לימון תפזורת</ItemName>
      <ManufacturerName>,</ManufacturerName>
      <ManufactureCountry>לא ידוע</ManufactureCountry>
      <ManufacturerItemDescription>לימון תפזורת</ManufacturerItemDescription>
      <UnitQty>קילוגרמים</UnitQty>
      <Quantity>1.00</Quantity>
      <UnitOfMeasure>ק"ג</UnitOfMeasure>
      <bIsWeighted>1</bIsWeighted>
      <QtyInPackage>לא ידוע</QtyInPackage>
      <ItemPrice>6.90</ItemPrice>
      <UnitOfMeasurePrice>6.9000</UnitOfMeasurePrice>
      <AllowDiscount>1</AllowDiscount>
      <ItemStatus>1</ItemStatus>
      <ItemId>223779</ItemId>
    </Item>
    <Item>
      <PriceUpdateDate>2015-01-01 00:00:00</PriceUpdateDate>
      <ItemCode>9005318</ItemCode>
      <ItemType>0</ItemType>
      <ItemName>לימון סיני</ItemName>
      <ManufacturerName>,</ManufacturerName>
      <ManufactureCountry>לא ידוע</ManufactureCountry>
      <ManufacturerItemDescription>לימון סיני</ManufacturerItemDescription>
      <UnitQty>קילוגרמים</UnitQty>
      <Quantity>1.00</Quantity>
      <UnitOfMeasure>ק"ג</UnitOfMeasure>
      <bIsWeighted>1</bIsWeighted>
      <QtyInPackage>לא ידוע</QtyInPackage>
      <ItemPrice>9.90</ItemPrice>
      <UnitOfMeasurePrice>9.9000</UnitOfMeasurePrice>
      <AllowDiscount>1</AllowDiscount>
      <ItemStatus>1</ItemStatus>
      <ItemId>223784</ItemId>
    </Item>
    <Item>
      <PriceUpdateDate>2015-01-01 00:00:00</PriceUpdateDate>
      <ItemCode>533353</ItemCode>
      <ItemType>0</ItemType>
      <ItemName>בצק עלים 1 קג</ItemName>
      <ManufacturerName>זוגלובק</ManufacturerName>
      <ManufactureCountry>לא ידוע</ManufactureCountry>
      <ManufacturerItemDescription>בצק עלים 1 ק"ג</ManufacturerItemDescription>
      <UnitQty>קילוגרמים</UnitQty>
      <Quantity>1.00</Quantity>
      <UnitOfMeasure>ק"ג     </UnitOfMeasure>
      <bIsWeighted>0</bIsWeighted>
      <QtyInPackage>1</QtyInPackage>
      <ItemPrice>12.90</ItemPrice>
      <UnitOfMeasurePrice>12.9000</UnitOfMeasurePrice>
      <AllowDiscount>1</AllowDiscount>
      <ItemStatus>1</ItemStatus>
      <ItemId>223792</ItemId>
    </Item>
    <Item>
      <PriceUpdateDate>2015-01-01 00:00:00</PriceUpdateDate>
      <ItemCode>536316</ItemCode>
      <ItemType>0</ItemType>
      <ItemName>שניצל מן הצומח 1 קג</ItemName>
      <ManufacturerName>זוגלובק</ManufacturerName>
      <ManufactureCountry>לא ידוע</ManufactureCountry>
      <ManufacturerItemDescription>שניצל מן הצומח 1 ק"ג</ManufacturerItemDescription>
      <UnitQty>קילוגרמים</UnitQty>
      <Quantity>1.00</Quantity>
      <UnitOfMeasure>ק"ג     </UnitOfMeasure>
      <bIsWeighted>0</bIsWeighted>
      <QtyInPackage>1</QtyInPackage>
      <ItemPrice>19.90</ItemPrice>
      <UnitOfMeasurePrice>19.9000</UnitOfMeasurePrice>
      <AllowDiscount>1</AllowDiscount>
      <ItemStatus>1</ItemStatus>
      <ItemId>223794</ItemId>
    </Item>
    <Item>
      <PriceUpdateDate>2015-01-01 00:00:00</PriceUpdateDate>
      <ItemCode>536392</ItemCode>
      <ItemType>0</ItemType>
      <ItemName>קציצת ירקות 750 גרם</ItemName>
      <ManufacturerName>,</ManufacturerName>
      <ManufactureCountry>לא ידוע</ManufactureCountry>
      <ManufacturerItemDescription>קציצת ירקות 750 גרם</ManufacturerItemDescription>
      <UnitQty>גרמים</UnitQty>
      <Quantity>750.00</Quantity>
      <UnitOfMeasure>100 גרם</UnitOfMeasure>
      <bIsWeighted>0</bIsWeighted>
      <QtyInPackage>1</QtyInPackage>
      <ItemPrice>19.90</ItemPrice>
      <UnitOfMeasurePrice>2.6533</UnitOfMeasurePrice>
      <AllowDiscount>1</AllowDiscount>
      <ItemStatus>1</ItemStatus>
      <ItemId>223795</ItemId>
    </Item>
    <Item>
      <PriceUpdateDate>2015-01-01 00:00:00</PriceUpdateDate>
      <ItemCode>536781</ItemCode>
      <ItemType>0</ItemType>
      <ItemName>קבב מן הצומח בדצ 1</ItemName>
      <ManufacturerName>,</ManufacturerName>
      <ManufactureCountry>לא ידוע</ManufactureCountry>
      <ManufacturerItemDescription>קבב מן הצומח בד"צ 1 ק"ג</ManufacturerItemDescription>
      <UnitQty>קילוגרמים</UnitQty>
      <Quantity>1.00</Quantity>
      <UnitOfMeasure>ק"ג     </UnitOfMeasure>
      <bIsWeighted>0</bIsWeighted>
      <QtyInPackage>1</QtyInPackage>
      <ItemPrice>19.90</ItemPrice>
      <UnitOfMeasurePrice>19.9000</UnitOfMeasurePrice>
      <AllowDiscount>1</AllowDiscount>
      <ItemStatus>1</ItemStatus>
      <ItemId>223797</ItemId>
    </Item>
    <Item>
      <PriceUpdateDate>2015-01-01 00:00:00</PriceUpdateDate>
      <ItemCode>5384721</ItemCode>
      <ItemType>0</ItemType>
      <ItemName>אנשובי ארוך אמיתי 50</ItemName>
      <ManufacturerName>קונסרבאס פרדו</ManufacturerName>
      <ManufactureCountry>לא ידוע</ManufactureCountry>
      <ManufacturerItemDescription>אנשובי ארוך אמיתי 50 גרם KF</ManufacturerItemDescription>
      <UnitQty>Unknown </UnitQty>
      <Quantity>0.00</Quantity>
      <UnitOfMeasure>Unknown </UnitOfMeasure>
      <bIsWeighted>0</bIsWeighted>
      <QtyInPackage>1</QtyInPackage>
      <ItemPrice>6.90</ItemPrice>
      <UnitOfMeasurePrice>0.0000</UnitOfMeasurePrice>
      <AllowDiscount>1</AllowDiscount>
      <ItemStatus>1</ItemStatus>
      <ItemId>223800</ItemId>
    </Item>
    <Item>
      <PriceUpdateDate>2016-03-04 10:15:10</PriceUpdateDate>
      <ItemCode>54</ItemCode>
      <ItemType>0</ItemType>
      <ItemName>כרוב סיני-יח</ItemName>
      <ManufacturerName>,</ManufacturerName>
      <ManufactureCountry>לא ידוע</ManufactureCountry>
      <ManufacturerItemDescription>כרוב סיני-יח</ManufacturerItemDescription>
      <UnitQty>Unknown </UnitQty>
      <Quantity>0.00</Quantity>
      <UnitOfMeasure>Unknown </UnitOfMeasure>
      <bIsWeighted>0</bIsWeighted>
      <QtyInPackage>1</QtyInPackage>
      <ItemPrice>5.90</ItemPrice>
      <UnitOfMeasurePrice>0.0000</UnitOfMeasurePrice>
      <AllowDiscount>1</AllowDiscount>
      <ItemStatus>1</ItemStatus>
      <ItemId>223807</ItemId>
    </Item>
    <Item>
      <PriceUpdateDate>2016-07-18 12:33:26</PriceUpdateDate>
      <ItemCode>9005417</ItemCode>
      <ItemType>0</ItemType>
      <ItemName>בננות</ItemName>
      <ManufacturerName>,</ManufacturerName>
      <ManufactureCountry>לא ידוע</ManufactureCountry>
      <ManufacturerItemDescription>בננות</ManufacturerItemDescription>
      <UnitQty>קילוגרמים</UnitQty>
      <Quantity>1.00</Quantity>
      <UnitOfMeasure>ק"ג</UnitOfMeasure>
      <bIsWeighted>1</bIsWeighted>
      <QtyInPackage>לא ידוע</QtyInPackage>
      <ItemPrice>5.90</ItemPrice>
      <UnitOfMeasurePrice>5.9000</UnitOfMeasurePrice>
      <AllowDiscount>1</AllowDiscount>
      <ItemStatus>1</ItemStatus>
      <ItemId>223808</ItemId>
    </Item>
    <Item>
      <PriceUpdateDate>2015-09-20 12:53:32</PriceUpdateDate>
      <ItemCode>5423253</ItemCode>
      <ItemType>0</ItemType>
      <ItemName>מקסימה למייבש פרש</ItemName>
      <ManufacturerName>סנו</ManufacturerName>
      <ManufactureCountry>לא ידוע</ManufactureCountry>
      <ManufacturerItemDescription>מקסימה למייבש פרש 750 מ"ל</ManufacturerItemDescription>
      <UnitQty>מיליליטרים</UnitQty>
      <Quantity>750.00</Quantity>
      <UnitOfMeasure>100 מ"ל</UnitOfMeasure>
      <bIsWeighted>0</bIsWeighted>
      <QtyInPackage>1</QtyInPackage>
      <ItemPrice>15.90</ItemPrice>
      <UnitOfMeasurePrice>2.1200</UnitOfMeasurePrice>
      <AllowDiscount>1</AllowDiscount>
      <ItemStatus>1</ItemStatus>
      <ItemId>223820</ItemId>
    </Item>
    <Item>
      <PriceUpdateDate>2015-01-01 00:00:00</PriceUpdateDate>
      <ItemCode>5423420</ItemCode>
      <ItemType>0</ItemType>
      <ItemName>סנו משמיד עש מבושם 2</ItemName>
      <ManufacturerName>סנו</ManufacturerName>
      <ManufactureCountry>לא ידוע</ManufactureCountry>
      <ManufacturerItemDescription>סנו משמיד עש מבושם 2 יח</ManufacturerItemDescription>
      <UnitQty>Unknown </UnitQty>
      <Quantity>0.00</Quantity>
      <UnitOfMeasure>Unknown </UnitOfMeasure>
      <bIsWeighted>0</bIsWeighted>
      <QtyInPackage>1</QtyInPackage>
      <ItemPrice>24.90</ItemPrice>
      <UnitOfMeasurePrice>0.0000</UnitOfMeasurePrice>
      <AllowDiscount>1</AllowDiscount>
      <ItemStatus>1</ItemStatus>
      <ItemId>223827</ItemId>
    </Item>
    <Item>
      <PriceUpdateDate>2015-01-01 00:00:00</PriceUpdateDate>
      <ItemCode>5423444</ItemCode>
      <ItemType>0</ItemType>
      <ItemName>גאוול גל קרם 2*750 ג</ItemName>
      <ManufacturerName>,</ManufacturerName>
      <ManufactureCountry>לא ידוע</ManufactureCountry>
      <ManufacturerItemDescription>גאוול גל קרם 2*750 גרם</ManufacturerItemDescription>
      <UnitQty>ליטרים</UnitQty>
      <Quantity>1.50</Quantity>
      <UnitOfMeasure>ליטר    </UnitOfMeasure>
      <bIsWeighted>0</bIsWeighted>
      <QtyInPackage>1</QtyInPackage>
      <ItemPrice>29.90</ItemPrice>
      <UnitOfMeasurePrice>19.9333</UnitOfMeasurePrice>
      <AllowDiscount>1</AllowDiscount>
      <ItemStatus>1</ItemStatus>
      <ItemId>223828</ItemId>
    </Item>
    <Item>
      <PriceUpdateDate>2015-01-01 00:00:00</PriceUpdateDate>
      <ItemCode>5423499</ItemCode>
      <ItemType>0</ItemType>
      <ItemName>סנו נירוסטה אירוסול</ItemName>
      <ManufacturerName>סנו</ManufacturerName>
      <ManufactureCountry>לא ידוע</ManufactureCountry>
      <ManufacturerItemDescription>סנו נירוסטה אירוסול 500 מ"ל</ManufacturerItemDescription>
      <UnitQty>מיליליטרים</UnitQty>
      <Quantity>500.00</Quantity>
      <UnitOfMeasure>100 מ"ל</UnitOfMeasure>
      <bIsWeighted>0</bIsWeighted>
      <QtyInPackage>1</QtyInPackage>
      <ItemPrice>13.90</ItemPrice>
      <UnitOfMeasurePrice>2.7800</UnitOfMeasurePrice>
      <AllowDiscount>1</AllowDiscount>
      <ItemStatus>1</ItemStatus>
      <ItemId>223829</ItemId>
    </Item>
    <Item>
      <PriceUpdateDate>2015-01-01 00:00:00</PriceUpdateDate>
      <ItemCode>5423567</ItemCode>
      <ItemType>0</ItemType>
      <ItemName>סנו סושי 30 מטר בגלי</ItemName>
      <ManufacturerName>זינרגד</ManufacturerName>
      <ManufactureCountry>לא ידוע</ManufactureCountry>
      <ManufacturerItemDescription>סנו סושי 30 מטר בגליל</ManufacturerItemDescription>
      <UnitQty>Unknown </UnitQty>
      <Quantity>0.00</Quantity>
      <UnitOfMeasure>Unknown </UnitOfMeasure>
      <bIsWeighted>0</bIsWeighted>
      <QtyInPackage>1</QtyInPackage>
      <ItemPrice>18.90</ItemPrice>
      <UnitOfMeasurePrice>0.0000</UnitOfMeasurePrice>
      <AllowDiscount>1</AllowDiscount>
      <ItemStatus>1</ItemStatus>
      <ItemId>223832</ItemId>
    </Item>
    <Item>
      <PriceUpdateDate>2015-09-20 12:53:32</PriceUpdateDate>
      <ItemCode>5423871</ItemCode>
      <ItemType>0</ItemType>
      <ItemName>משחת שיניים אורביטול</ItemName>
      <ManufacturerName>טרופיקל דגיל</ManufacturerName>
      <ManufactureCountry>לא ידוע</ManufactureCountry>
      <ManufacturerItemDescription>משחת שיניים אורביטול 3*145 גרם</ManufacturerItemDescription>
      <UnitQty>גרמים</UnitQty>
      <Quantity>435.00</Quantity>
      <UnitOfMeasure>100 גרם</UnitOfMeasure>
      <bIsWeighted>0</bIsWeighted>
      <QtyInPackage>1</QtyInPackage>
      <ItemPrice>11.90</ItemPrice>
      <UnitOfMeasurePrice>2.7356</UnitOfMeasurePrice>
      <AllowDiscount>1</AllowDiscount>
      <ItemStatus>1</ItemStatus>
      <ItemId>223835</ItemId>
    </Item>
    <Item>
      <PriceUpdateDate>2015-01-01 00:00:00</PriceUpdateDate>
      <ItemCode>5424205</ItemCode>
      <ItemType>0</ItemType>
      <ItemName>ריצפז פלוס דוחה תיקנ</ItemName>
      <ManufacturerName>סנו</ManufacturerName>
      <ManufactureCountry>לא ידוע</ManufactureCountry>
      <ManufacturerItemDescription>ריצפז פלוס דוחה תיקנים 4 ליטר</ManufacturerItemDescription>
      <UnitQty>ליטרים</UnitQty>
      <Quantity>4.00</Quantity>
      <UnitOfMeasure>ליטר    </UnitOfMeasure>
      <bIsWeighted>0</bIsWeighted>
      <QtyInPackage>1</QtyInPackage>
      <ItemPrice>39.90</ItemPrice>
      <UnitOfMeasurePrice>9.9750</UnitOfMeasurePrice>
      <AllowDiscount>1</AllowDiscount>
      <ItemStatus>1</ItemStatus>
      <ItemId>223840</ItemId>
    </Item>
    <Item>
      <PriceUpdateDate>2015-09-20 12:57:36</PriceUpdateDate>
      <ItemCode>5424311</ItemCode>
      <ItemType>0</ItemType>
      <ItemName>סנו K רב קוטל ר.פרחי</ItemName>
      <ManufacturerName>סנו</ManufacturerName>
      <ManufactureCountry>לא ידוע</ManufactureCountry>
      <ManufacturerItemDescription>סנו K רב קוטל ר.פרחים 475 מ"ל</ManufacturerItemDescription>
      <UnitQty>מיליליטרים</UnitQty>
      <Quantity>475.00</Quantity>
      <UnitOfMeasure>100 מ"ל</UnitOfMeasure>
      <bIsWeighted>0</bIsWeighted>
      <QtyInPackage>1</QtyInPackage>
      <ItemPrice>19.90</ItemPrice>
      <UnitOfMeasurePrice>4.1895</UnitOfMeasurePrice>
      <AllowDiscount>1</AllowDiscount>
      <ItemStatus>1</ItemStatus>
      <ItemId>223841</ItemId>
    </Item>
    <Item>
      <PriceUpdateDate>2015-01-01 00:00:00</PriceUpdateDate>
      <ItemCode>5424656</ItemCode>
      <ItemType>0</ItemType>
      <ItemName>מסיר אבן אבקה אנטיקל</ItemName>
      <ManufacturerName>,</ManufacturerName>
      <ManufactureCountry>לא ידוע</ManufactureCountry>
      <ManufacturerItemDescription>מסיר אבן אבקה אנטיקלק 200 גרם</ManufacturerItemDescription>
      <UnitQty>מיליליטרים</UnitQty>
      <Quantity>200.00</Quantity>
      <UnitOfMeasure>100 מ"ל</UnitOfMeasure>
      <bIsWeighted>0</bIsWeighted>
      <QtyInPackage>1</QtyInPackage>
      <ItemPrice>8.90</ItemPrice>
      <UnitOfMeasurePrice>4.4500</UnitOfMeasurePrice>
      <AllowDiscount>1</AllowDiscount>
      <ItemStatus>1</ItemStatus>
      <ItemId>223843</ItemId>
    </Item>
    <Item>
      <PriceUpdateDate>2015-01-01 00:00:00</PriceUpdateDate>
      <ItemCode>5424762</ItemCode>
      <ItemType>0</ItemType>
      <ItemName>ריצפז+דוחה תיקנים+וו</ItemName>
      <ManufacturerName>סנו</ManufacturerName>
      <ManufactureCountry>לא ידוע</ManufactureCountry>
      <ManufacturerItemDescription>ריצפז+דוחה תיקנים+ווקס 2 ליטר</ManufacturerItemDescription>
      <UnitQty>ליטרים</UnitQty>
      <Quantity>2.00</Quantity>
      <UnitOfMeasure>ליטר    </UnitOfMeasure>
      <bIsWeighted>0</bIsWeighted>
      <QtyInPackage>1</QtyInPackage>
      <ItemPrice>24.90</ItemPrice>
      <UnitOfMeasurePrice>12.4500</UnitOfMeasurePrice>
      <AllowDiscount>1</AllowDiscount>
      <ItemStatus>1</ItemStatus>
      <ItemId>223844</ItemId>
    </Item>
    <Item>
      <PriceUpdateDate>2015-01-01 00:00:00</PriceUpdateDate>
      <ItemCode>5424779</ItemCode>
      <ItemType>0</ItemType>
      <ItemName>אל סבון בייבי כיף</ItemName>
      <ManufacturerName>קוסמופארם</ManufacturerName>
      <ManufactureCountry>לא ידוע</ManufactureCountry>
      <ManufacturerItemDescription>אל סבון בייבי כיף 750 מ"ל</ManufacturerItemDescription>
      <UnitQty>מיליליטרים</UnitQty>
      <Quantity>750.00</Quantity>
      <UnitOfMeasure>100 מ"ל</UnitOfMeasure>
      <bIsWeighted>0</bIsWeighted>
      <QtyInPackage>1</QtyInPackage>
      <ItemPrice>16.90</ItemPrice>
      <UnitOfMeasurePrice>2.2533</UnitOfMeasurePrice>
      <AllowDiscount>1</AllowDiscount>
      <ItemStatus>1</ItemStatus>
      <ItemId>223845</ItemId>
    </Item>
    <Item>
      <PriceUpdateDate>2015-01-01 00:00:00</PriceUpdateDate>
      <ItemCode>5424793</ItemCode>
      <ItemType>0</ItemType>
      <ItemName>שמפו אל דמע בייבי כי</ItemName>
      <ManufacturerName>קוסמופארם</ManufacturerName>
      <ManufactureCountry>לא ידוע</ManufactureCountry>
      <ManufacturerItemDescription>שמפו אל דמע בייבי כיף 750 מ"ל</ManufacturerItemDescription>
      <UnitQty>מיליליטרים</UnitQty>
      <Quantity>750.00</Quantity>
      <UnitOfMeasure>100 מ"ל</UnitOfMeasure>
      <bIsWeighted>0</bIsWeighted>
      <QtyInPackage>1</QtyInPackage>
      <ItemPrice>17.90</ItemPrice>
      <UnitOfMeasurePrice>2.3867</UnitOfMeasurePrice>
      <AllowDiscount>1</AllowDiscount>
      <ItemStatus>1</ItemStatus>
      <ItemId>223846</ItemId>
    </Item>
    <Item>
      <PriceUpdateDate>2015-01-01 00:00:00</PriceUpdateDate>
      <ItemCode>5424847</ItemCode>
      <ItemType>0</ItemType>
      <ItemName>מפיות סנו סופט 150 י</ItemName>
      <ManufacturerName>איפק</ManufacturerName>
      <ManufactureCountry>לא ידוע</ManufactureCountry>
      <ManufacturerItemDescription>מפיות סנו סופט 150 יח</ManufacturerItemDescription>
      <UnitQty>Unknown </UnitQty>
      <Quantity>0.00</Quantity>
      <UnitOfMeasure>Unknown </UnitOfMeasure>
      <bIsWeighted>0</bIsWeighted>
      <QtyInPackage>1</QtyInPackage>
      <ItemPrice>5.90</ItemPrice>
      <UnitOfMeasurePrice>0.0000</UnitOfMeasurePrice>
      <AllowDiscount>1</AllowDiscount>
      <ItemStatus>1</ItemStatus>
      <ItemId>223848</ItemId>
    </Item>
    <Item>
      <PriceUpdateDate>2015-01-01 00:00:00</PriceUpdateDate>
      <ItemCode>5424915</ItemCode>
      <ItemType>0</ItemType>
      <ItemName>סנומוד נטול גז גלו</ItemName>
      <ManufacturerName>סנו</ManufacturerName>
      <ManufactureCountry>לא ידוע</ManufactureCountry>
      <ManufacturerItemDescription>סנומוד נטול גז גלו 150 מ"ל</ManufacturerItemDescription>
      <UnitQty>מיליליטרים</UnitQty>
      <Quantity>150.00</Quantity>
      <UnitOfMeasure>100 מ"ל</UnitOfMeasure>
      <bIsWeighted>0</bIsWeighted>
      <QtyInPackage>1</QtyInPackage>
      <ItemPrice>9.90</ItemPrice>
      <UnitOfMeasurePrice>6.6000</UnitOfMeasurePrice>
      <AllowDiscount>1</AllowDiscount>
      <ItemStatus>1</ItemStatus>
      <ItemId>223849</ItemId>
    </Item>
    <Item>
      <PriceUpdateDate>2016-06-21 13:05:33</PriceUpdateDate>
      <ItemCode>7290109351803</ItemCode>
      <ItemType>1</ItemType>
      <ItemName>פתיתים אפויים קוסקוס</ItemName>
      <ManufacturerName>אסם</ManufacturerName>
      <ManufactureCountry>ישראל</ManufactureCountry>
      <ManufacturerItemDescription>פתיתים אפויים קוסקוס 1.2 ק"ג</ManufacturerItemDescription>
      <UnitQty>קילוגרמים</UnitQty>
      <Quantity>1.20</Quantity>
      <UnitOfMeasure>ק"ג     </UnitOfMeasure>
      <bIsWeighted>0</bIsWeighted>
      <QtyInPackage>1</QtyInPackage>
      <ItemPrice>10.90</ItemPrice>
      <UnitOfMeasurePrice>9.0833</UnitOfMeasurePrice>
      <AllowDiscount>1</AllowDiscount>
      <ItemStatus>1</ItemStatus>
      <ItemId>268549</ItemId>
    </Item>
    <Item>
      <PriceUpdateDate>2015-01-01 00:00:00</PriceUpdateDate>
      <ItemCode>5425097</ItemCode>
      <ItemType>0</ItemType>
      <ItemName>משחת שיניים אורביטול</ItemName>
      <ManufacturerName>טרופיקל דגיל</ManufacturerName>
      <ManufactureCountry>לא ידוע</ManufactureCountry>
      <ManufacturerItemDescription>משחת שיניים אורביטול להלבנה זוג +2 מברשו</ManufacturerItemDescription>
      <UnitQty>גרמים</UnitQty>
      <Quantity>290.00</Quantity>
      <UnitOfMeasure>100 גרם</UnitOfMeasure>
      <bIsWeighted>0</bIsWeighted>
      <QtyInPackage>1</QtyInPackage>
      <ItemPrice>14.90</ItemPrice>
      <UnitOfMeasurePrice>5.1379</UnitOfMeasurePrice>
      <AllowDiscount>1</AllowDiscount>
      <ItemStatus>1</ItemStatus>
      <ItemId>223854</ItemId>
    </Item>
    <Item>
      <PriceUpdateDate>2015-01-01 00:00:00</PriceUpdateDate>
      <ItemCode>5425646</ItemCode>
      <ItemType>0</ItemType>
      <ItemName>סנוקליר ניקוי חלונות</ItemName>
      <ManufacturerName>סנו</ManufacturerName>
      <ManufactureCountry>לא ידוע</ManufactureCountry>
      <ManufacturerItemDescription>סנוקליר ניקוי חלונות 1 ליטר</ManufacturerItemDescription>
      <UnitQty>ליטרים</UnitQty>
      <Quantity>1.00</Quantity>
      <UnitOfMeasure>ליטר    </UnitOfMeasure>
      <bIsWeighted>0</bIsWeighted>
      <QtyInPackage>1</QtyInPackage>
      <ItemPrice>6.90</ItemPrice>
      <UnitOfMeasurePrice>6.9000</UnitOfMeasurePrice>
      <AllowDiscount>1</AllowDiscount>
      <ItemStatus>1</ItemStatus>
      <ItemId>223858</ItemId>
    </Item>
    <Item>
      <PriceUpdateDate>2015-01-01 00:00:00</PriceUpdateDate>
      <ItemCode>5426018</ItemCode>
      <ItemType>0</ItemType>
      <ItemName>אל סבון בייבי כיף 2</ItemName>
      <ManufacturerName>קוסמופארם</ManufacturerName>
      <ManufactureCountry>לא ידוע</ManufactureCountry>
      <ManufacturerItemDescription>אל סבון בייבי כיף 2 ליטר</ManufacturerItemDescription>
      <UnitQty>ליטרים</UnitQty>
      <Quantity>2.00</Quantity>
      <UnitOfMeasure>ליטר    </UnitOfMeasure>
      <bIsWeighted>0</bIsWeighted>
      <QtyInPackage>1</QtyInPackage>
      <ItemPrice>28.90</ItemPrice>
      <UnitOfMeasurePrice>14.4500</UnitOfMeasurePrice>
      <AllowDiscount>1</AllowDiscount>
      <ItemStatus>1</ItemStatus>
      <ItemId>223863</ItemId>
    </Item>
    <Item>
      <PriceUpdateDate>2015-01-01 00:00:00</PriceUpdateDate>
      <ItemCode>5426186</ItemCode>
      <ItemType>0</ItemType>
      <ItemName>סנו סושי 3 כריות קרצ</ItemName>
      <ManufacturerName>סנו</ManufacturerName>
      <ManufactureCountry>לא ידוע</ManufactureCountry>
      <ManufacturerItemDescription>סנו סושי 3 כריות קרצוף חבק</ManufacturerItemDescription>
      <UnitQty>Unknown </UnitQty>
      <Quantity>0.00</Quantity>
      <UnitOfMeasure>Unknown </UnitOfMeasure>
      <bIsWeighted>0</bIsWeighted>
      <QtyInPackage>1</QtyInPackage>
      <ItemPrice>17.90</ItemPrice>
      <UnitOfMeasurePrice>0.0000</UnitOfMeasurePrice>
      <AllowDiscount>1</AllowDiscount>
      <ItemStatus>1</ItemStatus>
      <ItemId>223864</ItemId>
    </Item>
    <Item>
      <PriceUpdateDate>2015-01-01 00:00:00</PriceUpdateDate>
      <ItemCode>5426193</ItemCode>
      <ItemType>0</ItemType>
      <ItemName>ספוג הפלא סנו סושי 6</ItemName>
      <ManufacturerName>U F O</ManufacturerName>
      <ManufactureCountry>לא ידוע</ManufactureCountry>
      <ManufacturerItemDescription>ספוג הפלא סנו סושי 6 יח</ManufacturerItemDescription>
      <UnitQty>Unknown </UnitQty>
      <Quantity>0.00</Quantity>
      <UnitOfMeasure>Unknown </UnitOfMeasure>
      <bIsWeighted>0</bIsWeighted>
      <QtyInPackage>1</QtyInPackage>
      <ItemPrice>11.90</ItemPrice>
      <UnitOfMeasurePrice>0.0000</UnitOfMeasurePrice>
      <AllowDiscount>1</AllowDiscount>
      <ItemStatus>1</ItemStatus>
      <ItemId>223865</ItemId>
    </Item>
    <Item>
      <PriceUpdateDate>2015-01-01 00:00:00</PriceUpdateDate>
      <ItemCode>5426230</ItemCode>
      <ItemType>0</ItemType>
      <ItemName>מטלית הפלא רצפה סנו</ItemName>
      <ManufacturerName>N S</ManufacturerName>
      <ManufactureCountry>לא ידוע</ManufactureCountry>
      <ManufacturerItemDescription>מטלית הפלא רצפה סנו סושי</ManufacturerItemDescription>
      <UnitQty>Unknown </UnitQty>
      <Quantity>0.00</Quantity>
      <UnitOfMeasure>Unknown </UnitOfMeasure>
      <bIsWeighted>0</bIsWeighted>
      <QtyInPackage>1</QtyInPackage>
      <ItemPrice>10.90</ItemPrice>
      <UnitOfMeasurePrice>0.0000</UnitOfMeasurePrice>
      <AllowDiscount>1</AllowDiscount>
      <ItemStatus>1</ItemStatus>
      <ItemId>223866</ItemId>
    </Item>
    <Item>
      <PriceUpdateDate>2015-01-01 00:00:00</PriceUpdateDate>
      <ItemCode>5426278</ItemCode>
      <ItemType>0</ItemType>
      <ItemName>סנו גהץ לי ספריי 700</ItemName>
      <ManufacturerName>סנו</ManufacturerName>
      <ManufactureCountry>לא ידוע</ManufactureCountry>
      <ManufacturerItemDescription>סנו גהץ לי ספריי 700 מ"ל</ManufacturerItemDescription>
      <UnitQty>מיליליטרים</UnitQty>
      <Quantity>700.00</Quantity>
      <UnitOfMeasure>100 מ"ל</UnitOfMeasure>
      <bIsWeighted>0</bIsWeighted>
      <QtyInPackage>1</QtyInPackage>
      <ItemPrice>18.90</ItemPrice>
      <UnitOfMeasurePrice>2.7000</UnitOfMeasurePrice>
      <AllowDiscount>1</AllowDiscount>
      <ItemStatus>1</ItemStatus>
      <ItemId>223867</ItemId>
    </Item>
    <Item>
      <PriceUpdateDate>2015-01-01 00:00:00</PriceUpdateDate>
      <ItemCode>5426384</ItemCode>
      <ItemType>0</ItemType>
      <ItemName>סנומוד נטול גז 150 מ</ItemName>
      <ManufacturerName>סנו</ManufacturerName>
      <ManufactureCountry>לא ידוע</ManufactureCountry>
      <ManufacturerItemDescription>סנומוד נטול גז 150 מ"ל</ManufacturerItemDescription>
      <UnitQty>מיליליטרים</UnitQty>
      <Quantity>150.00</Quantity>
      <UnitOfMeasure>100 מ"ל</UnitOfMeasure>
      <bIsWeighted>0</bIsWeighted>
      <QtyInPackage>1</QtyInPackage>
      <ItemPrice>9.90</ItemPrice>
      <UnitOfMeasurePrice>6.6000</UnitOfMeasurePrice>
      <AllowDiscount>1</AllowDiscount>
      <ItemStatus>1</ItemStatus>
      <ItemId>223868</ItemId>
    </Item>
    <Item>
      <PriceUpdateDate>2015-01-01 00:00:00</PriceUpdateDate>
      <ItemCode>5426568</ItemCode>
      <ItemType>0</ItemType>
      <ItemName>קרם לחות קרמה שיער ר</ItemName>
      <ManufacturerName>קוסמופארם</ManufacturerName>
      <ManufactureCountry>לא ידוע</ManufactureCountry>
      <ManufacturerItemDescription>קרם לחות קרמה שיער רגיל 400 מ"ל</ManufacturerItemDescription>
      <UnitQty>מיליליטרים</UnitQty>
      <Quantity>400.00</Quantity>
      <UnitOfMeasure>100 מ"ל</UnitOfMeasure>
      <bIsWeighted>0</bIsWeighted>
      <QtyInPackage>1</QtyInPackage>
      <ItemPrice>18.90</ItemPrice>
      <UnitOfMeasurePrice>4.7250</UnitOfMeasurePrice>
      <AllowDiscount>1</AllowDiscount>
      <ItemStatus>1</ItemStatus>
      <ItemId>223870</ItemId>
    </Item>
    <Item>
      <PriceUpdateDate>2015-01-01 00:00:00</PriceUpdateDate>
      <ItemCode>5426575</ItemCode>
      <ItemType>0</ItemType>
      <ItemName>קרם לחות קרמה שיער י</ItemName>
      <ManufacturerName>קוסמופארם</ManufacturerName>
      <ManufactureCountry>לא ידוע</ManufactureCountry>
      <ManufacturerItemDescription>קרם לחות קרמה שיער יבש 400 מ"ל</ManufacturerItemDescription>
      <UnitQty>מיליליטרים</UnitQty>
      <Quantity>400.00</Quantity>
      <UnitOfMeasure>100 מ"ל</UnitOfMeasure>
      <bIsWeighted>0</bIsWeighted>
      <QtyInPackage>1</QtyInPackage>
      <ItemPrice>18.90</ItemPrice>
      <UnitOfMeasurePrice>4.7250</UnitOfMeasurePrice>
      <AllowDiscount>1</AllowDiscount>
      <ItemStatus>1</ItemStatus>
      <ItemId>223871</ItemId>
    </Item>
    <Item>
      <PriceUpdateDate>2015-01-01 00:00:00</PriceUpdateDate>
      <ItemCode>5426629</ItemCode>
      <ItemType>0</ItemType>
      <ItemName>סנו דאופרש אורן דובד</ItemName>
      <ManufacturerName>סנו</ManufacturerName>
      <ManufactureCountry>לא ידוע</ManufactureCountry>
      <ManufacturerItemDescription>סנו דאופרש אורן דובדבן 300 מ"ל</ManufacturerItemDescription>
      <UnitQty>מיליליטרים</UnitQty>
      <Quantity>300.00</Quantity>
      <UnitOfMeasure>100 מ"ל</UnitOfMeasure>
      <bIsWeighted>0</bIsWeighted>
      <QtyInPackage>1</QtyInPackage>
      <ItemPrice>9.90</ItemPrice>
      <UnitOfMeasurePrice>3.3000</UnitOfMeasurePrice>
      <AllowDiscount>1</AllowDiscount>
      <ItemStatus>1</ItemStatus>
      <ItemId>223872</ItemId>
    </Item>
    <Item>
      <PriceUpdateDate>2015-01-01 00:00:00</PriceUpdateDate>
      <ItemCode>5426735</ItemCode>
      <ItemType>0</ItemType>
      <ItemName>אבקת כביסה בלאק סנו</ItemName>
      <ManufacturerName>סנו</ManufacturerName>
      <ManufactureCountry>לא ידוע</ManufactureCountry>
      <ManufacturerItemDescription>א. כביסה בלאק סנו מקסימה 1.25 ק"ג</ManufacturerItemDescription>
      <UnitQty>קילוגרמים</UnitQty>
      <Quantity>1.25</Quantity>
      <UnitOfMeasure>ק"ג     </UnitOfMeasure>
      <bIsWeighted>0</bIsWeighted>
      <QtyInPackage>1</QtyInPackage>
      <ItemPrice>16.90</ItemPrice>
      <UnitOfMeasurePrice>13.5200</UnitOfMeasurePrice>
      <AllowDiscount>1</AllowDiscount>
      <ItemStatus>1</ItemStatus>
      <ItemId>223875</ItemId>
    </Item>
    <Item>
      <PriceUpdateDate>2015-01-01 00:00:00</PriceUpdateDate>
      <ItemCode>5426865</ItemCode>
      <ItemType>0</ItemType>
      <ItemName>משחת שיניים אורביטול</ItemName>
      <ManufacturerName>טרופיקל דגיל</ManufacturerName>
      <ManufactureCountry>לא ידוע</ManufactureCountry>
      <ManufacturerItemDescription>משחת שיניים אורביטול</ManufacturerItemDescription>
      <UnitQty>גרמים</UnitQty>
      <Quantity>70.00</Quantity>
      <UnitOfMeasure>100 גרם</UnitOfMeasure>
      <bIsWeighted>0</bIsWeighted>
      <QtyInPackage>1</QtyInPackage>
      <ItemPrice>4.90</ItemPrice>
      <UnitOfMeasurePrice>7.0000</UnitOfMeasurePrice>
      <AllowDiscount>1</AllowDiscount>
      <ItemStatus>1</ItemStatus>
      <ItemId>223879</ItemId>
    </Item>
    <Item>
      <PriceUpdateDate>2015-01-01 00:00:00</PriceUpdateDate>
      <ItemCode>5426964</ItemCode>
      <ItemType>0</ItemType>
      <ItemName>סבון אסלה סנובון כחו</ItemName>
      <ManufacturerName>סנו</ManufacturerName>
      <ManufactureCountry>לא ידוע</ManufactureCountry>
      <ManufacturerItemDescription>סבון אסלה סנובון כחול אפרסק 3*55 גרם</ManufacturerItemDescription>
      <UnitQty>גרמים</UnitQty>
      <Quantity>165.00</Quantity>
      <UnitOfMeasure>100 גרם</UnitOfMeasure>
      <bIsWeighted>0</bIsWeighted>
      <QtyInPackage>1</QtyInPackage>
      <ItemPrice>10.90</ItemPrice>
      <UnitOfMeasurePrice>6.6061</UnitOfMeasurePrice>
      <AllowDiscount>1</AllowDiscount>
      <ItemStatus>1</ItemStatus>
      <ItemId>223881</ItemId>
    </Item>
    <Item>
      <PriceUpdateDate>2015-01-01 00:00:00</PriceUpdateDate>
      <ItemCode>5426971</ItemCode>
      <ItemType>0</ItemType>
      <ItemName>סבון אסלה סנובון כחו</ItemName>
      <ManufacturerName>סנו</ManufacturerName>
      <ManufactureCountry>לא ידוע</ManufactureCountry>
      <ManufacturerItemDescription>סבון אסלה סנובון כחול תפוח 3*55 גרם</ManufacturerItemDescription>
      <UnitQty>גרמים</UnitQty>
      <Quantity>165.00</Quantity>
      <UnitOfMeasure>100 גרם</UnitOfMeasure>
      <bIsWeighted>0</bIsWeighted>
      <QtyInPackage>1</QtyInPackage>
      <ItemPrice>10.90</ItemPrice>
      <UnitOfMeasurePrice>6.6061</UnitOfMeasurePrice>
      <AllowDiscount>1</AllowDiscount>
      <ItemStatus>1</ItemStatus>
      <ItemId>223882</ItemId>
    </Item>
    <Item>
      <PriceUpdateDate>2015-01-01 00:00:00</PriceUpdateDate>
      <ItemCode>5427497</ItemCode>
      <ItemType>0</ItemType>
      <ItemName>מרכך כיף לשיער רגיל</ItemName>
      <ManufacturerName>קוסמופארם</ManufacturerName>
      <ManufactureCountry>לא ידוע</ManufactureCountry>
      <ManufacturerItemDescription>מרכך כיף לשיער רגיל 750 מ"ל</ManufacturerItemDescription>
      <UnitQty>מיליליטרים</UnitQty>
      <Quantity>750.00</Quantity>
      <UnitOfMeasure>100 מ"ל</UnitOfMeasure>
      <bIsWeighted>0</bIsWeighted>
      <QtyInPackage>1</QtyInPackage>
      <ItemPrice>7.90</ItemPrice>
      <UnitOfMeasurePrice>1.0533</UnitOfMeasurePrice>
      <AllowDiscount>1</AllowDiscount>
      <ItemStatus>1</ItemStatus>
      <ItemId>223891</ItemId>
    </Item>
    <Item>
      <PriceUpdateDate>2015-01-01 00:00:00</PriceUpdateDate>
      <ItemCode>5427534</ItemCode>
      <ItemType>0</ItemType>
      <ItemName>תחליב רחצה כיף פפאיה</ItemName>
      <ManufacturerName>קוסמופארם</ManufacturerName>
      <ManufactureCountry>לא ידוע</ManufactureCountry>
      <ManufacturerItemDescription>תחליב רחצה כיף פפאיה 750 מ"ל</ManufacturerItemDescription>
      <UnitQty>מיליליטרים</UnitQty>
      <Quantity>750.00</Quantity>
      <UnitOfMeasure>100 מ"ל</UnitOfMeasure>
      <bIsWeighted>0</bIsWeighted>
      <QtyInPackage>1</QtyInPackage>
      <ItemPrice>12.90</ItemPrice>
      <UnitOfMeasurePrice>1.7200</UnitOfMeasurePrice>
      <AllowDiscount>1</AllowDiscount>
      <ItemStatus>1</ItemStatus>
      <ItemId>223895</ItemId>
    </Item>
    <Item>
      <PriceUpdateDate>2015-01-01 00:00:00</PriceUpdateDate>
      <ItemCode>5427541</ItemCode>
      <ItemType>0</ItemType>
      <ItemName>תחליב רחצה כיף חלב ש</ItemName>
      <ManufacturerName>קוסמופארם</ManufacturerName>
      <ManufactureCountry>לא ידוע</ManufactureCountry>
      <ManufacturerItemDescription>תחליב רחצה כיף חלב שקדים 750 מ"ל</ManufacturerItemDescription>
      <UnitQty>מיליליטרים</UnitQty>
      <Quantity>750.00</Quantity>
      <UnitOfMeasure>100 מ"ל</UnitOfMeasure>
      <bIsWeighted>0</bIsWeighted>
      <QtyInPackage>1</QtyInPackage>
      <ItemPrice>12.90</ItemPrice>
      <UnitOfMeasurePrice>1.7200</UnitOfMeasurePrice>
      <AllowDiscount>1</AllowDiscount>
      <ItemStatus>1</ItemStatus>
      <ItemId>223896</ItemId>
    </Item>
    <Item>
      <PriceUpdateDate>2015-01-01 00:00:00</PriceUpdateDate>
      <ItemCode>5427558</ItemCode>
      <ItemType>0</ItemType>
      <ItemName>תחליב רחצה כיף חלב ו</ItemName>
      <ManufacturerName>קוסמופארם</ManufacturerName>
      <ManufactureCountry>לא ידוע</ManufactureCountry>
      <ManufacturerItemDescription>תחליב רחצה כיף חלב ודבש 750 מ"ל</ManufacturerItemDescription>
      <UnitQty>מיליליטרים</UnitQty>
      <Quantity>750.00</Quantity>
      <UnitOfMeasure>100 מ"ל</UnitOfMeasure>
      <bIsWeighted>0</bIsWeighted>
      <QtyInPackage>1</QtyInPackage>
      <ItemPrice>12.90</ItemPrice>
      <UnitOfMeasurePrice>1.7200</UnitOfMeasurePrice>
      <AllowDiscount>1</AllowDiscount>
      <ItemStatus>1</ItemStatus>
      <ItemId>223897</ItemId>
    </Item>
    <Item>
      <PriceUpdateDate>2015-01-01 00:00:00</PriceUpdateDate>
      <ItemCode>5427565</ItemCode>
      <ItemType>0</ItemType>
      <ItemName>שמפו כיף טרנס 750 מ"</ItemName>
      <ManufacturerName>קוסמופארם</ManufacturerName>
      <ManufactureCountry>לא ידוע</ManufactureCountry>
      <ManufacturerItemDescription>שמפו כיף טרנס 750 מ"ל</ManufacturerItemDescription>
      <UnitQty>מיליליטרים</UnitQty>
      <Quantity>750.00</Quantity>
      <UnitOfMeasure>100 מ"ל</UnitOfMeasure>
      <bIsWeighted>0</bIsWeighted>
      <QtyInPackage>1</QtyInPackage>
      <ItemPrice>7.90</ItemPrice>
      <UnitOfMeasurePrice>1.0533</UnitOfMeasurePrice>
      <AllowDiscount>1</AllowDiscount>
      <ItemStatus>1</ItemStatus>
      <ItemId>223898</ItemId>
    </Item>
    <Item>
      <PriceUpdateDate>2015-01-01 00:00:00</PriceUpdateDate>
      <ItemCode>5427572</ItemCode>
      <ItemType>0</ItemType>
      <ItemName>שמפו כיף לשיער יבש</ItemName>
      <ManufacturerName>קוסמופארם</ManufacturerName>
      <ManufactureCountry>לא ידוע</ManufactureCountry>
      <ManufacturerItemDescription>שמפו כיף לשיער יבש 750 מ"ל</ManufacturerItemDescription>
      <UnitQty>מיליליטרים</UnitQty>
      <Quantity>750.00</Quantity>
      <UnitOfMeasure>100 מ"ל</UnitOfMeasure>
      <bIsWeighted>0</bIsWeighted>
      <QtyInPackage>1</QtyInPackage>
      <ItemPrice>7.90</ItemPrice>
      <UnitOfMeasurePrice>1.0533</UnitOfMeasurePrice>
      <AllowDiscount>1</AllowDiscount>
      <ItemStatus>1</ItemStatus>
      <ItemId>223899</ItemId>
    </Item>
    <Item>
      <PriceUpdateDate>2015-01-01 00:00:00</PriceUpdateDate>
      <ItemCode>5427589</ItemCode>
      <ItemType>0</ItemType>
      <ItemName>שמפו כיף לשיער שמן</ItemName>
      <ManufacturerName>,</ManufacturerName>
      <ManufactureCountry>לא ידוע</ManufactureCountry>
      <ManufacturerItemDescription>שמפו כיף לשיער שמן 750 מ"ל</ManufacturerItemDescription>
      <UnitQty>מיליליטרים</UnitQty>
      <Quantity>750.00</Quantity>
      <UnitOfMeasure>100 מ"ל</UnitOfMeasure>
      <bIsWeighted>0</bIsWeighted>
      <QtyInPackage>1</QtyInPackage>
      <ItemPrice>7.90</ItemPrice>
      <UnitOfMeasurePrice>1.0533</UnitOfMeasurePrice>
      <AllowDiscount>1</AllowDiscount>
      <ItemStatus>1</ItemStatus>
      <ItemId>223900</ItemId>
    </Item>
    <Item>
      <PriceUpdateDate>2015-01-01 00:00:00</PriceUpdateDate>
      <ItemCode>5427596</ItemCode>
      <ItemType>0</ItemType>
      <ItemName>שמפו כיף לקשקשים 750</ItemName>
      <ManufacturerName>,</ManufacturerName>
      <ManufactureCountry>לא ידוע</ManufactureCountry>
      <ManufacturerItemDescription>שמפו כיף לקשקשים 750</ManufacturerItemDescription>
      <UnitQty>מיליליטרים</UnitQty>
      <Quantity>750.00</Quantity>
      <UnitOfMeasure>100 מ"ל</UnitOfMeasure>
      <bIsWeighted>0</bIsWeighted>
      <QtyInPackage>1</QtyInPackage>
      <ItemPrice>7.90</ItemPrice>
      <UnitOfMeasurePrice>1.0533</UnitOfMeasurePrice>
      <AllowDiscount>1</AllowDiscount>
      <ItemStatus>1</ItemStatus>
      <ItemId>223901</ItemId>
    </Item>
    <Item>
      <PriceUpdateDate>2015-01-01 00:00:00</PriceUpdateDate>
      <ItemCode>5427602</ItemCode>
      <ItemType>0</ItemType>
      <ItemName>שמפו כיף + מרכך 750</ItemName>
      <ManufacturerName>קוסמופארם</ManufacturerName>
      <ManufactureCountry>לא ידוע</ManufactureCountry>
      <ManufacturerItemDescription>שמפו כיף + מרכך 750</ManufacturerItemDescription>
      <UnitQty>מיליליטרים</UnitQty>
      <Quantity>750.00</Quantity>
      <UnitOfMeasure>100 מ"ל</UnitOfMeasure>
      <bIsWeighted>0</bIsWeighted>
      <QtyInPackage>1</QtyInPackage>
      <ItemPrice>7.90</ItemPrice>
      <UnitOfMeasurePrice>1.0533</UnitOfMeasurePrice>
      <AllowDiscount>1</AllowDiscount>
      <ItemStatus>1</ItemStatus>
      <ItemId>223902</ItemId>
    </Item>
    <Item>
      <PriceUpdateDate>2015-01-01 00:00:00</PriceUpdateDate>
      <ItemCode>5427633</ItemCode>
      <ItemType>0</ItemType>
      <ItemName>גל כיף אקסטרים כחול</ItemName>
      <ManufacturerName>קוסמופארם</ManufacturerName>
      <ManufactureCountry>לא ידוע</ManufactureCountry>
      <ManufacturerItemDescription>גל כיף אקסטרים כחול</ManufacturerItemDescription>
      <UnitQty>קילוגרמים</UnitQty>
      <Quantity>1.00</Quantity>
      <UnitOfMeasure>ק"ג     </UnitOfMeasure>
      <bIsWeighted>0</bIsWeighted>
      <QtyInPackage>1</QtyInPackage>
      <ItemPrice>19.90</ItemPrice>
      <UnitOfMeasurePrice>19.9000</UnitOfMeasurePrice>
      <AllowDiscount>1</AllowDiscount>
      <ItemStatus>1</ItemStatus>
      <ItemId>223905</ItemId>
    </Item>
    <Item>
      <PriceUpdateDate>2015-01-01 00:00:00</PriceUpdateDate>
      <ItemCode>5427770</ItemCode>
      <ItemType>0</ItemType>
      <ItemName>קרם לחות קרמה לשיער</ItemName>
      <ManufacturerName>קוסמופארם</ManufacturerName>
      <ManufactureCountry>לא ידוע</ManufactureCountry>
      <ManufacturerItemDescription>קרם לחות קרמה לשיער 400 מ"ל</ManufacturerItemDescription>
      <UnitQty>מיליליטרים</UnitQty>
      <Quantity>400.00</Quantity>
      <UnitOfMeasure>100 מ"ל</UnitOfMeasure>
      <bIsWeighted>0</bIsWeighted>
      <QtyInPackage>1</QtyInPackage>
      <ItemPrice>18.90</ItemPrice>
      <UnitOfMeasurePrice>4.7250</UnitOfMeasurePrice>
      <AllowDiscount>1</AllowDiscount>
      <ItemStatus>1</ItemStatus>
      <ItemId>223910</ItemId>
    </Item>
    <Item>
      <PriceUpdateDate>2015-01-01 00:00:00</PriceUpdateDate>
      <ItemCode>5427848</ItemCode>
      <ItemType>0</ItemType>
      <ItemName>סנו סושי 30 מטר בגלי</ItemName>
      <ManufacturerName>זינרגד</ManufacturerName>
      <ManufactureCountry>לא ידוע</ManufactureCountry>
      <ManufacturerItemDescription>סנו סושי 30 מטר בגליל</ManufacturerItemDescription>
      <UnitQty>Unknown </UnitQty>
      <Quantity>0.00</Quantity>
      <UnitOfMeasure>Unknown </UnitOfMeasure>
      <bIsWeighted>0</bIsWeighted>
      <QtyInPackage>1</QtyInPackage>
      <ItemPrice>18.90</ItemPrice>
      <UnitOfMeasurePrice>0.0000</UnitOfMeasurePrice>
      <AllowDiscount>1</AllowDiscount>
      <ItemStatus>1</ItemStatus>
      <ItemId>223912</ItemId>
    </Item>
    <Item>
      <PriceUpdateDate>2015-01-01 00:00:00</PriceUpdateDate>
      <ItemCode>5427961</ItemCode>
      <ItemType>0</ItemType>
      <ItemName>קרם לחות קרמה פסיפלו</ItemName>
      <ManufacturerName>קוסמופארם</ManufacturerName>
      <ManufactureCountry>לא ידוע</ManufactureCountry>
      <ManufacturerItemDescription>קרם לחות קרמה פסיפלורה 400 מ"ל</ManufacturerItemDescription>
      <UnitQty>מיליליטרים</UnitQty>
      <Quantity>400.00</Quantity>
      <UnitOfMeasure>100 מ"ל</UnitOfMeasure>
      <bIsWeighted>0</bIsWeighted>
      <QtyInPackage>1</QtyInPackage>
      <ItemPrice>18.90</ItemPrice>
      <UnitOfMeasurePrice>4.7250</UnitOfMeasurePrice>
      <AllowDiscount>1</AllowDiscount>
      <ItemStatus>1</ItemStatus>
      <ItemId>223914</ItemId>
    </Item>
    <Item>
      <PriceUpdateDate>2015-01-01 00:00:00</PriceUpdateDate>
      <ItemCode>5427978</ItemCode>
      <ItemType>0</ItemType>
      <ItemName>קרמה תחליב רחצה לפני</ItemName>
      <ManufacturerName>קוסמופארם</ManufacturerName>
      <ManufactureCountry>לא ידוע</ManufactureCountry>
      <ManufacturerItemDescription>קרמה תחליב רחצה לפני</ManufacturerItemDescription>
      <UnitQty>מיליליטרים</UnitQty>
      <Quantity>180.00</Quantity>
      <UnitOfMeasure>100 מ"ל</UnitOfMeasure>
      <bIsWeighted>0</bIsWeighted>
      <QtyInPackage>1</QtyInPackage>
      <ItemPrice>9.90</ItemPrice>
      <UnitOfMeasurePrice>5.5000</UnitOfMeasurePrice>
      <AllowDiscount>1</AllowDiscount>
      <ItemStatus>1</ItemStatus>
      <ItemId>223915</ItemId>
    </Item>
    <Item>
      <PriceUpdateDate>2015-01-01 00:00:00</PriceUpdateDate>
      <ItemCode>5428852</ItemCode>
      <ItemType>0</ItemType>
      <ItemName>טישו צבעוני סנו סופט</ItemName>
      <ManufacturerName>ישרפייפר</ManufacturerName>
      <ManufactureCountry>לא ידוע</ManufactureCountry>
      <ManufacturerItemDescription>טישו צבעוני סנו סופט 5 יח</ManufacturerItemDescription>
      <UnitQty>גרמים</UnitQty>
      <Quantity>650.00</Quantity>
      <UnitOfMeasure>100 גרם</UnitOfMeasure>
      <bIsWeighted>0</bIsWeighted>
      <QtyInPackage>1</QtyInPackage>
      <ItemPrice>12.90</ItemPrice>
      <UnitOfMeasurePrice>1.9846</UnitOfMeasurePrice>
      <AllowDiscount>1</AllowDiscount>
      <ItemStatus>1</ItemStatus>
      <ItemId>223926</ItemId>
    </Item>
    <Item>
      <PriceUpdateDate>2015-01-01 00:00:00</PriceUpdateDate>
      <ItemCode>5428982</ItemCode>
      <ItemType>0</ItemType>
      <ItemName>קרם גוף בייבי כיף 50</ItemName>
      <ManufacturerName>קוסמופארם</ManufacturerName>
      <ManufactureCountry>לא ידוע</ManufactureCountry>
      <ManufacturerItemDescription>קרם גוף בייבי כיף 500 מ"ל</ManufacturerItemDescription>
      <UnitQty>מיליליטרים</UnitQty>
      <Quantity>500.00</Quantity>
      <UnitOfMeasure>100 מ"ל</UnitOfMeasure>
      <bIsWeighted>0</bIsWeighted>
      <QtyInPackage>1</QtyInPackage>
      <ItemPrice>18.90</ItemPrice>
      <UnitOfMeasurePrice>3.7800</UnitOfMeasurePrice>
      <AllowDiscount>1</AllowDiscount>
      <ItemStatus>1</ItemStatus>
      <ItemId>223928</ItemId>
    </Item>
    <Item>
      <PriceUpdateDate>2015-01-01 00:00:00</PriceUpdateDate>
      <ItemCode>5428999</ItemCode>
      <ItemType>0</ItemType>
      <ItemName>שמן לתינוק בייבי כיף</ItemName>
      <ManufacturerName>קוסמופארם</ManufacturerName>
      <ManufactureCountry>לא ידוע</ManufactureCountry>
      <ManufacturerItemDescription>שמן לתינוק בייבי כיף 500 מ"ל</ManufacturerItemDescription>
      <UnitQty>מיליליטרים</UnitQty>
      <Quantity>500.00</Quantity>
      <UnitOfMeasure>100 מ"ל</UnitOfMeasure>
      <bIsWeighted>0</bIsWeighted>
      <QtyInPackage>1</QtyInPackage>
      <ItemPrice>16.90</ItemPrice>
      <UnitOfMeasurePrice>3.3800</UnitOfMeasurePrice>
      <AllowDiscount>1</AllowDiscount>
      <ItemStatus>1</ItemStatus>
      <ItemId>223929</ItemId>
    </Item>
    <Item>
      <PriceUpdateDate>2015-01-01 00:00:00</PriceUpdateDate>
      <ItemCode>5429279</ItemCode>
      <ItemType>0</ItemType>
      <ItemName>אבקת כביסה מקסימה קו</ItemName>
      <ManufacturerName>סנו</ManufacturerName>
      <ManufactureCountry>לא ידוע</ManufactureCountry>
      <ManufacturerItemDescription>א.כביסה מקסימה קומפקט גאוול 6 ק"ג</ManufacturerItemDescription>
      <UnitQty>קילוגרמים</UnitQty>
      <Quantity>6.00</Quantity>
      <UnitOfMeasure>ק"ג     </UnitOfMeasure>
      <bIsWeighted>0</bIsWeighted>
      <QtyInPackage>1</QtyInPackage>
      <ItemPrice>36.90</ItemPrice>
      <UnitOfMeasurePrice>6.1500</UnitOfMeasurePrice>
      <AllowDiscount>1</AllowDiscount>
      <ItemStatus>1</ItemStatus>
      <ItemId>223932</ItemId>
    </Item>
    <Item>
      <PriceUpdateDate>2015-01-01 00:00:00</PriceUpdateDate>
      <ItemCode>5429286</ItemCode>
      <ItemType>0</ItemType>
      <ItemName>אבקת כביסה מקסימה קו</ItemName>
      <ManufacturerName>סנו</ManufacturerName>
      <ManufactureCountry>לא ידוע</ManufactureCountry>
      <ManufacturerItemDescription>א.כביסה מקסימה קומפקט ביו 6 ק"ג</ManufacturerItemDescription>
      <UnitQty>קילוגרמים</UnitQty>
      <Quantity>6.00</Quantity>
      <UnitOfMeasure>ק"ג     </UnitOfMeasure>
      <bIsWeighted>0</bIsWeighted>
      <QtyInPackage>1</QtyInPackage>
      <ItemPrice>36.90</ItemPrice>
      <UnitOfMeasurePrice>6.1500</UnitOfMeasurePrice>
      <AllowDiscount>1</AllowDiscount>
      <ItemStatus>1</ItemStatus>
      <ItemId>223933</ItemId>
    </Item>
    <Item>
      <PriceUpdateDate>2015-01-01 00:00:00</PriceUpdateDate>
      <ItemCode>5430602</ItemCode>
      <ItemType>0</ItemType>
      <ItemName>אוקסיגן מסיר כתמים מ</ItemName>
      <ManufacturerName>סנו</ManufacturerName>
      <ManufactureCountry>לא ידוע</ManufactureCountry>
      <ManufacturerItemDescription>אוקסיגן מסיר כתמים מרסס 750 מ"ל</ManufacturerItemDescription>
      <UnitQty>מיליליטרים</UnitQty>
      <Quantity>750.00</Quantity>
      <UnitOfMeasure>100 מ"ל</UnitOfMeasure>
      <bIsWeighted>0</bIsWeighted>
      <QtyInPackage>1</QtyInPackage>
      <ItemPrice>17.90</ItemPrice>
      <UnitOfMeasurePrice>2.3867</UnitOfMeasurePrice>
      <AllowDiscount>1</AllowDiscount>
      <ItemStatus>1</ItemStatus>
      <ItemId>223937</ItemId>
    </Item>
    <Item>
      <PriceUpdateDate>2016-06-17 10:06:15</PriceUpdateDate>
      <ItemCode>5437212</ItemCode>
      <ItemType>0</ItemType>
      <ItemName>שמן זית כתית מעולה 7</ItemName>
      <ManufacturerName>,</ManufacturerName>
      <ManufactureCountry>לא ידוע</ManufactureCountry>
      <ManufacturerItemDescription>שמן זית כתית מעולה 750 מ"ל</ManufacturerItemDescription>
      <UnitQty>מיליליטרים</UnitQty>
      <Quantity>750.00</Quantity>
      <UnitOfMeasure>100 מ"ל</UnitOfMeasure>
      <bIsWeighted>0</bIsWeighted>
      <QtyInPackage>1</QtyInPackage>
      <ItemPrice>24.90</ItemPrice>
      <UnitOfMeasurePrice>3.3200</UnitOfMeasurePrice>
      <AllowDiscount>1</AllowDiscount>
      <ItemStatus>1</ItemStatus>
      <ItemId>223952</ItemId>
    </Item>
    <Item>
      <PriceUpdateDate>2015-01-01 00:00:00</PriceUpdateDate>
      <ItemCode>5437809</ItemCode>
      <ItemType>0</ItemType>
      <ItemName>לפתן אננס חתוך 825 ג</ItemName>
      <ManufacturerName>,</ManufacturerName>
      <ManufactureCountry>לא ידוע</ManufactureCountry>
      <ManufacturerItemDescription>לפתן אננס חתוך 825 גרם</ManufacturerItemDescription>
      <UnitQty>גרמים</UnitQty>
      <Quantity>490.00</Quantity>
      <UnitOfMeasure>100 גרם</UnitOfMeasure>
      <bIsWeighted>0</bIsWeighted>
      <QtyInPackage>1</QtyInPackage>
      <ItemPrice>6.50</ItemPrice>
      <UnitOfMeasurePrice>1.3265</UnitOfMeasurePrice>
      <AllowDiscount>1</AllowDiscount>
      <ItemStatus>1</ItemStatus>
      <ItemId>223963</ItemId>
    </Item>
    <Item>
      <PriceUpdateDate>2016-05-23 14:58:48</PriceUpdateDate>
      <ItemCode>5437830</ItemCode>
      <ItemType>0</ItemType>
      <ItemName>לפתן אננס שלם 825 גר</ItemName>
      <ManufacturerName>,</ManufacturerName>
      <ManufactureCountry>לא ידוע</ManufactureCountry>
      <ManufacturerItemDescription>לפתן אננס שלם 825 גרם</ManufacturerItemDescription>
      <UnitQty>גרמים</UnitQty>
      <Quantity>825.00</Quantity>
      <UnitOfMeasure>100 גרם</UnitOfMeasure>
      <bIsWeighted>0</bIsWeighted>
      <QtyInPackage>1</QtyInPackage>
      <ItemPrice>9.90</ItemPrice>
      <UnitOfMeasurePrice>1.2000</UnitOfMeasurePrice>
      <AllowDiscount>1</AllowDiscount>
      <ItemStatus>1</ItemStatus>
      <ItemId>223965</ItemId>
    </Item>
    <Item>
      <PriceUpdateDate>2015-01-01 00:00:00</PriceUpdateDate>
      <ItemCode>5437861</ItemCode>
      <ItemType>0</ItemType>
      <ItemName>לפתן קוקטייל פירות 9</ItemName>
      <ManufacturerName>,</ManufacturerName>
      <ManufactureCountry>לא ידוע</ManufactureCountry>
      <ManufacturerItemDescription>לפתן קוקטייל פירות 900 גרם</ManufacturerItemDescription>
      <UnitQty>גרמים</UnitQty>
      <Quantity>900.00</Quantity>
      <UnitOfMeasure>100 גרם</UnitOfMeasure>
      <bIsWeighted>0</bIsWeighted>
      <QtyInPackage>1</QtyInPackage>
      <ItemPrice>8.90</ItemPrice>
      <UnitOfMeasurePrice>0.9889</UnitOfMeasurePrice>
      <AllowDiscount>1</AllowDiscount>
      <ItemStatus>1</ItemStatus>
      <ItemId>223967</ItemId>
    </Item>
    <Item>
      <PriceUpdateDate>2015-01-01 00:00:00</PriceUpdateDate>
      <ItemCode>5437939</ItemCode>
      <ItemType>0</ItemType>
      <ItemName>ספגטיני מס 3 500 גרם</ItemName>
      <ManufacturerName>,</ManufacturerName>
      <ManufactureCountry>לא ידוע</ManufactureCountry>
      <ManufacturerItemDescription>ספגטיני מס 3 500 גרם</ManufacturerItemDescription>
      <UnitQty>גרמים</UnitQty>
      <Quantity>500.00</Quantity>
      <UnitOfMeasure>100 גרם</UnitOfMeasure>
      <bIsWeighted>0</bIsWeighted>
      <QtyInPackage>1</QtyInPackage>
      <ItemPrice>1.90</ItemPrice>
      <UnitOfMeasurePrice>0.3800</UnitOfMeasurePrice>
      <AllowDiscount>1</AllowDiscount>
      <ItemStatus>1</ItemStatus>
      <ItemId>223968</ItemId>
    </Item>
    <Item>
      <PriceUpdateDate>2015-01-01 00:00:00</PriceUpdateDate>
      <ItemCode>5437946</ItemCode>
      <ItemType>0</ItemType>
      <ItemName>ספגטי מס 5 500 גרם</ItemName>
      <ManufacturerName>,</ManufacturerName>
      <ManufactureCountry>לא ידוע</ManufactureCountry>
      <ManufacturerItemDescription>ספגטי מס 5 500 גרם</ManufacturerItemDescription>
      <UnitQty>גרמים</UnitQty>
      <Quantity>500.00</Quantity>
      <UnitOfMeasure>100 גרם</UnitOfMeasure>
      <bIsWeighted>0</bIsWeighted>
      <QtyInPackage>1</QtyInPackage>
      <ItemPrice>3.50</ItemPrice>
      <UnitOfMeasurePrice>0.7000</UnitOfMeasurePrice>
      <AllowDiscount>1</AllowDiscount>
      <ItemStatus>1</ItemStatus>
      <ItemId>223969</ItemId>
    </Item>
    <Item>
      <PriceUpdateDate>2016-06-21 13:05:33</PriceUpdateDate>
      <ItemCode>7290109351780</ItemCode>
      <ItemType>1</ItemType>
      <ItemName>פתיתים אפויים אורז 1</ItemName>
      <ManufacturerName>אסם</ManufacturerName>
      <ManufactureCountry>ישראל</ManufactureCountry>
      <ManufacturerItemDescription>פתיתים אפויים אורז 1.2 ק"ג</ManufacturerItemDescription>
      <UnitQty>קילוגרמים</UnitQty>
      <Quantity>1.20</Quantity>
      <UnitOfMeasure>ק"ג     </UnitOfMeasure>
      <bIsWeighted>0</bIsWeighted>
      <QtyInPackage>1</QtyInPackage>
      <ItemPrice>10.90</ItemPrice>
      <UnitOfMeasurePrice>9.0833</UnitOfMeasurePrice>
      <AllowDiscount>1</AllowDiscount>
      <ItemStatus>1</ItemStatus>
      <ItemId>268550</ItemId>
    </Item>
    <Item>
      <PriceUpdateDate>2016-02-24 13:58:58</PriceUpdateDate>
      <ItemCode>551678</ItemCode>
      <ItemType>0</ItemType>
      <ItemName>בשר מס 8 חלק צרכני</ItemName>
      <ManufacturerName>קונספסיון פניסקור</ManufacturerName>
      <ManufactureCountry>לא ידוע</ManufactureCountry>
      <ManufacturerItemDescription>בשר מס 8 חלק צרכני</ManufacturerItemDescription>
      <UnitQty>קילוגרמים</UnitQty>
      <Quantity>1.00</Quantity>
      <UnitOfMeasure>ק"ג</UnitOfMeasure>
      <bIsWeighted>1</bIsWeighted>
      <QtyInPackage>לא ידוע</QtyInPackage>
      <ItemPrice>29.90</ItemPrice>
      <UnitOfMeasurePrice>29.9000</UnitOfMeasurePrice>
      <AllowDiscount>1</AllowDiscount>
      <ItemStatus>1</ItemStatus>
      <ItemId>223979</ItemId>
    </Item>
    <Item>
      <PriceUpdateDate>2015-01-01 00:00:00</PriceUpdateDate>
      <ItemCode>554402</ItemCode>
      <ItemType>0</ItemType>
      <ItemName>מלבי 160 גרם</ItemName>
      <ManufacturerName>מחלבות גד</ManufacturerName>
      <ManufactureCountry>לא ידוע</ManufactureCountry>
      <ManufacturerItemDescription>מלבי 160 גרם</ManufacturerItemDescription>
      <UnitQty>מיליליטרים</UnitQty>
      <Quantity>160.00</Quantity>
      <UnitOfMeasure>100 מ"ל</UnitOfMeasure>
      <bIsWeighted>0</bIsWeighted>
      <QtyInPackage>1</QtyInPackage>
      <ItemPrice>5.40</ItemPrice>
      <UnitOfMeasurePrice>3.3750</UnitOfMeasurePrice>
      <AllowDiscount>1</AllowDiscount>
      <ItemStatus>1</ItemStatus>
      <ItemId>223982</ItemId>
    </Item>
    <Item>
      <PriceUpdateDate>2015-01-01 00:00:00</PriceUpdateDate>
      <ItemCode>554471</ItemCode>
      <ItemType>0</ItemType>
      <ItemName>גבינת מוצרלה טבעי</ItemName>
      <ManufacturerName>מחלבות גד</ManufacturerName>
      <ManufactureCountry>ישראל</ManufactureCountry>
      <ManufacturerItemDescription>גבינת מוצרלה טבעי 180 גרם</ManufacturerItemDescription>
      <UnitQty>גרמים</UnitQty>
      <Quantity>180.00</Quantity>
      <UnitOfMeasure>100 גרם</UnitOfMeasure>
      <bIsWeighted>0</bIsWeighted>
      <QtyInPackage>1</QtyInPackage>
      <ItemPrice>12.90</ItemPrice>
      <UnitOfMeasurePrice>7.1667</UnitOfMeasurePrice>
      <AllowDiscount>1</AllowDiscount>
      <ItemStatus>1</ItemStatus>
      <ItemId>223984</ItemId>
    </Item>
    <Item>
      <PriceUpdateDate>2015-01-01 00:00:00</PriceUpdateDate>
      <ItemCode>554600</ItemCode>
      <ItemType>0</ItemType>
      <ItemName>גבינה מוצרלה מגורדת</ItemName>
      <ManufacturerName>מחלבות גד</ManufacturerName>
      <ManufactureCountry>ישראל</ManufactureCountry>
      <ManufacturerItemDescription>גבינה מוצרלה מגורדת 300 גרם</ManufacturerItemDescription>
      <UnitQty>גרמים</UnitQty>
      <Quantity>300.00</Quantity>
      <UnitOfMeasure>100 גרם</UnitOfMeasure>
      <bIsWeighted>0</bIsWeighted>
      <QtyInPackage>1</QtyInPackage>
      <ItemPrice>23.90</ItemPrice>
      <UnitOfMeasurePrice>7.9667</UnitOfMeasurePrice>
      <AllowDiscount>1</AllowDiscount>
      <ItemStatus>1</ItemStatus>
      <ItemId>223985</ItemId>
    </Item>
    <Item>
      <PriceUpdateDate>2015-01-01 00:00:00</PriceUpdateDate>
      <ItemCode>55565</ItemCode>
      <ItemType>0</ItemType>
      <ItemName>מאגדת שלגונים מצופים</ItemName>
      <ManufacturerName>גלידות נסטלה</ManufacturerName>
      <ManufactureCountry>ישראל</ManufactureCountry>
      <ManufacturerItemDescription>מאגדת שלגונים מצופים 10 יח</ManufacturerItemDescription>
      <UnitQty>גרמים</UnitQty>
      <Quantity>600.00</Quantity>
      <UnitOfMeasure>100 גרם</UnitOfMeasure>
      <bIsWeighted>0</bIsWeighted>
      <QtyInPackage>10</QtyInPackage>
      <ItemPrice>19.90</ItemPrice>
      <UnitOfMeasurePrice>3.3167</UnitOfMeasurePrice>
      <AllowDiscount>1</AllowDiscount>
      <ItemStatus>1</ItemStatus>
      <ItemId>223991</ItemId>
    </Item>
    <Item>
      <PriceUpdateDate>2015-01-01 00:00:00</PriceUpdateDate>
      <ItemCode>5559990</ItemCode>
      <ItemType>0</ItemType>
      <ItemName>בצק פילאס תורכי 600</ItemName>
      <ManufacturerName>מעדנות</ManufacturerName>
      <ManufactureCountry>לא ידוע</ManufactureCountry>
      <ManufacturerItemDescription>בצק פילאס תורכי 600 גרם</ManufacturerItemDescription>
      <UnitQty>גרמים</UnitQty>
      <Quantity>600.00</Quantity>
      <UnitOfMeasure>100 גרם</UnitOfMeasure>
      <bIsWeighted>0</bIsWeighted>
      <QtyInPackage>1</QtyInPackage>
      <ItemPrice>21.90</ItemPrice>
      <UnitOfMeasurePrice>3.6500</UnitOfMeasurePrice>
      <AllowDiscount>1</AllowDiscount>
      <ItemStatus>1</ItemStatus>
      <ItemId>223993</ItemId>
    </Item>
    <Item>
      <PriceUpdateDate>2015-01-01 00:00:00</PriceUpdateDate>
      <ItemCode>5564253</ItemCode>
      <ItemType>0</ItemType>
      <ItemName>ספרינג אגס סברס תפוח</ItemName>
      <ManufacturerName>יפאורה תבורי</ManufacturerName>
      <ManufactureCountry>ישראל</ManufactureCountry>
      <ManufacturerItemDescription>ספרינג אגס סברס תפוח 1.5 ליטר</ManufacturerItemDescription>
      <UnitQty>ליטרים</UnitQty>
      <Quantity>1.50</Quantity>
      <UnitOfMeasure>ליטר    </UnitOfMeasure>
      <bIsWeighted>0</bIsWeighted>
      <QtyInPackage>1</QtyInPackage>
      <ItemPrice>5.90</ItemPrice>
      <UnitOfMeasurePrice>3.9333</UnitOfMeasurePrice>
      <AllowDiscount>1</AllowDiscount>
      <ItemStatus>1</ItemStatus>
      <ItemId>223994</ItemId>
    </Item>
    <Item>
      <PriceUpdateDate>2016-06-21 13:05:33</PriceUpdateDate>
      <ItemCode>7290109351865</ItemCode>
      <ItemType>1</ItemType>
      <ItemName>אטריות דקיקות1 ק"ג</ItemName>
      <ManufacturerName>זארה</ManufacturerName>
      <ManufactureCountry>ישראל</ManufactureCountry>
      <ManufacturerItemDescription>אטריות דקיקות1 ק"ג</ManufacturerItemDescription>
      <UnitQty>קילוגרמים</UnitQty>
      <Quantity>1.00</Quantity>
      <UnitOfMeasure>ק"ג     </UnitOfMeasure>
      <bIsWeighted>0</bIsWeighted>
      <QtyInPackage>1</QtyInPackage>
      <ItemPrice>10.90</ItemPrice>
      <UnitOfMeasurePrice>10.9000</UnitOfMeasurePrice>
      <AllowDiscount>1</AllowDiscount>
      <ItemStatus>1</ItemStatus>
      <ItemId>268551</ItemId>
    </Item>
    <Item>
      <PriceUpdateDate>2015-01-01 00:00:00</PriceUpdateDate>
      <ItemCode>5564680</ItemCode>
      <ItemType>0</ItemType>
      <ItemName>תפוזינה לימונדה 1.5</ItemName>
      <ManufacturerName>יפאורה תבורי</ManufacturerName>
      <ManufactureCountry>לא ידוע</ManufactureCountry>
      <ManufacturerItemDescription>תפוזינה לימונדה 1.5 ליטר</ManufacturerItemDescription>
      <UnitQty>ליטרים</UnitQty>
      <Quantity>1.50</Quantity>
      <UnitOfMeasure>ליטר    </UnitOfMeasure>
      <bIsWeighted>0</bIsWeighted>
      <QtyInPackage>1</QtyInPackage>
      <ItemPrice>5.90</ItemPrice>
      <UnitOfMeasurePrice>3.9333</UnitOfMeasurePrice>
      <AllowDiscount>1</AllowDiscount>
      <ItemStatus>1</ItemStatus>
      <ItemId>223995</ItemId>
    </Item>
    <Item>
      <PriceUpdateDate>2015-01-01 00:00:00</PriceUpdateDate>
      <ItemCode>5564970</ItemCode>
      <ItemType>0</ItemType>
      <ItemName>קריסטל תפוע מוגז 2 ל</ItemName>
      <ManufacturerName>יפאורה תבורי</ManufacturerName>
      <ManufactureCountry>ישראל</ManufactureCountry>
      <ManufacturerItemDescription>קריסטל תפוע מוגז 2 ליטר</ManufacturerItemDescription>
      <UnitQty>ליטרים</UnitQty>
      <Quantity>2.00</Quantity>
      <UnitOfMeasure>ליטר    </UnitOfMeasure>
      <bIsWeighted>0</bIsWeighted>
      <QtyInPackage>1</QtyInPackage>
      <ItemPrice>3.30</ItemPrice>
      <UnitOfMeasurePrice>1.6500</UnitOfMeasurePrice>
      <AllowDiscount>1</AllowDiscount>
      <ItemStatus>1</ItemStatus>
      <ItemId>223996</ItemId>
    </Item>
    <Item>
      <PriceUpdateDate>2016-02-11 10:33:54</PriceUpdateDate>
      <ItemCode>5576010</ItemCode>
      <ItemType>0</ItemType>
      <ItemName>חסה ערבית גלאט</ItemName>
      <ManufacturerName>,</ManufacturerName>
      <ManufactureCountry>לא ידוע</ManufactureCountry>
      <ManufacturerItemDescription>חסה ערבית גלאט</ManufacturerItemDescription>
      <UnitQty>Unknown </UnitQty>
      <Quantity>0.00</Quantity>
      <UnitOfMeasure>Unknown </UnitOfMeasure>
      <bIsWeighted>0</bIsWeighted>
      <QtyInPackage>1</QtyInPackage>
      <ItemPrice>6.90</ItemPrice>
      <UnitOfMeasurePrice>0.0000</UnitOfMeasurePrice>
      <AllowDiscount>1</AllowDiscount>
      <ItemStatus>1</ItemStatus>
      <ItemId>223997</ItemId>
    </Item>
    <Item>
      <PriceUpdateDate>2016-02-11 10:33:54</PriceUpdateDate>
      <ItemCode>5576027</ItemCode>
      <ItemType>0</ItemType>
      <ItemName>פטרוזיליה מהדרין</ItemName>
      <ManufacturerName>,</ManufacturerName>
      <ManufactureCountry>לא ידוע</ManufactureCountry>
      <ManufacturerItemDescription>פטרוזיליה מהדרין</ManufacturerItemDescription>
      <UnitQty>Unknown </UnitQty>
      <Quantity>0.00</Quantity>
      <UnitOfMeasure>Unknown </UnitOfMeasure>
      <bIsWeighted>0</bIsWeighted>
      <QtyInPackage>1</QtyInPackage>
      <ItemPrice>5.90</ItemPrice>
      <UnitOfMeasurePrice>0.0000</UnitOfMeasurePrice>
      <AllowDiscount>1</AllowDiscount>
      <ItemStatus>1</ItemStatus>
      <ItemId>223998</ItemId>
    </Item>
    <Item>
      <PriceUpdateDate>2016-02-11 10:33:55</PriceUpdateDate>
      <ItemCode>5576034</ItemCode>
      <ItemType>0</ItemType>
      <ItemName>כוסברה מהדרין</ItemName>
      <ManufacturerName>,</ManufacturerName>
      <ManufactureCountry>לא ידוע</ManufactureCountry>
      <ManufacturerItemDescription>כוסברה מהדרין</ManufacturerItemDescription>
      <UnitQty>Unknown </UnitQty>
      <Quantity>0.00</Quantity>
      <UnitOfMeasure>Unknown </UnitOfMeasure>
      <bIsWeighted>0</bIsWeighted>
      <QtyInPackage>1</QtyInPackage>
      <ItemPrice>5.90</ItemPrice>
      <UnitOfMeasurePrice>0.0000</UnitOfMeasurePrice>
      <AllowDiscount>1</AllowDiscount>
      <ItemStatus>1</ItemStatus>
      <ItemId>223999</ItemId>
    </Item>
    <Item>
      <PriceUpdateDate>2016-02-11 10:33:55</PriceUpdateDate>
      <ItemCode>5576041</ItemCode>
      <ItemType>0</ItemType>
      <ItemName>שמיר מהדרין</ItemName>
      <ManufacturerName>,</ManufacturerName>
      <ManufactureCountry>לא ידוע</ManufactureCountry>
      <ManufacturerItemDescription>שמיר מהדרין</ManufacturerItemDescription>
      <UnitQty>Unknown </UnitQty>
      <Quantity>0.00</Quantity>
      <UnitOfMeasure>Unknown </UnitOfMeasure>
      <bIsWeighted>0</bIsWeighted>
      <QtyInPackage>1</QtyInPackage>
      <ItemPrice>5.90</ItemPrice>
      <UnitOfMeasurePrice>0.0000</UnitOfMeasurePrice>
      <AllowDiscount>1</AllowDiscount>
      <ItemStatus>1</ItemStatus>
      <ItemId>224000</ItemId>
    </Item>
    <Item>
      <PriceUpdateDate>2016-02-11 10:33:56</PriceUpdateDate>
      <ItemCode>5576058</ItemCode>
      <ItemType>0</ItemType>
      <ItemName>נענע מהדרין</ItemName>
      <ManufacturerName>,</ManufacturerName>
      <ManufactureCountry>לא ידוע</ManufactureCountry>
      <ManufacturerItemDescription>נענע מהדרין</ManufacturerItemDescription>
      <UnitQty>Unknown </UnitQty>
      <Quantity>0.00</Quantity>
      <UnitOfMeasure>Unknown </UnitOfMeasure>
      <bIsWeighted>0</bIsWeighted>
      <QtyInPackage>1</QtyInPackage>
      <ItemPrice>5.90</ItemPrice>
      <UnitOfMeasurePrice>0.0000</UnitOfMeasurePrice>
      <AllowDiscount>1</AllowDiscount>
      <ItemStatus>1</ItemStatus>
      <ItemId>224001</ItemId>
    </Item>
    <Item>
      <PriceUpdateDate>2016-02-11 10:33:57</PriceUpdateDate>
      <ItemCode>5576065</ItemCode>
      <ItemType>0</ItemType>
      <ItemName>סלרי מהדרין</ItemName>
      <ManufacturerName>,</ManufacturerName>
      <ManufactureCountry>לא ידוע</ManufactureCountry>
      <ManufacturerItemDescription>סלרי מהדרין</ManufacturerItemDescription>
      <UnitQty>Unknown </UnitQty>
      <Quantity>0.00</Quantity>
      <UnitOfMeasure>Unknown </UnitOfMeasure>
      <bIsWeighted>0</bIsWeighted>
      <QtyInPackage>1</QtyInPackage>
      <ItemPrice>6.90</ItemPrice>
      <UnitOfMeasurePrice>0.0000</UnitOfMeasurePrice>
      <AllowDiscount>1</AllowDiscount>
      <ItemStatus>1</ItemStatus>
      <ItemId>224002</ItemId>
    </Item>
    <Item>
      <PriceUpdateDate>2016-02-11 10:33:58</PriceUpdateDate>
      <ItemCode>5576072</ItemCode>
      <ItemType>0</ItemType>
      <ItemName>עלי סלק מהדרין</ItemName>
      <ManufacturerName>,</ManufacturerName>
      <ManufactureCountry>לא ידוע</ManufactureCountry>
      <ManufacturerItemDescription>עלי סלק מהדרין</ManufacturerItemDescription>
      <UnitQty>Unknown </UnitQty>
      <Quantity>0.00</Quantity>
      <UnitOfMeasure>Unknown </UnitOfMeasure>
      <bIsWeighted>0</bIsWeighted>
      <QtyInPackage>1</QtyInPackage>
      <ItemPrice>6.90</ItemPrice>
      <UnitOfMeasurePrice>0.0000</UnitOfMeasurePrice>
      <AllowDiscount>1</AllowDiscount>
      <ItemStatus>1</ItemStatus>
      <ItemId>224003</ItemId>
    </Item>
    <Item>
      <PriceUpdateDate>2016-02-11 10:33:58</PriceUpdateDate>
      <ItemCode>5576089</ItemCode>
      <ItemType>0</ItemType>
      <ItemName>בצל ירוק גלאט</ItemName>
      <ManufacturerName>,</ManufacturerName>
      <ManufactureCountry>לא ידוע</ManufactureCountry>
      <ManufacturerItemDescription>בצל ירוק גלאט</ManufacturerItemDescription>
      <UnitQty>Unknown </UnitQty>
      <Quantity>0.00</Quantity>
      <UnitOfMeasure>Unknown </UnitOfMeasure>
      <bIsWeighted>0</bIsWeighted>
      <QtyInPackage>1</QtyInPackage>
      <ItemPrice>6.90</ItemPrice>
      <UnitOfMeasurePrice>0.0000</UnitOfMeasurePrice>
      <AllowDiscount>1</AllowDiscount>
      <ItemStatus>1</ItemStatus>
      <ItemId>224004</ItemId>
    </Item>
    <Item>
      <PriceUpdateDate>2016-05-19 08:09:27</PriceUpdateDate>
      <ItemCode>5576164</ItemCode>
      <ItemType>0</ItemType>
      <ItemName>בזיליקום מהדרין</ItemName>
      <ManufacturerName>,</ManufacturerName>
      <ManufactureCountry>לא ידוע</ManufactureCountry>
      <ManufacturerItemDescription>בזיליקום מהדרין</ManufacturerItemDescription>
      <UnitQty>Unknown </UnitQty>
      <Quantity>0.00</Quantity>
      <UnitOfMeasure>Unknown </UnitOfMeasure>
      <bIsWeighted>0</bIsWeighted>
      <QtyInPackage>1</QtyInPackage>
      <ItemPrice>9.90</ItemPrice>
      <UnitOfMeasurePrice>0.0000</UnitOfMeasurePrice>
      <AllowDiscount>1</AllowDiscount>
      <ItemStatus>1</ItemStatus>
      <ItemId>224007</ItemId>
    </Item>
    <Item>
      <PriceUpdateDate>2016-02-11 10:33:48</PriceUpdateDate>
      <ItemCode>5576201</ItemCode>
      <ItemType>0</ItemType>
      <ItemName>כרוב לבן 400 גרם</ItemName>
      <ManufacturerName>,</ManufacturerName>
      <ManufactureCountry>לא ידוע</ManufactureCountry>
      <ManufacturerItemDescription>כרוב לבן 400 גרם</ManufacturerItemDescription>
      <UnitQty>גרמים</UnitQty>
      <Quantity>400.00</Quantity>
      <UnitOfMeasure>100 גרם</UnitOfMeasure>
      <bIsWeighted>0</bIsWeighted>
      <QtyInPackage>1</QtyInPackage>
      <ItemPrice>10.90</ItemPrice>
      <UnitOfMeasurePrice>2.7250</UnitOfMeasurePrice>
      <AllowDiscount>1</AllowDiscount>
      <ItemStatus>1</ItemStatus>
      <ItemId>224008</ItemId>
    </Item>
    <Item>
      <PriceUpdateDate>2016-02-11 10:33:48</PriceUpdateDate>
      <ItemCode>5576225</ItemCode>
      <ItemType>0</ItemType>
      <ItemName>קולסלאו 400 גרם</ItemName>
      <ManufacturerName>,</ManufacturerName>
      <ManufactureCountry>לא ידוע</ManufactureCountry>
      <ManufacturerItemDescription>קולסלאו 400 גרם</ManufacturerItemDescription>
      <UnitQty>גרמים</UnitQty>
      <Quantity>300.00</Quantity>
      <UnitOfMeasure>100 גרם</UnitOfMeasure>
      <bIsWeighted>0</bIsWeighted>
      <QtyInPackage>1</QtyInPackage>
      <ItemPrice>10.90</ItemPrice>
      <UnitOfMeasurePrice>3.6333</UnitOfMeasurePrice>
      <AllowDiscount>1</AllowDiscount>
      <ItemStatus>1</ItemStatus>
      <ItemId>224010</ItemId>
    </Item>
    <Item>
      <PriceUpdateDate>2016-02-11 10:33:49</PriceUpdateDate>
      <ItemCode>5576270</ItemCode>
      <ItemType>0</ItemType>
      <ItemName>כרוב לבן 1 ק"ג</ItemName>
      <ManufacturerName>,</ManufacturerName>
      <ManufactureCountry>לא ידוע</ManufactureCountry>
      <ManufacturerItemDescription>כרוב לבן 1 ק"ג</ManufacturerItemDescription>
      <UnitQty>קילוגרמים</UnitQty>
      <Quantity>1.00</Quantity>
      <UnitOfMeasure>ק"ג     </UnitOfMeasure>
      <bIsWeighted>0</bIsWeighted>
      <QtyInPackage>1</QtyInPackage>
      <ItemPrice>15.90</ItemPrice>
      <UnitOfMeasurePrice>15.9000</UnitOfMeasurePrice>
      <AllowDiscount>1</AllowDiscount>
      <ItemStatus>1</ItemStatus>
      <ItemId>224013</ItemId>
    </Item>
    <Item>
      <PriceUpdateDate>2015-01-01 00:00:00</PriceUpdateDate>
      <ItemCode>5604133</ItemCode>
      <ItemType>0</ItemType>
      <ItemName>פריגת מנגו 1.5 ליטר</ItemName>
      <ManufacturerName>פריגת</ManufacturerName>
      <ManufactureCountry>לא ידוע</ManufactureCountry>
      <ManufacturerItemDescription>פריגת מנגו 1.5 ליטר</ManufacturerItemDescription>
      <UnitQty>ליטרים</UnitQty>
      <Quantity>1.50</Quantity>
      <UnitOfMeasure>ליטר    </UnitOfMeasure>
      <bIsWeighted>0</bIsWeighted>
      <QtyInPackage>1</QtyInPackage>
      <ItemPrice>5.90</ItemPrice>
      <UnitOfMeasurePrice>3.9333</UnitOfMeasurePrice>
      <AllowDiscount>1</AllowDiscount>
      <ItemStatus>1</ItemStatus>
      <ItemId>224021</ItemId>
    </Item>
    <Item>
      <PriceUpdateDate>2015-01-01 00:00:00</PriceUpdateDate>
      <ItemCode>5605901</ItemCode>
      <ItemType>0</ItemType>
      <ItemName>פאנטה אקזוטיק 1.5 לי</ItemName>
      <ManufacturerName>קוקה קולה</ManufacturerName>
      <ManufactureCountry>לא ידוע</ManufactureCountry>
      <ManufacturerItemDescription>פאנטה אקזוטיק 1.5 ליטר</ManufacturerItemDescription>
      <UnitQty>ליטרים</UnitQty>
      <Quantity>1.50</Quantity>
      <UnitOfMeasure>ליטר    </UnitOfMeasure>
      <bIsWeighted>0</bIsWeighted>
      <QtyInPackage>1</QtyInPackage>
      <ItemPrice>6.50</ItemPrice>
      <UnitOfMeasurePrice>4.3333</UnitOfMeasurePrice>
      <AllowDiscount>1</AllowDiscount>
      <ItemStatus>1</ItemStatus>
      <ItemId>224027</ItemId>
    </Item>
    <Item>
      <PriceUpdateDate>2015-12-22 11:40:06</PriceUpdateDate>
      <ItemCode>9005615</ItemCode>
      <ItemType>0</ItemType>
      <ItemName>אבוקדו</ItemName>
      <ManufacturerName>,</ManufacturerName>
      <ManufactureCountry>לא ידוע</ManufactureCountry>
      <ManufacturerItemDescription>אבוקדו</ManufacturerItemDescription>
      <UnitQty>קילוגרמים</UnitQty>
      <Quantity>1.00</Quantity>
      <UnitOfMeasure>ק"ג</UnitOfMeasure>
      <bIsWeighted>1</bIsWeighted>
      <QtyInPackage>לא ידוע</QtyInPackage>
      <ItemPrice>14.90</ItemPrice>
      <UnitOfMeasurePrice>14.9000</UnitOfMeasurePrice>
      <AllowDiscount>1</AllowDiscount>
      <ItemStatus>1</ItemStatus>
      <ItemId>224028</ItemId>
    </Item>
    <Item>
      <PriceUpdateDate>2015-10-19 15:49:24</PriceUpdateDate>
      <ItemCode>9005707</ItemCode>
      <ItemType>0</ItemType>
      <ItemName>רימון</ItemName>
      <ManufacturerName>,</ManufacturerName>
      <ManufactureCountry>לא ידוע</ManufactureCountry>
      <ManufacturerItemDescription>רימון</ManufacturerItemDescription>
      <UnitQty>קילוגרמים</UnitQty>
      <Quantity>1.00</Quantity>
      <UnitOfMeasure>ק"ג</UnitOfMeasure>
      <bIsWeighted>1</bIsWeighted>
      <QtyInPackage>לא ידוע</QtyInPackage>
      <ItemPrice>6.90</ItemPrice>
      <UnitOfMeasurePrice>6.9000</UnitOfMeasurePrice>
      <AllowDiscount>1</AllowDiscount>
      <ItemStatus>1</ItemStatus>
      <ItemId>224051</ItemId>
    </Item>
    <Item>
      <PriceUpdateDate>2015-01-01 00:00:00</PriceUpdateDate>
      <ItemCode>5701932026964</ItemCode>
      <ItemType>0</ItemType>
      <ItemName>פופקורן הוט פופ מלוח</ItemName>
      <ManufacturerName>פופז</ManufacturerName>
      <ManufactureCountry>ארצות הברית</ManufactureCountry>
      <ManufacturerItemDescription>פופקורן הוט פופ מלוח 600 גרם</ManufacturerItemDescription>
      <UnitQty>גרמים</UnitQty>
      <Quantity>600.00</Quantity>
      <UnitOfMeasure>100 גרם</UnitOfMeasure>
      <bIsWeighted>0</bIsWeighted>
      <QtyInPackage>1</QtyInPackage>
      <ItemPrice>12.90</ItemPrice>
      <UnitOfMeasurePrice>2.1500</UnitOfMeasurePrice>
      <AllowDiscount>1</AllowDiscount>
      <ItemStatus>1</ItemStatus>
      <ItemId>224052</ItemId>
    </Item>
    <Item>
      <PriceUpdateDate>2015-01-01 00:00:00</PriceUpdateDate>
      <ItemCode>5701932026995</ItemCode>
      <ItemType>0</ItemType>
      <ItemName>פופקורן למיקרו לייט</ItemName>
      <ManufacturerName>פופז</ManufacturerName>
      <ManufactureCountry>ארצות הברית</ManufactureCountry>
      <ManufacturerItemDescription>פופקורן הוט פופ טבעי 76%  510 גרם</ManufacturerItemDescription>
      <UnitQty>גרמים</UnitQty>
      <Quantity>510.00</Quantity>
      <UnitOfMeasure>100 גרם</UnitOfMeasure>
      <bIsWeighted>0</bIsWeighted>
      <QtyInPackage>1</QtyInPackage>
      <ItemPrice>12.90</ItemPrice>
      <UnitOfMeasurePrice>2.5294</UnitOfMeasurePrice>
      <AllowDiscount>1</AllowDiscount>
      <ItemStatus>1</ItemStatus>
      <ItemId>224053</ItemId>
    </Item>
    <Item>
      <PriceUpdateDate>2015-01-01 00:00:00</PriceUpdateDate>
      <ItemCode>572086</ItemCode>
      <ItemType>0</ItemType>
      <ItemName>טחינה אורגנית 500 גר</ItemName>
      <ManufacturerName>אחדות ביחר לטחינה חל</ManufacturerName>
      <ManufactureCountry>ישראל</ManufactureCountry>
      <ManufacturerItemDescription>טחינה אורגנית 500 גרם</ManufacturerItemDescription>
      <UnitQty>גרמים</UnitQty>
      <Quantity>500.00</Quantity>
      <UnitOfMeasure>100 גרם</UnitOfMeasure>
      <bIsWeighted>0</bIsWeighted>
      <QtyInPackage>1</QtyInPackage>
      <ItemPrice>12.90</ItemPrice>
      <UnitOfMeasurePrice>2.5800</UnitOfMeasurePrice>
      <AllowDiscount>1</AllowDiscount>
      <ItemStatus>1</ItemStatus>
      <ItemId>224055</ItemId>
    </Item>
    <Item>
      <PriceUpdateDate>2015-01-01 00:00:00</PriceUpdateDate>
      <ItemCode>572222</ItemCode>
      <ItemType>0</ItemType>
      <ItemName>חלבה בלוק וניל 500 ג</ItemName>
      <ManufacturerName>אחדות ביחר לטחינה חל</ManufacturerName>
      <ManufactureCountry>לא ידוע</ManufactureCountry>
      <ManufacturerItemDescription>חלבה בלוק וניל 500 גרם אחווה</ManufacturerItemDescription>
      <UnitQty>גרמים</UnitQty>
      <Quantity>500.00</Quantity>
      <UnitOfMeasure>100 גרם</UnitOfMeasure>
      <bIsWeighted>0</bIsWeighted>
      <QtyInPackage>1</QtyInPackage>
      <ItemPrice>9.90</ItemPrice>
      <UnitOfMeasurePrice>1.9800</UnitOfMeasurePrice>
      <AllowDiscount>1</AllowDiscount>
      <ItemStatus>1</ItemStatus>
      <ItemId>224057</ItemId>
    </Item>
    <Item>
      <PriceUpdateDate>2015-01-01 00:00:00</PriceUpdateDate>
      <ItemCode>572529</ItemCode>
      <ItemType>0</ItemType>
      <ItemName>חלבה פיסטוק חלבי 400</ItemName>
      <ManufacturerName>אחדות ביחר לטחינה חל</ManufacturerName>
      <ManufactureCountry>לא ידוע</ManufactureCountry>
      <ManufacturerItemDescription>חלבה פיסטוק חלבי 400 גרם</ManufacturerItemDescription>
      <UnitQty>גרמים</UnitQty>
      <Quantity>400.00</Quantity>
      <UnitOfMeasure>100 גרם</UnitOfMeasure>
      <bIsWeighted>0</bIsWeighted>
      <QtyInPackage>1</QtyInPackage>
      <ItemPrice>12.90</ItemPrice>
      <UnitOfMeasurePrice>3.2250</UnitOfMeasurePrice>
      <AllowDiscount>1</AllowDiscount>
      <ItemStatus>1</ItemStatus>
      <ItemId>224058</ItemId>
    </Item>
    <Item>
      <PriceUpdateDate>2015-01-01 00:00:00</PriceUpdateDate>
      <ItemCode>572536</ItemCode>
      <ItemType>0</ItemType>
      <ItemName>חלבה וניל 400 גרם</ItemName>
      <ManufacturerName>אחדות ביחר לטחינה חל</ManufacturerName>
      <ManufactureCountry>לא ידוע</ManufactureCountry>
      <ManufacturerItemDescription>חלבה וניל 400 גרם</ManufacturerItemDescription>
      <UnitQty>גרמים</UnitQty>
      <Quantity>400.00</Quantity>
      <UnitOfMeasure>100 גרם</UnitOfMeasure>
      <bIsWeighted>0</bIsWeighted>
      <QtyInPackage>1</QtyInPackage>
      <ItemPrice>9.90</ItemPrice>
      <UnitOfMeasurePrice>2.4750</UnitOfMeasurePrice>
      <AllowDiscount>1</AllowDiscount>
      <ItemStatus>1</ItemStatus>
      <ItemId>224059</ItemId>
    </Item>
    <Item>
      <PriceUpdateDate>2015-01-01 00:00:00</PriceUpdateDate>
      <ItemCode>572543</ItemCode>
      <ItemType>0</ItemType>
      <ItemName>חלבה במגש שיש 400 גר</ItemName>
      <ManufacturerName>אחדות ביחר לטחינה חל</ManufacturerName>
      <ManufactureCountry>לא ידוע</ManufactureCountry>
      <ManufacturerItemDescription>חלבה במגש שיש 400 גרם</ManufacturerItemDescription>
      <UnitQty>גרמים</UnitQty>
      <Quantity>400.00</Quantity>
      <UnitOfMeasure>100 גרם</UnitOfMeasure>
      <bIsWeighted>0</bIsWeighted>
      <QtyInPackage>1</QtyInPackage>
      <ItemPrice>9.90</ItemPrice>
      <UnitOfMeasurePrice>2.4750</UnitOfMeasurePrice>
      <AllowDiscount>1</AllowDiscount>
      <ItemStatus>1</ItemStatus>
      <ItemId>224060</ItemId>
    </Item>
    <Item>
      <PriceUpdateDate>2016-08-03 11:51:20</PriceUpdateDate>
      <ItemCode>572611</ItemCode>
      <ItemType>0</ItemType>
      <ItemName>סירופ אחדות 4 ליטר</ItemName>
      <ManufacturerName>אחדות ביחר לטחינה חל</ManufacturerName>
      <ManufactureCountry>לא ידוע</ManufactureCountry>
      <ManufacturerItemDescription>סירופ אחדות 4 ליטר</ManufacturerItemDescription>
      <UnitQty>ליטרים</UnitQty>
      <Quantity>4.00</Quantity>
      <UnitOfMeasure>ליטר    </UnitOfMeasure>
      <bIsWeighted>0</bIsWeighted>
      <QtyInPackage>1</QtyInPackage>
      <ItemPrice>21.90</ItemPrice>
      <UnitOfMeasurePrice>5.4750</UnitOfMeasurePrice>
      <AllowDiscount>1</AllowDiscount>
      <ItemStatus>1</ItemStatus>
      <ItemId>224061</ItemId>
    </Item>
    <Item>
      <PriceUpdateDate>2016-08-03 10:32:46</PriceUpdateDate>
      <ItemCode>572628</ItemCode>
      <ItemType>0</ItemType>
      <ItemName>מארז חטיף חלבה לייט</ItemName>
      <ManufacturerName>אחדות ביחר לטחינה חל</ManufacturerName>
      <ManufactureCountry>לא ידוע</ManufactureCountry>
      <ManufacturerItemDescription>מארז חטיף חלבה לייט  12 יח</ManufacturerItemDescription>
      <UnitQty>גרמים</UnitQty>
      <Quantity>275.00</Quantity>
      <UnitOfMeasure>100 גרם</UnitOfMeasure>
      <bIsWeighted>0</bIsWeighted>
      <QtyInPackage>1</QtyInPackage>
      <ItemPrice>10.90</ItemPrice>
      <UnitOfMeasurePrice>3.9636</UnitOfMeasurePrice>
      <AllowDiscount>1</AllowDiscount>
      <ItemStatus>1</ItemStatus>
      <ItemId>224062</ItemId>
    </Item>
    <Item>
      <PriceUpdateDate>2016-08-03 10:32:46</PriceUpdateDate>
      <ItemCode>572642</ItemCode>
      <ItemType>0</ItemType>
      <ItemName>חלבה לייט 500 גרם</ItemName>
      <ManufacturerName>אחדות ביחר לטחינה חל</ManufacturerName>
      <ManufactureCountry>לא ידוע</ManufactureCountry>
      <ManufacturerItemDescription>חלבה לייט 500 גרם</ManufacturerItemDescription>
      <UnitQty>גרמים</UnitQty>
      <Quantity>500.00</Quantity>
      <UnitOfMeasure>100 גרם</UnitOfMeasure>
      <bIsWeighted>0</bIsWeighted>
      <QtyInPackage>1</QtyInPackage>
      <ItemPrice>13.90</ItemPrice>
      <UnitOfMeasurePrice>2.7800</UnitOfMeasurePrice>
      <AllowDiscount>1</AllowDiscount>
      <ItemStatus>1</ItemStatus>
      <ItemId>224063</ItemId>
    </Item>
    <Item>
      <PriceUpdateDate>2015-11-01 07:31:11</PriceUpdateDate>
      <ItemCode>572819</ItemCode>
      <ItemType>0</ItemType>
      <ItemName>טחינה גולמית 1 קג</ItemName>
      <ManufacturerName>אחדות ביחר לטחינה חל</ManufacturerName>
      <ManufactureCountry>לא ידוע</ManufactureCountry>
      <ManufacturerItemDescription>טחינה גולמית 1 ק"ג</ManufacturerItemDescription>
      <UnitQty>קילוגרמים</UnitQty>
      <Quantity>1.00</Quantity>
      <UnitOfMeasure>ק"ג     </UnitOfMeasure>
      <bIsWeighted>0</bIsWeighted>
      <QtyInPackage>1</QtyInPackage>
      <ItemPrice>14.90</ItemPrice>
      <UnitOfMeasurePrice>14.9000</UnitOfMeasurePrice>
      <AllowDiscount>1</AllowDiscount>
      <ItemStatus>1</ItemStatus>
      <ItemId>224065</ItemId>
    </Item>
    <Item>
      <PriceUpdateDate>2015-01-01 00:00:00</PriceUpdateDate>
      <ItemCode>5839078</ItemCode>
      <ItemType>0</ItemType>
      <ItemName>מארז דנונה 3% 8*150</ItemName>
      <ManufacturerName>שטראוס</ManufacturerName>
      <ManufactureCountry>ישראל</ManufactureCountry>
      <ManufacturerItemDescription>דנונה 3% 8*150 מל</ManufacturerItemDescription>
      <UnitQty>ליטרים</UnitQty>
      <Quantity>1.20</Quantity>
      <UnitOfMeasure>ליטר    </UnitOfMeasure>
      <bIsWeighted>0</bIsWeighted>
      <QtyInPackage>8</QtyInPackage>
      <ItemPrice>15.90</ItemPrice>
      <UnitOfMeasurePrice>13.2500</UnitOfMeasurePrice>
      <AllowDiscount>1</AllowDiscount>
      <ItemStatus>1</ItemStatus>
      <ItemId>224068</ItemId>
    </Item>
    <Item>
      <PriceUpdateDate>2015-01-01 00:00:00</PriceUpdateDate>
      <ItemCode>5896972</ItemCode>
      <ItemType>0</ItemType>
      <ItemName>פפסי מקס 1.5 ליטר שי</ItemName>
      <ManufacturerName>טמפו</ManufacturerName>
      <ManufactureCountry>לא ידוע</ManufactureCountry>
      <ManufacturerItemDescription>פפסי מקס 1.5 ליטר שישייה</ManufacturerItemDescription>
      <UnitQty>ליטרים</UnitQty>
      <Quantity>9.00</Quantity>
      <UnitOfMeasure>ליטר    </UnitOfMeasure>
      <bIsWeighted>0</bIsWeighted>
      <QtyInPackage>1</QtyInPackage>
      <ItemPrice>23.90</ItemPrice>
      <UnitOfMeasurePrice>2.6556</UnitOfMeasurePrice>
      <AllowDiscount>1</AllowDiscount>
      <ItemStatus>1</ItemStatus>
      <ItemId>224070</ItemId>
    </Item>
    <Item>
      <PriceUpdateDate>2015-01-01 00:00:00</PriceUpdateDate>
      <ItemCode>4015400649649</ItemCode>
      <ItemType>0</ItemType>
      <ItemName>פמפרס ניו בייבי מידה</ItemName>
      <ManufacturerName>פרוקטר</ManufacturerName>
      <ManufactureCountry>לא ידוע</ManufactureCountry>
      <ManufacturerItemDescription>פמפרס ניו בייבי מידה 2 66 יח</ManufacturerItemDescription>
      <UnitQty>Unknown </UnitQty>
      <Quantity>0.00</Quantity>
      <UnitOfMeasure>Unknown </UnitOfMeasure>
      <bIsWeighted>0</bIsWeighted>
      <QtyInPackage>1</QtyInPackage>
      <ItemPrice>49.90</ItemPrice>
      <UnitOfMeasurePrice>0.0000</UnitOfMeasurePrice>
      <AllowDiscount>1</AllowDiscount>
      <ItemStatus>1</ItemStatus>
      <ItemId>250860</ItemId>
    </Item>
    <Item>
      <PriceUpdateDate>2015-01-01 00:00:00</PriceUpdateDate>
      <ItemCode>835811001942</ItemCode>
      <ItemType>0</ItemType>
      <ItemName>תבנית ח"פ עבה שטוחה</ItemName>
      <ManufacturerName>,</ManufacturerName>
      <ManufactureCountry>לא ידוע</ManufactureCountry>
      <ManufacturerItemDescription>תבנית ח"פ עבה שטוחה 2 יח</ManufacturerItemDescription>
      <UnitQty>Unknown </UnitQty>
      <Quantity>0.00</Quantity>
      <UnitOfMeasure>Unknown </UnitOfMeasure>
      <bIsWeighted>0</bIsWeighted>
      <QtyInPackage>1</QtyInPackage>
      <ItemPrice>8.90</ItemPrice>
      <UnitOfMeasurePrice>0.0000</UnitOfMeasurePrice>
      <AllowDiscount>1</AllowDiscount>
      <ItemStatus>1</ItemStatus>
      <ItemId>252618</ItemId>
    </Item>
    <Item>
      <PriceUpdateDate>2015-01-01 00:00:00</PriceUpdateDate>
      <ItemCode>5966088</ItemCode>
      <ItemType>0</ItemType>
      <ItemName>יין ירדן חרמון אדום</ItemName>
      <ManufacturerName>יקב רמת הגולן</ManufacturerName>
      <ManufactureCountry>לא ידוע</ManufactureCountry>
      <ManufacturerItemDescription>יין ירדן חרמון אדום 750 מ"ל</ManufacturerItemDescription>
      <UnitQty>מיליליטרים</UnitQty>
      <Quantity>750.00</Quantity>
      <UnitOfMeasure>100 מ"ל</UnitOfMeasure>
      <bIsWeighted>0</bIsWeighted>
      <QtyInPackage>1</QtyInPackage>
      <ItemPrice>28.90</ItemPrice>
      <UnitOfMeasurePrice>3.8533</UnitOfMeasurePrice>
      <AllowDiscount>1</AllowDiscount>
      <ItemStatus>1</ItemStatus>
      <ItemId>224079</ItemId>
    </Item>
    <Item>
      <PriceUpdateDate>2016-08-01 10:35:33</PriceUpdateDate>
      <ItemCode>7290016078510</ItemCode>
      <ItemType>0</ItemType>
      <ItemName>מארז פרינגלס ברביקיו</ItemName>
      <ManufacturerName>פרינגלס</ManufacturerName>
      <ManufactureCountry>ארצות הברית</ManufactureCountry>
      <ManufacturerItemDescription>מארז פרינגלס ברביקיו 12 יח</ManufacturerItemDescription>
      <UnitQty>גרמים</UnitQty>
      <Quantity>804.00</Quantity>
      <UnitOfMeasure>100 גרם</UnitOfMeasure>
      <bIsWeighted>0</bIsWeighted>
      <QtyInPackage>1</QtyInPackage>
      <ItemPrice>39.90</ItemPrice>
      <UnitOfMeasurePrice>4.9627</UnitOfMeasurePrice>
      <AllowDiscount>1</AllowDiscount>
      <ItemStatus>1</ItemStatus>
      <ItemId>269047</ItemId>
    </Item>
    <Item>
      <PriceUpdateDate>2015-01-01 00:00:00</PriceUpdateDate>
      <ItemCode>5966514</ItemCode>
      <ItemType>0</ItemType>
      <ItemName>יין ירדן מוסקט 500 מ</ItemName>
      <ManufacturerName>יקב רמת הגולן</ManufacturerName>
      <ManufactureCountry>לא ידוע</ManufactureCountry>
      <ManufacturerItemDescription>יין ירדן מוסקט 500 מ"ל</ManufacturerItemDescription>
      <UnitQty>מיליליטרים</UnitQty>
      <Quantity>500.00</Quantity>
      <UnitOfMeasure>100 מ"ל</UnitOfMeasure>
      <bIsWeighted>0</bIsWeighted>
      <QtyInPackage>1</QtyInPackage>
      <ItemPrice>31.90</ItemPrice>
      <UnitOfMeasurePrice>6.3800</UnitOfMeasurePrice>
      <AllowDiscount>1</AllowDiscount>
      <ItemStatus>1</ItemStatus>
      <ItemId>224082</ItemId>
    </Item>
    <Item>
      <PriceUpdateDate>2015-01-01 00:00:00</PriceUpdateDate>
      <ItemCode>598017</ItemCode>
      <ItemType>0</ItemType>
      <ItemName>קמח מצה שמורה לעוגות</ItemName>
      <ManufacturerName>מצות יהודה</ManufacturerName>
      <ManufactureCountry>ישראל</ManufactureCountry>
      <ManufacturerItemDescription>קמח מצה שמורה לעוגות 500 גרם בקופסא כשל</ManufacturerItemDescription>
      <UnitQty>Unknown </UnitQty>
      <Quantity>0.00</Quantity>
      <UnitOfMeasure>Unknown </UnitOfMeasure>
      <bIsWeighted>0</bIsWeighted>
      <QtyInPackage>1</QtyInPackage>
      <ItemPrice>28.90</ItemPrice>
      <UnitOfMeasurePrice>0.0000</UnitOfMeasurePrice>
      <AllowDiscount>1</AllowDiscount>
      <ItemStatus>1</ItemStatus>
      <ItemId>224087</ItemId>
    </Item>
    <Item>
      <PriceUpdateDate>2015-01-01 00:00:00</PriceUpdateDate>
      <ItemCode>598116</ItemCode>
      <ItemType>0</ItemType>
      <ItemName>מצות קרטון 1.5 ק"ג</ItemName>
      <ManufacturerName>,</ManufacturerName>
      <ManufactureCountry>לא ידוע</ManufactureCountry>
      <ManufacturerItemDescription>מצות קרטון 1.5 ק"ג</ManufacturerItemDescription>
      <UnitQty>קילוגרמים</UnitQty>
      <Quantity>1.50</Quantity>
      <UnitOfMeasure>ק"ג     </UnitOfMeasure>
      <bIsWeighted>0</bIsWeighted>
      <QtyInPackage>1</QtyInPackage>
      <ItemPrice>22.90</ItemPrice>
      <UnitOfMeasurePrice>15.2667</UnitOfMeasurePrice>
      <AllowDiscount>1</AllowDiscount>
      <ItemStatus>1</ItemStatus>
      <ItemId>224089</ItemId>
    </Item>
    <Item>
      <PriceUpdateDate>2015-01-01 00:00:00</PriceUpdateDate>
      <ItemCode>598215</ItemCode>
      <ItemType>0</ItemType>
      <ItemName>מצה שמורה 1 ק"ג כשל"</ItemName>
      <ManufacturerName>מצות יהודה</ManufacturerName>
      <ManufactureCountry>ישראל</ManufactureCountry>
      <ManufacturerItemDescription>מצה שמורה 1 קג כשלפ בדצ</ManufacturerItemDescription>
      <UnitQty>קילוגרמים</UnitQty>
      <Quantity>1.00</Quantity>
      <UnitOfMeasure>ק"ג     </UnitOfMeasure>
      <bIsWeighted>0</bIsWeighted>
      <QtyInPackage>1</QtyInPackage>
      <ItemPrice>49.90</ItemPrice>
      <UnitOfMeasurePrice>49.9000</UnitOfMeasurePrice>
      <AllowDiscount>1</AllowDiscount>
      <ItemStatus>1</ItemStatus>
      <ItemId>224090</ItemId>
    </Item>
    <Item>
      <PriceUpdateDate>2016-06-21 13:05:33</PriceUpdateDate>
      <ItemCode>7290109351742</ItemCode>
      <ItemType>1</ItemType>
      <ItemName>שקדי מרק 1 ק"ג</ItemName>
      <ManufacturerName>אסם</ManufacturerName>
      <ManufactureCountry>ישראל</ManufactureCountry>
      <ManufacturerItemDescription>שקדי מרק 1 ק"ג</ManufacturerItemDescription>
      <UnitQty>קילוגרמים</UnitQty>
      <Quantity>1.00</Quantity>
      <UnitOfMeasure>ק"ג     </UnitOfMeasure>
      <bIsWeighted>0</bIsWeighted>
      <QtyInPackage>1</QtyInPackage>
      <ItemPrice>19.90</ItemPrice>
      <UnitOfMeasurePrice>19.9000</UnitOfMeasurePrice>
      <AllowDiscount>1</AllowDiscount>
      <ItemStatus>1</ItemStatus>
      <ItemId>268552</ItemId>
    </Item>
    <Item>
      <PriceUpdateDate>2015-01-01 00:00:00</PriceUpdateDate>
      <ItemCode>7290014325036</ItemCode>
      <ItemType>0</ItemType>
      <ItemName>סוכריות גלי שמחות 60</ItemName>
      <ManufacturerName>,</ManufacturerName>
      <ManufactureCountry>לא ידוע</ManufactureCountry>
      <ManufacturerItemDescription>סוכריות גלי שמחות 600 גרם</ManufacturerItemDescription>
      <UnitQty>גרמים</UnitQty>
      <Quantity>600.00</Quantity>
      <UnitOfMeasure>100 גרם</UnitOfMeasure>
      <bIsWeighted>0</bIsWeighted>
      <QtyInPackage>1</QtyInPackage>
      <ItemPrice>18.90</ItemPrice>
      <UnitOfMeasurePrice>3.1500</UnitOfMeasurePrice>
      <AllowDiscount>1</AllowDiscount>
      <ItemStatus>1</ItemStatus>
      <ItemId>248777</ItemId>
    </Item>
    <Item>
      <PriceUpdateDate>2015-01-01 00:00:00</PriceUpdateDate>
      <ItemCode>598949</ItemCode>
      <ItemType>0</ItemType>
      <ItemName>מצות מקמח מחיטה מלאה</ItemName>
      <ManufacturerName>,</ManufacturerName>
      <ManufactureCountry>לא ידוע</ManufactureCountry>
      <ManufacturerItemDescription>מצות מקמח מחיטה מלאה 300 גרם</ManufacturerItemDescription>
      <UnitQty>גרמים</UnitQty>
      <Quantity>300.00</Quantity>
      <UnitOfMeasure>100 גרם</UnitOfMeasure>
      <bIsWeighted>0</bIsWeighted>
      <QtyInPackage>1</QtyInPackage>
      <ItemPrice>14.90</ItemPrice>
      <UnitOfMeasurePrice>4.9667</UnitOfMeasurePrice>
      <AllowDiscount>1</AllowDiscount>
      <ItemStatus>1</ItemStatus>
      <ItemId>224115</ItemId>
    </Item>
    <Item>
      <PriceUpdateDate>2015-01-01 00:00:00</PriceUpdateDate>
      <ItemCode>5992018</ItemCode>
      <ItemType>0</ItemType>
      <ItemName>יוגורט עיזים 3% 500</ItemName>
      <ManufacturerName>מחלבות גד</ManufacturerName>
      <ManufactureCountry>ישראל</ManufactureCountry>
      <ManufacturerItemDescription>יוגורט עיזים 3% 500 מל</ManufacturerItemDescription>
      <UnitQty>מיליליטרים</UnitQty>
      <Quantity>500.00</Quantity>
      <UnitOfMeasure>100 מ"ל</UnitOfMeasure>
      <bIsWeighted>0</bIsWeighted>
      <QtyInPackage>1</QtyInPackage>
      <ItemPrice>9.90</ItemPrice>
      <UnitOfMeasurePrice>1.9800</UnitOfMeasurePrice>
      <AllowDiscount>1</AllowDiscount>
      <ItemStatus>1</ItemStatus>
      <ItemId>224117</ItemId>
    </Item>
    <Item>
      <PriceUpdateDate>2015-09-21 08:15:28</PriceUpdateDate>
      <ItemCode>60163</ItemCode>
      <ItemType>0</ItemType>
      <ItemName>אטריות דקות אסם 400</ItemName>
      <ManufacturerName>אסם</ManufacturerName>
      <ManufactureCountry>לא ידוע</ManufactureCountry>
      <ManufacturerItemDescription>אטריות דקות אסם 400 גרם</ManufacturerItemDescription>
      <UnitQty>גרמים</UnitQty>
      <Quantity>400.00</Quantity>
      <UnitOfMeasure>100 גרם</UnitOfMeasure>
      <bIsWeighted>0</bIsWeighted>
      <QtyInPackage>1</QtyInPackage>
      <ItemPrice>5.90</ItemPrice>
      <UnitOfMeasurePrice>1.4750</UnitOfMeasurePrice>
      <AllowDiscount>1</AllowDiscount>
      <ItemStatus>1</ItemStatus>
      <ItemId>224129</ItemId>
    </Item>
    <Item>
      <PriceUpdateDate>2015-09-21 08:15:28</PriceUpdateDate>
      <ItemCode>60200</ItemCode>
      <ItemType>0</ItemType>
      <ItemName>פתיתים אפויים קוסקוס</ItemName>
      <ManufacturerName>אסם</ManufacturerName>
      <ManufactureCountry>לא ידוע</ManufactureCountry>
      <ManufacturerItemDescription>פתיתים אפויים קוסקוס 500 גרם</ManufacturerItemDescription>
      <UnitQty>גרמים</UnitQty>
      <Quantity>500.00</Quantity>
      <UnitOfMeasure>100 גרם</UnitOfMeasure>
      <bIsWeighted>0</bIsWeighted>
      <QtyInPackage>1</QtyInPackage>
      <ItemPrice>5.90</ItemPrice>
      <UnitOfMeasurePrice>1.1800</UnitOfMeasurePrice>
      <AllowDiscount>1</AllowDiscount>
      <ItemStatus>1</ItemStatus>
      <ItemId>224130</ItemId>
    </Item>
    <Item>
      <PriceUpdateDate>2015-09-21 08:15:28</PriceUpdateDate>
      <ItemCode>60217</ItemCode>
      <ItemType>0</ItemType>
      <ItemName>מקרוני מס 7 500 גרם</ItemName>
      <ManufacturerName>זארה</ManufacturerName>
      <ManufactureCountry>לא ידוע</ManufactureCountry>
      <ManufacturerItemDescription>מקרוני מס 7 500 גרם</ManufacturerItemDescription>
      <UnitQty>גרמים</UnitQty>
      <Quantity>500.00</Quantity>
      <UnitOfMeasure>100 גרם</UnitOfMeasure>
      <bIsWeighted>0</bIsWeighted>
      <QtyInPackage>1</QtyInPackage>
      <ItemPrice>5.90</ItemPrice>
      <UnitOfMeasurePrice>1.1800</UnitOfMeasurePrice>
      <AllowDiscount>1</AllowDiscount>
      <ItemStatus>1</ItemStatus>
      <ItemId>224131</ItemId>
    </Item>
    <Item>
      <PriceUpdateDate>2015-09-21 08:15:28</PriceUpdateDate>
      <ItemCode>60248</ItemCode>
      <ItemType>0</ItemType>
      <ItemName>פסטה אסם תלתלים 500</ItemName>
      <ManufacturerName>זארה</ManufacturerName>
      <ManufactureCountry>לא ידוע</ManufactureCountry>
      <ManufacturerItemDescription>פסטה אסם תלתלים 500 גרם</ManufacturerItemDescription>
      <UnitQty>גרמים</UnitQty>
      <Quantity>500.00</Quantity>
      <UnitOfMeasure>100 גרם</UnitOfMeasure>
      <bIsWeighted>0</bIsWeighted>
      <QtyInPackage>1</QtyInPackage>
      <ItemPrice>5.90</ItemPrice>
      <UnitOfMeasurePrice>1.1800</UnitOfMeasurePrice>
      <AllowDiscount>1</AllowDiscount>
      <ItemStatus>1</ItemStatus>
      <ItemId>224132</ItemId>
    </Item>
    <Item>
      <PriceUpdateDate>2016-06-19 12:51:59</PriceUpdateDate>
      <ItemCode>9006063</ItemCode>
      <ItemType>0</ItemType>
      <ItemName>אגס ספדונה</ItemName>
      <ManufacturerName>,</ManufacturerName>
      <ManufactureCountry>לא ידוע</ManufactureCountry>
      <ManufacturerItemDescription>אגס ספדונה</ManufacturerItemDescription>
      <UnitQty>קילוגרמים</UnitQty>
      <Quantity>1.00</Quantity>
      <UnitOfMeasure>ק"ג</UnitOfMeasure>
      <bIsWeighted>1</bIsWeighted>
      <QtyInPackage>לא ידוע</QtyInPackage>
      <ItemPrice>7.90</ItemPrice>
      <UnitOfMeasurePrice>7.9000</UnitOfMeasurePrice>
      <AllowDiscount>1</AllowDiscount>
      <ItemStatus>1</ItemStatus>
      <ItemId>224140</ItemId>
    </Item>
    <Item>
      <PriceUpdateDate>2015-09-21 08:15:28</PriceUpdateDate>
      <ItemCode>60781</ItemCode>
      <ItemType>0</ItemType>
      <ItemName>פסטה מסולסלת אסם 500</ItemName>
      <ManufacturerName>זארה</ManufacturerName>
      <ManufactureCountry>לא ידוע</ManufactureCountry>
      <ManufacturerItemDescription>פסטה מסולסלת אסם 500 גרם</ManufacturerItemDescription>
      <UnitQty>גרמים</UnitQty>
      <Quantity>500.00</Quantity>
      <UnitOfMeasure>100 גרם</UnitOfMeasure>
      <bIsWeighted>0</bIsWeighted>
      <QtyInPackage>1</QtyInPackage>
      <ItemPrice>5.90</ItemPrice>
      <UnitOfMeasurePrice>1.1800</UnitOfMeasurePrice>
      <AllowDiscount>1</AllowDiscount>
      <ItemStatus>1</ItemStatus>
      <ItemId>224143</ItemId>
    </Item>
    <Item>
      <PriceUpdateDate>2015-09-21 08:15:28</PriceUpdateDate>
      <ItemCode>60828</ItemCode>
      <ItemType>0</ItemType>
      <ItemName>פסטה קרניים בינוני 5</ItemName>
      <ManufacturerName>זארה</ManufacturerName>
      <ManufactureCountry>לא ידוע</ManufactureCountry>
      <ManufacturerItemDescription>פסטה קרניים בינוני 500 גרם</ManufacturerItemDescription>
      <UnitQty>גרמים</UnitQty>
      <Quantity>500.00</Quantity>
      <UnitOfMeasure>100 גרם</UnitOfMeasure>
      <bIsWeighted>0</bIsWeighted>
      <QtyInPackage>1</QtyInPackage>
      <ItemPrice>5.90</ItemPrice>
      <UnitOfMeasurePrice>1.1800</UnitOfMeasurePrice>
      <AllowDiscount>1</AllowDiscount>
      <ItemStatus>1</ItemStatus>
      <ItemId>224144</ItemId>
    </Item>
    <Item>
      <PriceUpdateDate>2015-09-21 08:15:29</PriceUpdateDate>
      <ItemCode>60842</ItemCode>
      <ItemType>0</ItemType>
      <ItemName>פסטה צדפים גדולים אס</ItemName>
      <ManufacturerName>זארה</ManufacturerName>
      <ManufactureCountry>לא ידוע</ManufactureCountry>
      <ManufacturerItemDescription>פסטה צדפים גדולים אסם 500 גרם</ManufacturerItemDescription>
      <UnitQty>גרמים</UnitQty>
      <Quantity>500.00</Quantity>
      <UnitOfMeasure>100 גרם</UnitOfMeasure>
      <bIsWeighted>0</bIsWeighted>
      <QtyInPackage>1</QtyInPackage>
      <ItemPrice>5.90</ItemPrice>
      <UnitOfMeasurePrice>1.1800</UnitOfMeasurePrice>
      <AllowDiscount>1</AllowDiscount>
      <ItemStatus>1</ItemStatus>
      <ItemId>224145</ItemId>
    </Item>
    <Item>
      <PriceUpdateDate>2015-09-21 08:15:29</PriceUpdateDate>
      <ItemCode>60859</ItemCode>
      <ItemType>0</ItemType>
      <ItemName>פסטה צדפות אסם 500 ג</ItemName>
      <ManufacturerName>זארה</ManufacturerName>
      <ManufactureCountry>לא ידוע</ManufactureCountry>
      <ManufacturerItemDescription>פסטה צדפות אסם 500 גרם</ManufacturerItemDescription>
      <UnitQty>גרמים</UnitQty>
      <Quantity>500.00</Quantity>
      <UnitOfMeasure>100 גרם</UnitOfMeasure>
      <bIsWeighted>0</bIsWeighted>
      <QtyInPackage>1</QtyInPackage>
      <ItemPrice>5.90</ItemPrice>
      <UnitOfMeasurePrice>1.1800</UnitOfMeasurePrice>
      <AllowDiscount>1</AllowDiscount>
      <ItemStatus>1</ItemStatus>
      <ItemId>224146</ItemId>
    </Item>
    <Item>
      <PriceUpdateDate>2015-09-21 08:15:29</PriceUpdateDate>
      <ItemCode>60880</ItemCode>
      <ItemType>0</ItemType>
      <ItemName>ספגטי אסם 500 גרם</ItemName>
      <ManufacturerName>זארה</ManufacturerName>
      <ManufactureCountry>לא ידוע</ManufactureCountry>
      <ManufacturerItemDescription>ספגטי אסם 500 גרם</ManufacturerItemDescription>
      <UnitQty>גרמים</UnitQty>
      <Quantity>500.00</Quantity>
      <UnitOfMeasure>100 גרם</UnitOfMeasure>
      <bIsWeighted>0</bIsWeighted>
      <QtyInPackage>1</QtyInPackage>
      <ItemPrice>5.90</ItemPrice>
      <UnitOfMeasurePrice>1.1800</UnitOfMeasurePrice>
      <AllowDiscount>1</AllowDiscount>
      <ItemStatus>1</ItemStatus>
      <ItemId>224147</ItemId>
    </Item>
    <Item>
      <PriceUpdateDate>2016-06-01 17:41:07</PriceUpdateDate>
      <ItemCode>7290900010299</ItemCode>
      <ItemType>1</ItemType>
      <ItemName>לזניה 500 גרם</ItemName>
      <ManufacturerName>,</ManufacturerName>
      <ManufactureCountry>לא ידוע</ManufactureCountry>
      <ManufacturerItemDescription>לזניה 500 גרם</ManufacturerItemDescription>
      <UnitQty>גרמים</UnitQty>
      <Quantity>500.00</Quantity>
      <UnitOfMeasure>100 גרם</UnitOfMeasure>
      <bIsWeighted>0</bIsWeighted>
      <QtyInPackage>1</QtyInPackage>
      <ItemPrice>4.90</ItemPrice>
      <UnitOfMeasurePrice>0.9800</UnitOfMeasurePrice>
      <AllowDiscount>1</AllowDiscount>
      <ItemStatus>1</ItemStatus>
      <ItemId>268350</ItemId>
    </Item>
    <Item>
      <PriceUpdateDate>2015-09-21 08:15:29</PriceUpdateDate>
      <ItemCode>60958</ItemCode>
      <ItemType>0</ItemType>
      <ItemName>אטריות בינוניות אסם</ItemName>
      <ManufacturerName>אסם</ManufacturerName>
      <ManufactureCountry>לא ידוע</ManufactureCountry>
      <ManufacturerItemDescription>אטריות בינוניות אסם 400 גרם</ManufacturerItemDescription>
      <UnitQty>גרמים</UnitQty>
      <Quantity>400.00</Quantity>
      <UnitOfMeasure>100 גרם</UnitOfMeasure>
      <bIsWeighted>0</bIsWeighted>
      <QtyInPackage>1</QtyInPackage>
      <ItemPrice>5.90</ItemPrice>
      <UnitOfMeasurePrice>1.4750</UnitOfMeasurePrice>
      <AllowDiscount>1</AllowDiscount>
      <ItemStatus>1</ItemStatus>
      <ItemId>224149</ItemId>
    </Item>
    <Item>
      <PriceUpdateDate>2015-09-21 08:15:29</PriceUpdateDate>
      <ItemCode>60965</ItemCode>
      <ItemType>0</ItemType>
      <ItemName>אטריות רחבות אסם 400</ItemName>
      <ManufacturerName>אסם</ManufacturerName>
      <ManufactureCountry>לא ידוע</ManufactureCountry>
      <ManufacturerItemDescription>אטריות רחבות אסם 400 גרם</ManufacturerItemDescription>
      <UnitQty>גרמים</UnitQty>
      <Quantity>400.00</Quantity>
      <UnitOfMeasure>100 גרם</UnitOfMeasure>
      <bIsWeighted>0</bIsWeighted>
      <QtyInPackage>1</QtyInPackage>
      <ItemPrice>5.90</ItemPrice>
      <UnitOfMeasurePrice>1.4750</UnitOfMeasurePrice>
      <AllowDiscount>1</AllowDiscount>
      <ItemStatus>1</ItemStatus>
      <ItemId>224150</ItemId>
    </Item>
    <Item>
      <PriceUpdateDate>2015-09-21 08:15:29</PriceUpdateDate>
      <ItemCode>60972</ItemCode>
      <ItemType>0</ItemType>
      <ItemName>אטריות דקיקות אסם 40</ItemName>
      <ManufacturerName>זארה</ManufacturerName>
      <ManufactureCountry>לא ידוע</ManufactureCountry>
      <ManufacturerItemDescription>אטריות דקיקות אסם 400 גרם</ManufacturerItemDescription>
      <UnitQty>גרמים</UnitQty>
      <Quantity>400.00</Quantity>
      <UnitOfMeasure>100 גרם</UnitOfMeasure>
      <bIsWeighted>0</bIsWeighted>
      <QtyInPackage>1</QtyInPackage>
      <ItemPrice>5.90</ItemPrice>
      <UnitOfMeasurePrice>1.4750</UnitOfMeasurePrice>
      <AllowDiscount>1</AllowDiscount>
      <ItemStatus>1</ItemStatus>
      <ItemId>224151</ItemId>
    </Item>
    <Item>
      <PriceUpdateDate>2016-03-09 13:58:26</PriceUpdateDate>
      <ItemCode>9006100</ItemCode>
      <ItemType>0</ItemType>
      <ItemName>סברס</ItemName>
      <ManufacturerName>,</ManufacturerName>
      <ManufactureCountry>לא ידוע</ManufactureCountry>
      <ManufacturerItemDescription>סברס</ManufacturerItemDescription>
      <UnitQty>קילוגרמים</UnitQty>
      <Quantity>1.00</Quantity>
      <UnitOfMeasure>ק"ג</UnitOfMeasure>
      <bIsWeighted>1</bIsWeighted>
      <QtyInPackage>לא ידוע</QtyInPackage>
      <ItemPrice>19.90</ItemPrice>
      <UnitOfMeasurePrice>19.9000</UnitOfMeasurePrice>
      <AllowDiscount>1</AllowDiscount>
      <ItemStatus>1</ItemStatus>
      <ItemId>224153</ItemId>
    </Item>
    <Item>
      <PriceUpdateDate>2015-01-01 00:00:00</PriceUpdateDate>
      <ItemCode>61061</ItemCode>
      <ItemType>0</ItemType>
      <ItemName>קרקר בצל 250 גרם</ItemName>
      <ManufacturerName>אסם</ManufacturerName>
      <ManufactureCountry>לא ידוע</ManufactureCountry>
      <ManufacturerItemDescription>קרקר בצל 250 גרם</ManufacturerItemDescription>
      <UnitQty>גרמים</UnitQty>
      <Quantity>250.00</Quantity>
      <UnitOfMeasure>100 גרם</UnitOfMeasure>
      <bIsWeighted>0</bIsWeighted>
      <QtyInPackage>1</QtyInPackage>
      <ItemPrice>8.90</ItemPrice>
      <UnitOfMeasurePrice>3.5600</UnitOfMeasurePrice>
      <AllowDiscount>1</AllowDiscount>
      <ItemStatus>1</ItemStatus>
      <ItemId>224154</ItemId>
    </Item>
    <Item>
      <PriceUpdateDate>2015-09-21 08:15:29</PriceUpdateDate>
      <ItemCode>61108</ItemCode>
      <ItemType>0</ItemType>
      <ItemName>רוטב טריאקי 290 מ"ל</ItemName>
      <ManufacturerName>אסם</ManufacturerName>
      <ManufactureCountry>לא ידוע</ManufactureCountry>
      <ManufacturerItemDescription>רוטב טריאקי 290 מ"ל</ManufacturerItemDescription>
      <UnitQty>מיליליטרים</UnitQty>
      <Quantity>290.00</Quantity>
      <UnitOfMeasure>100 מ"ל</UnitOfMeasure>
      <bIsWeighted>0</bIsWeighted>
      <QtyInPackage>1</QtyInPackage>
      <ItemPrice>9.90</ItemPrice>
      <UnitOfMeasurePrice>3.4138</UnitOfMeasurePrice>
      <AllowDiscount>1</AllowDiscount>
      <ItemStatus>1</ItemStatus>
      <ItemId>224156</ItemId>
    </Item>
    <Item>
      <PriceUpdateDate>2015-09-21 08:15:29</PriceUpdateDate>
      <ItemCode>61764</ItemCode>
      <ItemType>0</ItemType>
      <ItemName>קפה נמס מגורען רד מא</ItemName>
      <ManufacturerName>נסטלה ספרד קפה</ManufacturerName>
      <ManufactureCountry>לא ידוע</ManufactureCountry>
      <ManufacturerItemDescription>קפה נמס מגורען רד מאג 200 גרם</ManufacturerItemDescription>
      <UnitQty>גרמים</UnitQty>
      <Quantity>200.00</Quantity>
      <UnitOfMeasure>100 גרם</UnitOfMeasure>
      <bIsWeighted>0</bIsWeighted>
      <QtyInPackage>1</QtyInPackage>
      <ItemPrice>19.90</ItemPrice>
      <UnitOfMeasurePrice>9.9500</UnitOfMeasurePrice>
      <AllowDiscount>1</AllowDiscount>
      <ItemStatus>1</ItemStatus>
      <ItemId>224158</ItemId>
    </Item>
    <Item>
      <PriceUpdateDate>2015-01-01 00:00:00</PriceUpdateDate>
      <ItemCode>62129</ItemCode>
      <ItemType>0</ItemType>
      <ItemName>פודינג אינסטנט וניל</ItemName>
      <ManufacturerName>אסם</ManufacturerName>
      <ManufactureCountry>לא ידוע</ManufactureCountry>
      <ManufacturerItemDescription>פודינג אינסטנט וניל 1 ק"ג</ManufacturerItemDescription>
      <UnitQty>קילוגרמים</UnitQty>
      <Quantity>1.00</Quantity>
      <UnitOfMeasure>ק"ג     </UnitOfMeasure>
      <bIsWeighted>0</bIsWeighted>
      <QtyInPackage>1</QtyInPackage>
      <ItemPrice>24.90</ItemPrice>
      <UnitOfMeasurePrice>24.9000</UnitOfMeasurePrice>
      <AllowDiscount>1</AllowDiscount>
      <ItemStatus>1</ItemStatus>
      <ItemId>224163</ItemId>
    </Item>
    <Item>
      <PriceUpdateDate>2015-01-01 00:00:00</PriceUpdateDate>
      <ItemCode>6229069</ItemCode>
      <ItemType>0</ItemType>
      <ItemName>גאמפ ענבים 1.5 ליטר</ItemName>
      <ManufacturerName>טמפו</ManufacturerName>
      <ManufactureCountry>לא ידוע</ManufactureCountry>
      <ManufacturerItemDescription>גאמפ ענבים 1.5 ליטר</ManufacturerItemDescription>
      <UnitQty>ליטרים</UnitQty>
      <Quantity>1.50</Quantity>
      <UnitOfMeasure>ליטר    </UnitOfMeasure>
      <bIsWeighted>0</bIsWeighted>
      <QtyInPackage>1</QtyInPackage>
      <ItemPrice>5.40</ItemPrice>
      <UnitOfMeasurePrice>3.6000</UnitOfMeasurePrice>
      <AllowDiscount>1</AllowDiscount>
      <ItemStatus>1</ItemStatus>
      <ItemId>224164</ItemId>
    </Item>
    <Item>
      <PriceUpdateDate>2015-01-01 00:00:00</PriceUpdateDate>
      <ItemCode>6241818</ItemCode>
      <ItemType>0</ItemType>
      <ItemName>סירופ לימונים פריגת</ItemName>
      <ManufacturerName>סירופ גבעת חיים</ManufacturerName>
      <ManufactureCountry>לא ידוע</ManufactureCountry>
      <ManufacturerItemDescription>סירופ לימונים פריגת 3 ליטר</ManufacturerItemDescription>
      <UnitQty>ליטרים</UnitQty>
      <Quantity>3.00</Quantity>
      <UnitOfMeasure>ליטר    </UnitOfMeasure>
      <bIsWeighted>0</bIsWeighted>
      <QtyInPackage>1</QtyInPackage>
      <ItemPrice>34.90</ItemPrice>
      <UnitOfMeasurePrice>11.6333</UnitOfMeasurePrice>
      <AllowDiscount>1</AllowDiscount>
      <ItemStatus>1</ItemStatus>
      <ItemId>224166</ItemId>
    </Item>
    <Item>
      <PriceUpdateDate>2015-01-01 00:00:00</PriceUpdateDate>
      <ItemCode>6241832</ItemCode>
      <ItemType>0</ItemType>
      <ItemName>סירופ פטל פריגת 3 לי</ItemName>
      <ManufacturerName>סירופ גבעת חיים</ManufacturerName>
      <ManufactureCountry>לא ידוע</ManufactureCountry>
      <ManufacturerItemDescription>סירופ פטל פריגת 3 ליטר</ManufacturerItemDescription>
      <UnitQty>ליטרים</UnitQty>
      <Quantity>3.00</Quantity>
      <UnitOfMeasure>ליטר    </UnitOfMeasure>
      <bIsWeighted>0</bIsWeighted>
      <QtyInPackage>1</QtyInPackage>
      <ItemPrice>34.90</ItemPrice>
      <UnitOfMeasurePrice>11.6333</UnitOfMeasurePrice>
      <AllowDiscount>1</AllowDiscount>
      <ItemStatus>1</ItemStatus>
      <ItemId>224168</ItemId>
    </Item>
    <Item>
      <PriceUpdateDate>2015-01-01 00:00:00</PriceUpdateDate>
      <ItemCode>6241849</ItemCode>
      <ItemType>0</ItemType>
      <ItemName>סירופ ענבים פריגת 3</ItemName>
      <ManufacturerName>סירופ גבעת חיים</ManufacturerName>
      <ManufactureCountry>לא ידוע</ManufactureCountry>
      <ManufacturerItemDescription>סירופ ענבים פריגת 3 ליטר</ManufacturerItemDescription>
      <UnitQty>ליטרים</UnitQty>
      <Quantity>3.00</Quantity>
      <UnitOfMeasure>ליטר    </UnitOfMeasure>
      <bIsWeighted>0</bIsWeighted>
      <QtyInPackage>1</QtyInPackage>
      <ItemPrice>34.90</ItemPrice>
      <UnitOfMeasurePrice>11.6333</UnitOfMeasurePrice>
      <AllowDiscount>1</AllowDiscount>
      <ItemStatus>1</ItemStatus>
      <ItemId>224169</ItemId>
    </Item>
    <Item>
      <PriceUpdateDate>2015-01-01 00:00:00</PriceUpdateDate>
      <ItemCode>6251343</ItemCode>
      <ItemType>0</ItemType>
      <ItemName>תה פסיפלורה מנגו 25</ItemName>
      <ManufacturerName>ויסוצקי</ManufacturerName>
      <ManufactureCountry>לא ידוע</ManufactureCountry>
      <ManufacturerItemDescription>תה פסיפלורה מנגו 25 שקיקים</ManufacturerItemDescription>
      <UnitQty>גרמים</UnitQty>
      <Quantity>63.00</Quantity>
      <UnitOfMeasure>100 גרם</UnitOfMeasure>
      <bIsWeighted>0</bIsWeighted>
      <QtyInPackage>1</QtyInPackage>
      <ItemPrice>12.50</ItemPrice>
      <UnitOfMeasurePrice>19.8413</UnitOfMeasurePrice>
      <AllowDiscount>1</AllowDiscount>
      <ItemStatus>1</ItemStatus>
      <ItemId>224174</ItemId>
    </Item>
    <Item>
      <PriceUpdateDate>2015-01-01 00:00:00</PriceUpdateDate>
      <ItemCode>6251589</ItemCode>
      <ItemType>0</ItemType>
      <ItemName>תה ירוק נענע 50 שקיק</ItemName>
      <ManufacturerName>ויסוצקי</ManufacturerName>
      <ManufactureCountry>ישראל</ManufactureCountry>
      <ManufacturerItemDescription>תה ירוק נענע 50 שקיקים</ManufacturerItemDescription>
      <UnitQty>גרמים</UnitQty>
      <Quantity>75.00</Quantity>
      <UnitOfMeasure>100 גרם</UnitOfMeasure>
      <bIsWeighted>0</bIsWeighted>
      <QtyInPackage>1</QtyInPackage>
      <ItemPrice>33.80</ItemPrice>
      <UnitOfMeasurePrice>45.0667</UnitOfMeasurePrice>
      <AllowDiscount>1</AllowDiscount>
      <ItemStatus>1</ItemStatus>
      <ItemId>224175</ItemId>
    </Item>
    <Item>
      <PriceUpdateDate>2015-01-01 00:00:00</PriceUpdateDate>
      <ItemCode>62709</ItemCode>
      <ItemType>0</ItemType>
      <ItemName>לחמית שיפון 920 גרם</ItemName>
      <ManufacturerName>אסם</ManufacturerName>
      <ManufactureCountry>לא ידוע</ManufactureCountry>
      <ManufacturerItemDescription>לחמית שיפון 920 גרם</ManufacturerItemDescription>
      <UnitQty>גרמים</UnitQty>
      <Quantity>920.00</Quantity>
      <UnitOfMeasure>100 גרם</UnitOfMeasure>
      <bIsWeighted>0</bIsWeighted>
      <QtyInPackage>1</QtyInPackage>
      <ItemPrice>23.90</ItemPrice>
      <UnitOfMeasurePrice>2.5978</UnitOfMeasurePrice>
      <AllowDiscount>1</AllowDiscount>
      <ItemStatus>1</ItemStatus>
      <ItemId>224176</ItemId>
    </Item>
    <Item>
      <PriceUpdateDate>2016-08-03 10:10:31</PriceUpdateDate>
      <ItemCode>7290006859266</ItemCode>
      <ItemType>1</ItemType>
      <ItemName>וודקה גנסיס קליר 700</ItemName>
      <ManufacturerName>,</ManufacturerName>
      <ManufactureCountry>לא ידוע</ManufactureCountry>
      <ManufacturerItemDescription>וודקה גנסיס קליר 700 מ"ל</ManufacturerItemDescription>
      <UnitQty>מיליליטרים</UnitQty>
      <Quantity>700.00</Quantity>
      <UnitOfMeasure>100 מ"ל</UnitOfMeasure>
      <bIsWeighted>0</bIsWeighted>
      <QtyInPackage>1</QtyInPackage>
      <ItemPrice>39.90</ItemPrice>
      <UnitOfMeasurePrice>5.7000</UnitOfMeasurePrice>
      <AllowDiscount>1</AllowDiscount>
      <ItemStatus>1</ItemStatus>
      <ItemId>269123</ItemId>
    </Item>
    <Item>
      <PriceUpdateDate>2015-01-01 00:00:00</PriceUpdateDate>
      <ItemCode>6271181</ItemCode>
      <ItemType>0</ItemType>
      <ItemName>גחנון אפוי מעדנות 75</ItemName>
      <ManufacturerName>מעדנות</ManufacturerName>
      <ManufactureCountry>לא ידוע</ManufactureCountry>
      <ManufacturerItemDescription>גחנון אפוי מעדנות 750 גרם בד"צ בעל"ז</ManufacturerItemDescription>
      <UnitQty>גרמים</UnitQty>
      <Quantity>750.00</Quantity>
      <UnitOfMeasure>100 גרם</UnitOfMeasure>
      <bIsWeighted>0</bIsWeighted>
      <QtyInPackage>1</QtyInPackage>
      <ItemPrice>23.90</ItemPrice>
      <UnitOfMeasurePrice>3.1867</UnitOfMeasurePrice>
      <AllowDiscount>1</AllowDiscount>
      <ItemStatus>1</ItemStatus>
      <ItemId>224177</ItemId>
    </Item>
    <Item>
      <PriceUpdateDate>2015-06-30 12:13:08</PriceUpdateDate>
      <ItemCode>6271754</ItemCode>
      <ItemType>0</ItemType>
      <ItemName>גחנון בצק 1 ק"ג</ItemName>
      <ManufacturerName>מעדנות</ManufacturerName>
      <ManufactureCountry>ישראל</ManufactureCountry>
      <ManufacturerItemDescription>גחנון בצק 1 קג</ManufacturerItemDescription>
      <UnitQty>קילוגרמים</UnitQty>
      <Quantity>1.00</Quantity>
      <UnitOfMeasure>ק"ג     </UnitOfMeasure>
      <bIsWeighted>0</bIsWeighted>
      <QtyInPackage>1</QtyInPackage>
      <ItemPrice>22.90</ItemPrice>
      <UnitOfMeasurePrice>22.9000</UnitOfMeasurePrice>
      <AllowDiscount>1</AllowDiscount>
      <ItemStatus>1</ItemStatus>
      <ItemId>224178</ItemId>
    </Item>
    <Item>
      <PriceUpdateDate>2015-10-20 09:38:45</PriceUpdateDate>
      <ItemCode>9006308</ItemCode>
      <ItemType>0</ItemType>
      <ItemName>קיווי</ItemName>
      <ManufacturerName>,</ManufacturerName>
      <ManufactureCountry>לא ידוע</ManufactureCountry>
      <ManufacturerItemDescription>קיווי</ManufacturerItemDescription>
      <UnitQty>קילוגרמים</UnitQty>
      <Quantity>1.00</Quantity>
      <UnitOfMeasure>ק"ג</UnitOfMeasure>
      <bIsWeighted>1</bIsWeighted>
      <QtyInPackage>לא ידוע</QtyInPackage>
      <ItemPrice>24.90</ItemPrice>
      <UnitOfMeasurePrice>24.9000</UnitOfMeasurePrice>
      <AllowDiscount>1</AllowDiscount>
      <ItemStatus>1</ItemStatus>
      <ItemId>224179</ItemId>
    </Item>
    <Item>
      <PriceUpdateDate>2016-01-21 15:16:22</PriceUpdateDate>
      <ItemCode>630076</ItemCode>
      <ItemType>0</ItemType>
      <ItemName>עוף מס 2 קפוא עטרה</ItemName>
      <ManufacturerName>עטרה</ManufacturerName>
      <ManufactureCountry>לא ידוע</ManufactureCountry>
      <ManufacturerItemDescription>עוף מס 2 קפוא עטרה</ManufacturerItemDescription>
      <UnitQty>קילוגרמים</UnitQty>
      <Quantity>1.00</Quantity>
      <UnitOfMeasure>ק"ג</UnitOfMeasure>
      <bIsWeighted>1</bIsWeighted>
      <QtyInPackage>לא ידוע</QtyInPackage>
      <ItemPrice>19.90</ItemPrice>
      <UnitOfMeasurePrice>19.9000</UnitOfMeasurePrice>
      <AllowDiscount>1</AllowDiscount>
      <ItemStatus>1</ItemStatus>
      <ItemId>224181</ItemId>
    </Item>
    <Item>
      <PriceUpdateDate>2015-09-21 08:15:29</PriceUpdateDate>
      <ItemCode>63027</ItemCode>
      <ItemType>0</ItemType>
      <ItemName>לחמית ללא גלוטן 1 ק"</ItemName>
      <ManufacturerName>אסם</ManufacturerName>
      <ManufactureCountry>לא ידוע</ManufactureCountry>
      <ManufacturerItemDescription>לחמית ללא גלוטן 1 ק"ג</ManufacturerItemDescription>
      <UnitQty>קילוגרמים</UnitQty>
      <Quantity>1.00</Quantity>
      <UnitOfMeasure>ק"ג     </UnitOfMeasure>
      <bIsWeighted>0</bIsWeighted>
      <QtyInPackage>1</QtyInPackage>
      <ItemPrice>14.90</ItemPrice>
      <UnitOfMeasurePrice>14.9000</UnitOfMeasurePrice>
      <AllowDiscount>1</AllowDiscount>
      <ItemStatus>1</ItemStatus>
      <ItemId>224183</ItemId>
    </Item>
    <Item>
      <PriceUpdateDate>2015-01-01 00:00:00</PriceUpdateDate>
      <ItemCode>6306302</ItemCode>
      <ItemType>0</ItemType>
      <ItemName>רביולי גבינה ופרמזן</ItemName>
      <ManufacturerName>פסטה נונה</ManufacturerName>
      <ManufactureCountry>לא ידוע</ManufactureCountry>
      <ManufacturerItemDescription>רביולי גבינה ופרמזן 400 גרם</ManufacturerItemDescription>
      <UnitQty>גרמים</UnitQty>
      <Quantity>400.00</Quantity>
      <UnitOfMeasure>100 גרם</UnitOfMeasure>
      <bIsWeighted>0</bIsWeighted>
      <QtyInPackage>1</QtyInPackage>
      <ItemPrice>22.90</ItemPrice>
      <UnitOfMeasurePrice>5.7250</UnitOfMeasurePrice>
      <AllowDiscount>1</AllowDiscount>
      <ItemStatus>1</ItemStatus>
      <ItemId>224184</ItemId>
    </Item>
    <Item>
      <PriceUpdateDate>2015-01-01 00:00:00</PriceUpdateDate>
      <ItemCode>6306319</ItemCode>
      <ItemType>0</ItemType>
      <ItemName>רביולי בטטה 400 גרם</ItemName>
      <ManufacturerName>פסטה נונה</ManufacturerName>
      <ManufactureCountry>לא ידוע</ManufactureCountry>
      <ManufacturerItemDescription>רביולי בטטה 400 גרם</ManufacturerItemDescription>
      <UnitQty>גרמים</UnitQty>
      <Quantity>400.00</Quantity>
      <UnitOfMeasure>100 גרם</UnitOfMeasure>
      <bIsWeighted>0</bIsWeighted>
      <QtyInPackage>1</QtyInPackage>
      <ItemPrice>22.90</ItemPrice>
      <UnitOfMeasurePrice>5.7250</UnitOfMeasurePrice>
      <AllowDiscount>1</AllowDiscount>
      <ItemStatus>1</ItemStatus>
      <ItemId>224185</ItemId>
    </Item>
    <Item>
      <PriceUpdateDate>2015-01-01 00:00:00</PriceUpdateDate>
      <ItemCode>6306326</ItemCode>
      <ItemType>0</ItemType>
      <ItemName>רביולי פטריות 400 גר</ItemName>
      <ManufacturerName>פסטה נונה</ManufacturerName>
      <ManufactureCountry>לא ידוע</ManufactureCountry>
      <ManufacturerItemDescription>רביולי פטריות 400 גרם</ManufacturerItemDescription>
      <UnitQty>גרמים</UnitQty>
      <Quantity>400.00</Quantity>
      <UnitOfMeasure>100 גרם</UnitOfMeasure>
      <bIsWeighted>0</bIsWeighted>
      <QtyInPackage>1</QtyInPackage>
      <ItemPrice>22.90</ItemPrice>
      <UnitOfMeasurePrice>5.7250</UnitOfMeasurePrice>
      <AllowDiscount>1</AllowDiscount>
      <ItemStatus>1</ItemStatus>
      <ItemId>224186</ItemId>
    </Item>
    <Item>
      <PriceUpdateDate>2015-01-01 00:00:00</PriceUpdateDate>
      <ItemCode>6306333</ItemCode>
      <ItemType>0</ItemType>
      <ItemName>רביולי תרד 400 גרם</ItemName>
      <ManufacturerName>פסטה נונה</ManufacturerName>
      <ManufactureCountry>לא ידוע</ManufactureCountry>
      <ManufacturerItemDescription>רביולי תרד 400 גרם</ManufacturerItemDescription>
      <UnitQty>גרמים</UnitQty>
      <Quantity>400.00</Quantity>
      <UnitOfMeasure>100 גרם</UnitOfMeasure>
      <bIsWeighted>0</bIsWeighted>
      <QtyInPackage>1</QtyInPackage>
      <ItemPrice>22.90</ItemPrice>
      <UnitOfMeasurePrice>5.7250</UnitOfMeasurePrice>
      <AllowDiscount>1</AllowDiscount>
      <ItemStatus>1</ItemStatus>
      <ItemId>224187</ItemId>
    </Item>
    <Item>
      <PriceUpdateDate>2015-01-01 00:00:00</PriceUpdateDate>
      <ItemCode>6306357</ItemCode>
      <ItemType>0</ItemType>
      <ItemName>רביולי גבינת עיזים</ItemName>
      <ManufacturerName>פסטה נונה</ManufacturerName>
      <ManufactureCountry>לא ידוע</ManufactureCountry>
      <ManufacturerItemDescription>רביולי גבינת עיזים 400 גרם</ManufacturerItemDescription>
      <UnitQty>גרמים</UnitQty>
      <Quantity>400.00</Quantity>
      <UnitOfMeasure>100 גרם</UnitOfMeasure>
      <bIsWeighted>0</bIsWeighted>
      <QtyInPackage>1</QtyInPackage>
      <ItemPrice>21.90</ItemPrice>
      <UnitOfMeasurePrice>5.4750</UnitOfMeasurePrice>
      <AllowDiscount>1</AllowDiscount>
      <ItemStatus>1</ItemStatus>
      <ItemId>224189</ItemId>
    </Item>
    <Item>
      <PriceUpdateDate>2015-01-01 00:00:00</PriceUpdateDate>
      <ItemCode>63140</ItemCode>
      <ItemType>0</ItemType>
      <ItemName>שקדי מרק 400 גרם שקי</ItemName>
      <ManufacturerName>אסם</ManufacturerName>
      <ManufactureCountry>לא ידוע</ManufactureCountry>
      <ManufacturerItemDescription>שקדי מרק 400 גרם שקית</ManufacturerItemDescription>
      <UnitQty>גרמים</UnitQty>
      <Quantity>400.00</Quantity>
      <UnitOfMeasure>100 גרם</UnitOfMeasure>
      <bIsWeighted>0</bIsWeighted>
      <QtyInPackage>1</QtyInPackage>
      <ItemPrice>10.90</ItemPrice>
      <UnitOfMeasurePrice>2.7250</UnitOfMeasurePrice>
      <AllowDiscount>1</AllowDiscount>
      <ItemStatus>1</ItemStatus>
      <ItemId>224195</ItemId>
    </Item>
    <Item>
      <PriceUpdateDate>2015-09-21 08:15:29</PriceUpdateDate>
      <ItemCode>63157</ItemCode>
      <ItemType>0</ItemType>
      <ItemName>קמח תופח מאליו 1 קג</ItemName>
      <ManufacturerName>אסם</ManufacturerName>
      <ManufactureCountry>לא ידוע</ManufactureCountry>
      <ManufacturerItemDescription>קמח תופח מאליו 1 ק"ג</ManufacturerItemDescription>
      <UnitQty>קילוגרמים</UnitQty>
      <Quantity>1.00</Quantity>
      <UnitOfMeasure>ק"ג     </UnitOfMeasure>
      <bIsWeighted>0</bIsWeighted>
      <QtyInPackage>1</QtyInPackage>
      <ItemPrice>7.90</ItemPrice>
      <UnitOfMeasurePrice>7.9000</UnitOfMeasurePrice>
      <AllowDiscount>1</AllowDiscount>
      <ItemStatus>1</ItemStatus>
      <ItemId>224196</ItemId>
    </Item>
    <Item>
      <PriceUpdateDate>2015-01-01 00:00:00</PriceUpdateDate>
      <ItemCode>632209</ItemCode>
      <ItemType>0</ItemType>
      <ItemName>חזה עוף קפוא עטרה</ItemName>
      <ManufacturerName>עטרה</ManufacturerName>
      <ManufactureCountry>לא ידוע</ManufactureCountry>
      <ManufacturerItemDescription>חזה עוף קפוא עטרה</ManufacturerItemDescription>
      <UnitQty>קילוגרמים</UnitQty>
      <Quantity>1.00</Quantity>
      <UnitOfMeasure>ק"ג</UnitOfMeasure>
      <bIsWeighted>1</bIsWeighted>
      <QtyInPackage>לא ידוע</QtyInPackage>
      <ItemPrice>33.90</ItemPrice>
      <UnitOfMeasurePrice>33.9000</UnitOfMeasurePrice>
      <AllowDiscount>1</AllowDiscount>
      <ItemStatus>1</ItemStatus>
      <ItemId>224197</ItemId>
    </Item>
    <Item>
      <PriceUpdateDate>2015-01-01 00:00:00</PriceUpdateDate>
      <ItemCode>632391</ItemCode>
      <ItemType>0</ItemType>
      <ItemName>כרעיים עוף קפוא  עטר</ItemName>
      <ManufacturerName>עטרה</ManufacturerName>
      <ManufactureCountry>לא ידוע</ManufactureCountry>
      <ManufacturerItemDescription>כרעיים עוף קפוא  עטרה</ManufacturerItemDescription>
      <UnitQty>קילוגרמים</UnitQty>
      <Quantity>1.00</Quantity>
      <UnitOfMeasure>ק"ג</UnitOfMeasure>
      <bIsWeighted>1</bIsWeighted>
      <QtyInPackage>לא ידוע</QtyInPackage>
      <ItemPrice>29.90</ItemPrice>
      <UnitOfMeasurePrice>29.9000</UnitOfMeasurePrice>
      <AllowDiscount>1</AllowDiscount>
      <ItemStatus>1</ItemStatus>
      <ItemId>224198</ItemId>
    </Item>
    <Item>
      <PriceUpdateDate>2015-01-01 00:00:00</PriceUpdateDate>
      <ItemCode>63300</ItemCode>
      <ItemType>0</ItemType>
      <ItemName>סירופ ויטמינציק פטל</ItemName>
      <ManufacturerName>בית השיטה עסיס תעשיו</ManufacturerName>
      <ManufactureCountry>לא ידוע</ManufactureCountry>
      <ManufacturerItemDescription>סירופ ויטמינציק פטל 2 ליטר</ManufacturerItemDescription>
      <UnitQty>ליטרים</UnitQty>
      <Quantity>2.00</Quantity>
      <UnitOfMeasure>ליטר    </UnitOfMeasure>
      <bIsWeighted>0</bIsWeighted>
      <QtyInPackage>1</QtyInPackage>
      <ItemPrice>23.90</ItemPrice>
      <UnitOfMeasurePrice>11.9500</UnitOfMeasurePrice>
      <AllowDiscount>1</AllowDiscount>
      <ItemStatus>1</ItemStatus>
      <ItemId>224202</ItemId>
    </Item>
    <Item>
      <PriceUpdateDate>2015-01-01 00:00:00</PriceUpdateDate>
      <ItemCode>633800</ItemCode>
      <ItemType>0</ItemType>
      <ItemName>כנפיים עוף קפוא עטרה</ItemName>
      <ManufacturerName>עטרה</ManufacturerName>
      <ManufactureCountry>לא ידוע</ManufactureCountry>
      <ManufacturerItemDescription>כנפיים עוף קפוא עטרה</ManufacturerItemDescription>
      <UnitQty>קילוגרמים</UnitQty>
      <Quantity>1.00</Quantity>
      <UnitOfMeasure>ק"ג</UnitOfMeasure>
      <bIsWeighted>1</bIsWeighted>
      <QtyInPackage>לא ידוע</QtyInPackage>
      <ItemPrice>9.90</ItemPrice>
      <UnitOfMeasurePrice>9.9000</UnitOfMeasurePrice>
      <AllowDiscount>1</AllowDiscount>
      <ItemStatus>1</ItemStatus>
      <ItemId>224203</ItemId>
    </Item>
    <Item>
      <PriceUpdateDate>2015-01-01 00:00:00</PriceUpdateDate>
      <ItemCode>6429049</ItemCode>
      <ItemType>0</ItemType>
      <ItemName>שמן דקלים 1 ליטר כשל</ItemName>
      <ManufacturerName>,</ManufacturerName>
      <ManufactureCountry>לא ידוע</ManufactureCountry>
      <ManufacturerItemDescription>שמן דקלים 1 ליטר כשל"פ</ManufacturerItemDescription>
      <UnitQty>ליטרים</UnitQty>
      <Quantity>1.00</Quantity>
      <UnitOfMeasure>ליטר    </UnitOfMeasure>
      <bIsWeighted>0</bIsWeighted>
      <QtyInPackage>1</QtyInPackage>
      <ItemPrice>11.90</ItemPrice>
      <UnitOfMeasurePrice>11.9000</UnitOfMeasurePrice>
      <AllowDiscount>1</AllowDiscount>
      <ItemStatus>1</ItemStatus>
      <ItemId>224210</ItemId>
    </Item>
    <Item>
      <PriceUpdateDate>2015-01-01 00:00:00</PriceUpdateDate>
      <ItemCode>6429506</ItemCode>
      <ItemType>0</ItemType>
      <ItemName>לפתן אפרסק 820 גרם</ItemName>
      <ManufacturerName>,</ManufacturerName>
      <ManufactureCountry>לא ידוע</ManufactureCountry>
      <ManufacturerItemDescription>לפתן אפרסק 820 גרם</ManufacturerItemDescription>
      <UnitQty>גרמים</UnitQty>
      <Quantity>820.00</Quantity>
      <UnitOfMeasure>100 גרם</UnitOfMeasure>
      <bIsWeighted>0</bIsWeighted>
      <QtyInPackage>1</QtyInPackage>
      <ItemPrice>6.90</ItemPrice>
      <UnitOfMeasurePrice>0.8415</UnitOfMeasurePrice>
      <AllowDiscount>1</AllowDiscount>
      <ItemStatus>1</ItemStatus>
      <ItemId>224212</ItemId>
    </Item>
    <Item>
      <PriceUpdateDate>2015-01-01 00:00:00</PriceUpdateDate>
      <ItemCode>64321</ItemCode>
      <ItemType>0</ItemType>
      <ItemName>תבשיל מגדרה 145 גרם</ItemName>
      <ManufacturerName>אסם</ManufacturerName>
      <ManufactureCountry>לא ידוע</ManufactureCountry>
      <ManufacturerItemDescription>תבשיל מגדרה 145 גרם</ManufacturerItemDescription>
      <UnitQty>גרמים</UnitQty>
      <Quantity>145.00</Quantity>
      <UnitOfMeasure>100 גרם</UnitOfMeasure>
      <bIsWeighted>0</bIsWeighted>
      <QtyInPackage>1</QtyInPackage>
      <ItemPrice>8.90</ItemPrice>
      <UnitOfMeasurePrice>6.1379</UnitOfMeasurePrice>
      <AllowDiscount>1</AllowDiscount>
      <ItemStatus>1</ItemStatus>
      <ItemId>224214</ItemId>
    </Item>
    <Item>
      <PriceUpdateDate>2015-01-01 00:00:00</PriceUpdateDate>
      <ItemCode>64505</ItemCode>
      <ItemType>0</ItemType>
      <ItemName>תבשיל פתיתים וירקות</ItemName>
      <ManufacturerName>אסם</ManufacturerName>
      <ManufactureCountry>לא ידוע</ManufactureCountry>
      <ManufacturerItemDescription>תבשיל פתיתים וירקות 130 גרם</ManufacturerItemDescription>
      <UnitQty>גרמים</UnitQty>
      <Quantity>130.00</Quantity>
      <UnitOfMeasure>100 גרם</UnitOfMeasure>
      <bIsWeighted>0</bIsWeighted>
      <QtyInPackage>1</QtyInPackage>
      <ItemPrice>10.70</ItemPrice>
      <UnitOfMeasurePrice>8.2308</UnitOfMeasurePrice>
      <AllowDiscount>1</AllowDiscount>
      <ItemStatus>1</ItemStatus>
      <ItemId>224218</ItemId>
    </Item>
    <Item>
      <PriceUpdateDate>2015-05-27 14:32:35</PriceUpdateDate>
      <ItemCode>646114</ItemCode>
      <ItemType>0</ItemType>
      <ItemName>כנפיים הודו קפוא עטר</ItemName>
      <ManufacturerName>,</ManufacturerName>
      <ManufactureCountry>לא ידוע</ManufactureCountry>
      <ManufacturerItemDescription>כנפיים הודו קפוא עטרה</ManufacturerItemDescription>
      <UnitQty>קילוגרמים</UnitQty>
      <Quantity>1.00</Quantity>
      <UnitOfMeasure>ק"ג</UnitOfMeasure>
      <bIsWeighted>1</bIsWeighted>
      <QtyInPackage>לא ידוע</QtyInPackage>
      <ItemPrice>9.90</ItemPrice>
      <UnitOfMeasurePrice>9.9000</UnitOfMeasurePrice>
      <AllowDiscount>1</AllowDiscount>
      <ItemStatus>1</ItemStatus>
      <ItemId>224219</ItemId>
    </Item>
    <Item>
      <PriceUpdateDate>2015-06-28 10:55:09</PriceUpdateDate>
      <ItemCode>64871</ItemCode>
      <ItemType>0</ItemType>
      <ItemName>מנה חמה פירה בצל 56</ItemName>
      <ManufacturerName>אסם</ManufacturerName>
      <ManufactureCountry>לא ידוע</ManufactureCountry>
      <ManufacturerItemDescription>מנה חמה פירה בצל 56 גרם</ManufacturerItemDescription>
      <UnitQty>גרמים</UnitQty>
      <Quantity>87.00</Quantity>
      <UnitOfMeasure>100 גרם</UnitOfMeasure>
      <bIsWeighted>0</bIsWeighted>
      <QtyInPackage>1</QtyInPackage>
      <ItemPrice>4.10</ItemPrice>
      <UnitOfMeasurePrice>4.7126</UnitOfMeasurePrice>
      <AllowDiscount>1</AllowDiscount>
      <ItemStatus>1</ItemStatus>
      <ItemId>224222</ItemId>
    </Item>
    <Item>
      <PriceUpdateDate>2015-01-01 00:00:00</PriceUpdateDate>
      <ItemCode>6494825</ItemCode>
      <ItemType>0</ItemType>
      <ItemName>גלי משמש מרמולייט</ItemName>
      <ManufacturerName>אשבל</ManufacturerName>
      <ManufactureCountry>לא ידוע</ManufactureCountry>
      <ManufacturerItemDescription>גלי משמש מרמולייט</ManufacturerItemDescription>
      <UnitQty>גרמים</UnitQty>
      <Quantity>15.00</Quantity>
      <UnitOfMeasure>100 גרם</UnitOfMeasure>
      <bIsWeighted>0</bIsWeighted>
      <QtyInPackage>1</QtyInPackage>
      <ItemPrice>5.90</ItemPrice>
      <UnitOfMeasurePrice>39.3333</UnitOfMeasurePrice>
      <AllowDiscount>1</AllowDiscount>
      <ItemStatus>1</ItemStatus>
      <ItemId>224238</ItemId>
    </Item>
    <Item>
      <PriceUpdateDate>2015-01-01 00:00:00</PriceUpdateDate>
      <ItemCode>6498052</ItemCode>
      <ItemType>0</ItemType>
      <ItemName>דנונה טבעי 3% 150 מ"</ItemName>
      <ManufacturerName>שטראוס</ManufacturerName>
      <ManufactureCountry>ישראל</ManufactureCountry>
      <ManufacturerItemDescription>דנונה טבעי 3% 150 מל</ManufacturerItemDescription>
      <UnitQty>מיליליטרים</UnitQty>
      <Quantity>150.00</Quantity>
      <UnitOfMeasure>100 מ"ל</UnitOfMeasure>
      <bIsWeighted>0</bIsWeighted>
      <QtyInPackage>1</QtyInPackage>
      <ItemPrice>2.90</ItemPrice>
      <UnitOfMeasurePrice>1.9333</UnitOfMeasurePrice>
      <AllowDiscount>1</AllowDiscount>
      <ItemStatus>1</ItemStatus>
      <ItemId>224243</ItemId>
    </Item>
    <Item>
      <PriceUpdateDate>2015-01-01 00:00:00</PriceUpdateDate>
      <ItemCode>65090</ItemCode>
      <ItemType>0</ItemType>
      <ItemName>קרוטונים מיני למרק/ל</ItemName>
      <ManufacturerName>עינת</ManufacturerName>
      <ManufactureCountry>לא ידוע</ManufactureCountry>
      <ManufacturerItemDescription>קרוטונים מיני למרק/לסלט 400 גרם</ManufacturerItemDescription>
      <UnitQty>גרמים</UnitQty>
      <Quantity>400.00</Quantity>
      <UnitOfMeasure>100 גרם</UnitOfMeasure>
      <bIsWeighted>0</bIsWeighted>
      <QtyInPackage>1</QtyInPackage>
      <ItemPrice>21.50</ItemPrice>
      <UnitOfMeasurePrice>5.3750</UnitOfMeasurePrice>
      <AllowDiscount>1</AllowDiscount>
      <ItemStatus>1</ItemStatus>
      <ItemId>224250</ItemId>
    </Item>
    <Item>
      <PriceUpdateDate>2015-01-01 00:00:00</PriceUpdateDate>
      <ItemCode>6511157</ItemCode>
      <ItemType>0</ItemType>
      <ItemName>פטריות שלמות 400 גרם</ItemName>
      <ManufacturerName>אוקוצמפ</ManufacturerName>
      <ManufactureCountry>לא ידוע</ManufactureCountry>
      <ManufacturerItemDescription>פטריות שלמות 400 גרם בד"צ</ManufacturerItemDescription>
      <UnitQty>גרמים</UnitQty>
      <Quantity>400.00</Quantity>
      <UnitOfMeasure>100 גרם</UnitOfMeasure>
      <bIsWeighted>0</bIsWeighted>
      <QtyInPackage>1</QtyInPackage>
      <ItemPrice>6.80</ItemPrice>
      <UnitOfMeasurePrice>1.7000</UnitOfMeasurePrice>
      <AllowDiscount>1</AllowDiscount>
      <ItemStatus>1</ItemStatus>
      <ItemId>224252</ItemId>
    </Item>
    <Item>
      <PriceUpdateDate>2015-06-28 10:55:09</PriceUpdateDate>
      <ItemCode>65335</ItemCode>
      <ItemType>0</ItemType>
      <ItemName>מנה חמה תבשיל תפו"א</ItemName>
      <ManufacturerName>אסם</ManufacturerName>
      <ManufactureCountry>לא ידוע</ManufactureCountry>
      <ManufacturerItemDescription>מנה חמה תבשיל תפו"א ירק</ManufacturerItemDescription>
      <UnitQty>גרמים</UnitQty>
      <Quantity>55.00</Quantity>
      <UnitOfMeasure>100 גרם</UnitOfMeasure>
      <bIsWeighted>0</bIsWeighted>
      <QtyInPackage>1</QtyInPackage>
      <ItemPrice>4.10</ItemPrice>
      <UnitOfMeasurePrice>7.4545</UnitOfMeasurePrice>
      <AllowDiscount>1</AllowDiscount>
      <ItemStatus>1</ItemStatus>
      <ItemId>224256</ItemId>
    </Item>
    <Item>
      <PriceUpdateDate>2016-06-01 15:11:44</PriceUpdateDate>
      <ItemCode>7290900010367</ItemCode>
      <ItemType>1</ItemType>
      <ItemName>מארז טורטיות 36 יח</ItemName>
      <ManufacturerName>,</ManufacturerName>
      <ManufactureCountry>לא ידוע</ManufactureCountry>
      <ManufacturerItemDescription>מארז טורטיות 36 יח</ManufacturerItemDescription>
      <UnitQty>לא מנהל יחידת מידה</UnitQty>
      <Quantity>0.00</Quantity>
      <UnitOfMeasure>לא מנהל יחידת מידה</UnitOfMeasure>
      <bIsWeighted>0</bIsWeighted>
      <QtyInPackage>1</QtyInPackage>
      <ItemPrice>19.90</ItemPrice>
      <UnitOfMeasurePrice>0.0000</UnitOfMeasurePrice>
      <AllowDiscount>1</AllowDiscount>
      <ItemStatus>1</ItemStatus>
      <ItemId>268346</ItemId>
    </Item>
    <Item>
      <PriceUpdateDate>2015-11-01 12:02:03</PriceUpdateDate>
      <ItemCode>9006551</ItemCode>
      <ItemType>0</ItemType>
      <ItemName>מנגו</ItemName>
      <ManufacturerName>,</ManufacturerName>
      <ManufactureCountry>לא ידוע</ManufactureCountry>
      <ManufacturerItemDescription>מנגו</ManufacturerItemDescription>
      <UnitQty>קילוגרמים</UnitQty>
      <Quantity>1.00</Quantity>
      <UnitOfMeasure>ק"ג</UnitOfMeasure>
      <bIsWeighted>1</bIsWeighted>
      <QtyInPackage>לא ידוע</QtyInPackage>
      <ItemPrice>6.90</ItemPrice>
      <UnitOfMeasurePrice>6.9000</UnitOfMeasurePrice>
      <AllowDiscount>1</AllowDiscount>
      <ItemStatus>1</ItemStatus>
      <ItemId>224262</ItemId>
    </Item>
    <Item>
      <PriceUpdateDate>2015-01-01 00:00:00</PriceUpdateDate>
      <ItemCode>658155</ItemCode>
      <ItemType>0</ItemType>
      <ItemName>דג אמנון שלם</ItemName>
      <ManufacturerName>דלידג</ManufacturerName>
      <ManufactureCountry>לא ידוע</ManufactureCountry>
      <ManufacturerItemDescription>דג אמנון שלם</ManufacturerItemDescription>
      <UnitQty>קילוגרמים</UnitQty>
      <Quantity>1.00</Quantity>
      <UnitOfMeasure>ק"ג</UnitOfMeasure>
      <bIsWeighted>1</bIsWeighted>
      <QtyInPackage>לא ידוע</QtyInPackage>
      <ItemPrice>19.90</ItemPrice>
      <UnitOfMeasurePrice>19.9000</UnitOfMeasurePrice>
      <AllowDiscount>1</AllowDiscount>
      <ItemStatus>1</ItemStatus>
      <ItemId>224266</ItemId>
    </Item>
    <Item>
      <PriceUpdateDate>2015-09-21 08:15:30</PriceUpdateDate>
      <ItemCode>66134</ItemCode>
      <ItemType>0</ItemType>
      <ItemName>ביסלי פלאפל 70 גרם</ItemName>
      <ManufacturerName>אסם</ManufacturerName>
      <ManufactureCountry>לא ידוע</ManufactureCountry>
      <ManufacturerItemDescription>ביסלי פלאפל 70 גרם</ManufacturerItemDescription>
      <UnitQty>גרמים</UnitQty>
      <Quantity>70.00</Quantity>
      <UnitOfMeasure>100 גרם</UnitOfMeasure>
      <bIsWeighted>0</bIsWeighted>
      <QtyInPackage>1</QtyInPackage>
      <ItemPrice>3.90</ItemPrice>
      <UnitOfMeasurePrice>5.5714</UnitOfMeasurePrice>
      <AllowDiscount>1</AllowDiscount>
      <ItemStatus>1</ItemStatus>
      <ItemId>224270</ItemId>
    </Item>
    <Item>
      <PriceUpdateDate>2015-09-21 08:15:30</PriceUpdateDate>
      <ItemCode>66141</ItemCode>
      <ItemType>0</ItemType>
      <ItemName>ביסלי גריל 70 גרם</ItemName>
      <ManufacturerName>אסם</ManufacturerName>
      <ManufactureCountry>לא ידוע</ManufactureCountry>
      <ManufacturerItemDescription>ביסלי גריל 70 גרם</ManufacturerItemDescription>
      <UnitQty>גרמים</UnitQty>
      <Quantity>70.00</Quantity>
      <UnitOfMeasure>100 גרם</UnitOfMeasure>
      <bIsWeighted>0</bIsWeighted>
      <QtyInPackage>1</QtyInPackage>
      <ItemPrice>3.90</ItemPrice>
      <UnitOfMeasurePrice>5.5714</UnitOfMeasurePrice>
      <AllowDiscount>1</AllowDiscount>
      <ItemStatus>1</ItemStatus>
      <ItemId>224271</ItemId>
    </Item>
    <Item>
      <PriceUpdateDate>2015-09-21 08:15:30</PriceUpdateDate>
      <ItemCode>66158</ItemCode>
      <ItemType>0</ItemType>
      <ItemName>ביסלי בצל 67 גרם</ItemName>
      <ManufacturerName>אסם</ManufacturerName>
      <ManufactureCountry>לא ידוע</ManufactureCountry>
      <ManufacturerItemDescription>ביסלי בצל 67 גרם</ManufacturerItemDescription>
      <UnitQty>גרמים</UnitQty>
      <Quantity>70.00</Quantity>
      <UnitOfMeasure>100 גרם</UnitOfMeasure>
      <bIsWeighted>0</bIsWeighted>
      <QtyInPackage>1</QtyInPackage>
      <ItemPrice>3.90</ItemPrice>
      <UnitOfMeasurePrice>5.5714</UnitOfMeasurePrice>
      <AllowDiscount>1</AllowDiscount>
      <ItemStatus>1</ItemStatus>
      <ItemId>224272</ItemId>
    </Item>
    <Item>
      <PriceUpdateDate>2015-09-21 08:15:30</PriceUpdateDate>
      <ItemCode>66165</ItemCode>
      <ItemType>0</ItemType>
      <ItemName>ביסלי ברביקיו 67 גרם</ItemName>
      <ManufacturerName>אסם</ManufacturerName>
      <ManufactureCountry>לא ידוע</ManufactureCountry>
      <ManufacturerItemDescription>ביסלי ברביקיו 67 גרם</ManufacturerItemDescription>
      <UnitQty>גרמים</UnitQty>
      <Quantity>70.00</Quantity>
      <UnitOfMeasure>100 גרם</UnitOfMeasure>
      <bIsWeighted>0</bIsWeighted>
      <QtyInPackage>1</QtyInPackage>
      <ItemPrice>3.90</ItemPrice>
      <UnitOfMeasurePrice>5.5714</UnitOfMeasurePrice>
      <AllowDiscount>1</AllowDiscount>
      <ItemStatus>1</ItemStatus>
      <ItemId>224273</ItemId>
    </Item>
    <Item>
      <PriceUpdateDate>2015-09-21 08:15:30</PriceUpdateDate>
      <ItemCode>66264</ItemCode>
      <ItemType>0</ItemType>
      <ItemName>דובונים 40 גרם</ItemName>
      <ManufacturerName>אסם</ManufacturerName>
      <ManufactureCountry>לא ידוע</ManufactureCountry>
      <ManufacturerItemDescription>דובונים 40 גרם</ManufacturerItemDescription>
      <UnitQty>גרמים</UnitQty>
      <Quantity>40.00</Quantity>
      <UnitOfMeasure>100 גרם</UnitOfMeasure>
      <bIsWeighted>0</bIsWeighted>
      <QtyInPackage>1</QtyInPackage>
      <ItemPrice>3.90</ItemPrice>
      <UnitOfMeasurePrice>9.7500</UnitOfMeasurePrice>
      <AllowDiscount>1</AllowDiscount>
      <ItemStatus>1</ItemStatus>
      <ItemId>224284</ItemId>
    </Item>
    <Item>
      <PriceUpdateDate>2015-01-01 00:00:00</PriceUpdateDate>
      <ItemCode>66295</ItemCode>
      <ItemType>0</ItemType>
      <ItemName>במבה מתוקה 30 גרם</ItemName>
      <ManufacturerName>גבעול</ManufacturerName>
      <ManufactureCountry>לא ידוע</ManufactureCountry>
      <ManufacturerItemDescription>במבה מתוקה 30 גרם</ManufacturerItemDescription>
      <UnitQty>גרמים</UnitQty>
      <Quantity>30.00</Quantity>
      <UnitOfMeasure>100 גרם</UnitOfMeasure>
      <bIsWeighted>0</bIsWeighted>
      <QtyInPackage>1</QtyInPackage>
      <ItemPrice>2.40</ItemPrice>
      <UnitOfMeasurePrice>8.0000</UnitOfMeasurePrice>
      <AllowDiscount>1</AllowDiscount>
      <ItemStatus>1</ItemStatus>
      <ItemId>224285</ItemId>
    </Item>
    <Item>
      <PriceUpdateDate>2015-09-21 15:30:30</PriceUpdateDate>
      <ItemCode>66318</ItemCode>
      <ItemType>0</ItemType>
      <ItemName>במבה 80 גרם</ItemName>
      <ManufacturerName>גבעול</ManufacturerName>
      <ManufactureCountry>לא ידוע</ManufactureCountry>
      <ManufacturerItemDescription>במבה 80 גרם</ManufacturerItemDescription>
      <UnitQty>גרמים</UnitQty>
      <Quantity>80.00</Quantity>
      <UnitOfMeasure>100 גרם</UnitOfMeasure>
      <bIsWeighted>0</bIsWeighted>
      <QtyInPackage>1</QtyInPackage>
      <ItemPrice>3.90</ItemPrice>
      <UnitOfMeasurePrice>4.8750</UnitOfMeasurePrice>
      <AllowDiscount>1</AllowDiscount>
      <ItemStatus>1</ItemStatus>
      <ItemId>224286</ItemId>
    </Item>
    <Item>
      <PriceUpdateDate>2015-09-21 08:18:19</PriceUpdateDate>
      <ItemCode>66431</ItemCode>
      <ItemType>0</ItemType>
      <ItemName>פופקו 80 גרם</ItemName>
      <ManufacturerName>גבעול</ManufacturerName>
      <ManufactureCountry>לא ידוע</ManufactureCountry>
      <ManufacturerItemDescription>פופקו 80 גרם</ManufacturerItemDescription>
      <UnitQty>גרמים</UnitQty>
      <Quantity>80.00</Quantity>
      <UnitOfMeasure>100 גרם</UnitOfMeasure>
      <bIsWeighted>0</bIsWeighted>
      <QtyInPackage>1</QtyInPackage>
      <ItemPrice>4.50</ItemPrice>
      <UnitOfMeasurePrice>5.6250</UnitOfMeasurePrice>
      <AllowDiscount>1</AllowDiscount>
      <ItemStatus>1</ItemStatus>
      <ItemId>224287</ItemId>
    </Item>
    <Item>
      <PriceUpdateDate>2015-01-01 00:00:00</PriceUpdateDate>
      <ItemCode>6644589</ItemCode>
      <ItemType>0</ItemType>
      <ItemName>קריסטל אשכוליות דיאט</ItemName>
      <ManufacturerName>יפאורה תבורי</ManufacturerName>
      <ManufactureCountry>ישראל</ManufactureCountry>
      <ManufacturerItemDescription>קריסטל אשכוליות דיאט 2 ליטר</ManufacturerItemDescription>
      <UnitQty>ליטרים</UnitQty>
      <Quantity>2.00</Quantity>
      <UnitOfMeasure>ליטר    </UnitOfMeasure>
      <bIsWeighted>0</bIsWeighted>
      <QtyInPackage>1</QtyInPackage>
      <ItemPrice>3.30</ItemPrice>
      <UnitOfMeasurePrice>1.6500</UnitOfMeasurePrice>
      <AllowDiscount>1</AllowDiscount>
      <ItemStatus>1</ItemStatus>
      <ItemId>224288</ItemId>
    </Item>
    <Item>
      <PriceUpdateDate>2015-01-01 00:00:00</PriceUpdateDate>
      <ItemCode>6644596</ItemCode>
      <ItemType>0</ItemType>
      <ItemName>קריסטל אקזוטי מוגז 2</ItemName>
      <ManufacturerName>יפאורה תבורי</ManufacturerName>
      <ManufactureCountry>ישראל</ManufactureCountry>
      <ManufacturerItemDescription>קריסטל אקזוטי מוגז 2 ליטר</ManufacturerItemDescription>
      <UnitQty>ליטרים</UnitQty>
      <Quantity>2.00</Quantity>
      <UnitOfMeasure>ליטר    </UnitOfMeasure>
      <bIsWeighted>0</bIsWeighted>
      <QtyInPackage>1</QtyInPackage>
      <ItemPrice>3.30</ItemPrice>
      <UnitOfMeasurePrice>1.6500</UnitOfMeasurePrice>
      <AllowDiscount>1</AllowDiscount>
      <ItemStatus>1</ItemStatus>
      <ItemId>224289</ItemId>
    </Item>
    <Item>
      <PriceUpdateDate>2015-01-01 00:00:00</PriceUpdateDate>
      <ItemCode>6644626</ItemCode>
      <ItemType>0</ItemType>
      <ItemName>ספרינג פירות טרופיים</ItemName>
      <ManufacturerName>יפאורה תבורי</ManufacturerName>
      <ManufactureCountry>לא ידוע</ManufactureCountry>
      <ManufacturerItemDescription>ספרינג פירות טרופיים 1.5 ליטר</ManufacturerItemDescription>
      <UnitQty>ליטרים</UnitQty>
      <Quantity>1.50</Quantity>
      <UnitOfMeasure>ליטר    </UnitOfMeasure>
      <bIsWeighted>0</bIsWeighted>
      <QtyInPackage>1</QtyInPackage>
      <ItemPrice>5.90</ItemPrice>
      <UnitOfMeasurePrice>3.9333</UnitOfMeasurePrice>
      <AllowDiscount>1</AllowDiscount>
      <ItemStatus>1</ItemStatus>
      <ItemId>224290</ItemId>
    </Item>
    <Item>
      <PriceUpdateDate>2015-01-01 00:00:00</PriceUpdateDate>
      <ItemCode>6644756</ItemCode>
      <ItemType>0</ItemType>
      <ItemName>אר.סי קיו לימון רביע</ItemName>
      <ManufacturerName>יפאורה תבורי</ManufacturerName>
      <ManufactureCountry>לא ידוע</ManufactureCountry>
      <ManufacturerItemDescription>אר.סי קיו לימון רביעייה</ManufacturerItemDescription>
      <UnitQty>ליטרים</UnitQty>
      <Quantity>6.00</Quantity>
      <UnitOfMeasure>ליטר    </UnitOfMeasure>
      <bIsWeighted>0</bIsWeighted>
      <QtyInPackage>1</QtyInPackage>
      <ItemPrice>13.90</ItemPrice>
      <UnitOfMeasurePrice>2.3167</UnitOfMeasurePrice>
      <AllowDiscount>1</AllowDiscount>
      <ItemStatus>1</ItemStatus>
      <ItemId>224293</ItemId>
    </Item>
    <Item>
      <PriceUpdateDate>2015-01-01 00:00:00</PriceUpdateDate>
      <ItemCode>6644763</ItemCode>
      <ItemType>0</ItemType>
      <ItemName>אר.סי קיו לימון דיאט</ItemName>
      <ManufacturerName>יפאורה תבורי</ManufacturerName>
      <ManufactureCountry>לא ידוע</ManufactureCountry>
      <ManufacturerItemDescription>אר.סי קיו לימון דיאט רביעיה</ManufacturerItemDescription>
      <UnitQty>ליטרים</UnitQty>
      <Quantity>6.00</Quantity>
      <UnitOfMeasure>ליטר    </UnitOfMeasure>
      <bIsWeighted>0</bIsWeighted>
      <QtyInPackage>1</QtyInPackage>
      <ItemPrice>13.90</ItemPrice>
      <UnitOfMeasurePrice>2.3167</UnitOfMeasurePrice>
      <AllowDiscount>1</AllowDiscount>
      <ItemStatus>1</ItemStatus>
      <ItemId>224294</ItemId>
    </Item>
    <Item>
      <PriceUpdateDate>2015-01-01 00:00:00</PriceUpdateDate>
      <ItemCode>6644817</ItemCode>
      <ItemType>0</ItemType>
      <ItemName>רביעיית שוופס סודה *</ItemName>
      <ManufacturerName>יפאורה תבורי</ManufacturerName>
      <ManufactureCountry>לא ידוע</ManufactureCountry>
      <ManufacturerItemDescription>שוופס סודה רביעייה * 1.5 ליטר</ManufacturerItemDescription>
      <UnitQty>ליטרים</UnitQty>
      <Quantity>6.00</Quantity>
      <UnitOfMeasure>ליטר    </UnitOfMeasure>
      <bIsWeighted>0</bIsWeighted>
      <QtyInPackage>1</QtyInPackage>
      <ItemPrice>9.90</ItemPrice>
      <UnitOfMeasurePrice>1.6500</UnitOfMeasurePrice>
      <AllowDiscount>1</AllowDiscount>
      <ItemStatus>1</ItemStatus>
      <ItemId>224295</ItemId>
    </Item>
    <Item>
      <PriceUpdateDate>2015-01-01 00:00:00</PriceUpdateDate>
      <ItemCode>6653475</ItemCode>
      <ItemType>0</ItemType>
      <ItemName>רוטב אלף האיים 600 מ</ItemName>
      <ManufacturerName>אסם</ManufacturerName>
      <ManufactureCountry>לא ידוע</ManufactureCountry>
      <ManufacturerItemDescription>רוטב אלף האיים 600 מ"ל</ManufacturerItemDescription>
      <UnitQty>מיליליטרים</UnitQty>
      <Quantity>600.00</Quantity>
      <UnitOfMeasure>100 מ"ל</UnitOfMeasure>
      <bIsWeighted>0</bIsWeighted>
      <QtyInPackage>1</QtyInPackage>
      <ItemPrice>16.90</ItemPrice>
      <UnitOfMeasurePrice>2.8167</UnitOfMeasurePrice>
      <AllowDiscount>1</AllowDiscount>
      <ItemStatus>1</ItemStatus>
      <ItemId>224299</ItemId>
    </Item>
    <Item>
      <PriceUpdateDate>2016-02-11 13:39:48</PriceUpdateDate>
      <ItemCode>6664310</ItemCode>
      <ItemType>0</ItemType>
      <ItemName>גבינה 3% סקי 250 גרם</ItemName>
      <ManufacturerName>שטראוס</ManufacturerName>
      <ManufactureCountry>ישראל</ManufactureCountry>
      <ManufacturerItemDescription>גבינה 3% סקי 250 גרם</ManufacturerItemDescription>
      <UnitQty>גרמים</UnitQty>
      <Quantity>250.00</Quantity>
      <UnitOfMeasure>100 גרם</UnitOfMeasure>
      <bIsWeighted>0</bIsWeighted>
      <QtyInPackage>1</QtyInPackage>
      <ItemPrice>4.50</ItemPrice>
      <UnitOfMeasurePrice>1.8000</UnitOfMeasurePrice>
      <AllowDiscount>1</AllowDiscount>
      <ItemStatus>1</ItemStatus>
      <ItemId>224302</ItemId>
    </Item>
    <Item>
      <PriceUpdateDate>2015-01-01 00:00:00</PriceUpdateDate>
      <ItemCode>6664969</ItemCode>
      <ItemType>0</ItemType>
      <ItemName>מארז 8 דנונה במתיקות</ItemName>
      <ManufacturerName>שטראוס</ManufacturerName>
      <ManufactureCountry>ישראל</ManufactureCountry>
      <ManufacturerItemDescription>מארז 8 דנונה במתיקות מעודנת 2%</ManufacturerItemDescription>
      <UnitQty>קילוגרמים</UnitQty>
      <Quantity>1.20</Quantity>
      <UnitOfMeasure>ק"ג     </UnitOfMeasure>
      <bIsWeighted>0</bIsWeighted>
      <QtyInPackage>8</QtyInPackage>
      <ItemPrice>17.90</ItemPrice>
      <UnitOfMeasurePrice>14.9167</UnitOfMeasurePrice>
      <AllowDiscount>1</AllowDiscount>
      <ItemStatus>1</ItemStatus>
      <ItemId>224303</ItemId>
    </Item>
    <Item>
      <PriceUpdateDate>2015-01-01 00:00:00</PriceUpdateDate>
      <ItemCode>6664990</ItemCode>
      <ItemType>0</ItemType>
      <ItemName>מארז דנונה 1.7% 8*15</ItemName>
      <ManufacturerName>שטראוס</ManufacturerName>
      <ManufactureCountry>לא ידוע</ManufactureCountry>
      <ManufacturerItemDescription>מארז דנונה 1.5% 8*150 מ"ל מהדרין</ManufacturerItemDescription>
      <UnitQty>ליטרים</UnitQty>
      <Quantity>1.20</Quantity>
      <UnitOfMeasure>ליטר    </UnitOfMeasure>
      <bIsWeighted>0</bIsWeighted>
      <QtyInPackage>1</QtyInPackage>
      <ItemPrice>15.90</ItemPrice>
      <UnitOfMeasurePrice>13.2500</UnitOfMeasurePrice>
      <AllowDiscount>1</AllowDiscount>
      <ItemStatus>1</ItemStatus>
      <ItemId>224304</ItemId>
    </Item>
    <Item>
      <PriceUpdateDate>2016-06-15 10:35:36</PriceUpdateDate>
      <ItemCode>7290010328734</ItemCode>
      <ItemType>0</ItemType>
      <ItemName>ממרח טחינה עם סילאן</ItemName>
      <ManufacturerName>אחדות ביחר לטחינה חל</ManufacturerName>
      <ManufactureCountry>לא ידוע</ManufactureCountry>
      <ManufacturerItemDescription>ממרח טחינה עם סילאן 400 גרם</ManufacturerItemDescription>
      <UnitQty>גרמים</UnitQty>
      <Quantity>400.00</Quantity>
      <UnitOfMeasure>100 גרם</UnitOfMeasure>
      <bIsWeighted>0</bIsWeighted>
      <QtyInPackage>1</QtyInPackage>
      <ItemPrice>7.90</ItemPrice>
      <UnitOfMeasurePrice>1.9750</UnitOfMeasurePrice>
      <AllowDiscount>1</AllowDiscount>
      <ItemStatus>1</ItemStatus>
      <ItemId>268435</ItemId>
    </Item>
    <Item>
      <PriceUpdateDate>2015-09-20 12:28:02</PriceUpdateDate>
      <ItemCode>6681003</ItemCode>
      <ItemType>0</ItemType>
      <ItemName>גלידת קרמיסימו סורבה</ItemName>
      <ManufacturerName>שטראוס</ManufacturerName>
      <ManufactureCountry>ישראל</ManufactureCountry>
      <ManufacturerItemDescription>גלידת קרמיסימו סורבה תות לימון קרמל 1.33</ManufacturerItemDescription>
      <UnitQty>ליטרים</UnitQty>
      <Quantity>1.33</Quantity>
      <UnitOfMeasure>ליטר    </UnitOfMeasure>
      <bIsWeighted>0</bIsWeighted>
      <QtyInPackage>1</QtyInPackage>
      <ItemPrice>15.90</ItemPrice>
      <UnitOfMeasurePrice>11.9549</UnitOfMeasurePrice>
      <AllowDiscount>1</AllowDiscount>
      <ItemStatus>1</ItemStatus>
      <ItemId>224305</ItemId>
    </Item>
    <Item>
      <PriceUpdateDate>2015-01-01 00:00:00</PriceUpdateDate>
      <ItemCode>6681089</ItemCode>
      <ItemType>0</ItemType>
      <ItemName>מאגדת לייט מיני סנדו</ItemName>
      <ManufacturerName>שטראוס</ManufacturerName>
      <ManufactureCountry>ישראל</ManufactureCountry>
      <ManufacturerItemDescription>מאגדת לייט מיני סנדוויץ 10 יח</ManufacturerItemDescription>
      <UnitQty>Unknown </UnitQty>
      <Quantity>0.00</Quantity>
      <UnitOfMeasure>Unknown </UnitOfMeasure>
      <bIsWeighted>0</bIsWeighted>
      <QtyInPackage>10</QtyInPackage>
      <ItemPrice>19.90</ItemPrice>
      <UnitOfMeasurePrice>0.0000</UnitOfMeasurePrice>
      <AllowDiscount>1</AllowDiscount>
      <ItemStatus>1</ItemStatus>
      <ItemId>224306</ItemId>
    </Item>
    <Item>
      <PriceUpdateDate>2015-01-01 00:00:00</PriceUpdateDate>
      <ItemCode>6681577</ItemCode>
      <ItemType>0</ItemType>
      <ItemName>מאגדת קרחונים לימון</ItemName>
      <ManufacturerName>שטראוס</ManufacturerName>
      <ManufactureCountry>ישראל</ManufactureCountry>
      <ManufacturerItemDescription>מאגדת קרחונים לימון דובדבן 2+8</ManufacturerItemDescription>
      <UnitQty>Unknown </UnitQty>
      <Quantity>0.00</Quantity>
      <UnitOfMeasure>Unknown </UnitOfMeasure>
      <bIsWeighted>0</bIsWeighted>
      <QtyInPackage>10</QtyInPackage>
      <ItemPrice>9.90</ItemPrice>
      <UnitOfMeasurePrice>0.0000</UnitOfMeasurePrice>
      <AllowDiscount>1</AllowDiscount>
      <ItemStatus>1</ItemStatus>
      <ItemId>224309</ItemId>
    </Item>
    <Item>
      <PriceUpdateDate>2015-01-01 00:00:00</PriceUpdateDate>
      <ItemCode>6681843</ItemCode>
      <ItemType>0</ItemType>
      <ItemName>מאגדת לייט פרי 6 יח</ItemName>
      <ManufacturerName>שטראוס</ManufacturerName>
      <ManufactureCountry>ישראל</ManufactureCountry>
      <ManufacturerItemDescription>מאגדת לייט פרי 6 יח</ManufacturerItemDescription>
      <UnitQty>גרמים</UnitQty>
      <Quantity>300.00</Quantity>
      <UnitOfMeasure>100 גרם</UnitOfMeasure>
      <bIsWeighted>0</bIsWeighted>
      <QtyInPackage>6</QtyInPackage>
      <ItemPrice>19.90</ItemPrice>
      <UnitOfMeasurePrice>6.6333</UnitOfMeasurePrice>
      <AllowDiscount>1</AllowDiscount>
      <ItemStatus>1</ItemStatus>
      <ItemId>224310</ItemId>
    </Item>
    <Item>
      <PriceUpdateDate>2015-01-01 00:00:00</PriceUpdateDate>
      <ItemCode>6681904</ItemCode>
      <ItemType>0</ItemType>
      <ItemName>מאגדת מצופים 2+8 יח</ItemName>
      <ManufacturerName>שטראוס</ManufacturerName>
      <ManufactureCountry>ישראל</ManufactureCountry>
      <ManufacturerItemDescription>מאגדת מצופים 2+8 יח</ManufacturerItemDescription>
      <UnitQty>גרמים</UnitQty>
      <Quantity>600.00</Quantity>
      <UnitOfMeasure>100 גרם</UnitOfMeasure>
      <bIsWeighted>0</bIsWeighted>
      <QtyInPackage>10</QtyInPackage>
      <ItemPrice>29.90</ItemPrice>
      <UnitOfMeasurePrice>4.9833</UnitOfMeasurePrice>
      <AllowDiscount>1</AllowDiscount>
      <ItemStatus>1</ItemStatus>
      <ItemId>224311</ItemId>
    </Item>
    <Item>
      <PriceUpdateDate>2015-01-01 00:00:00</PriceUpdateDate>
      <ItemCode>6696595</ItemCode>
      <ItemType>0</ItemType>
      <ItemName>יין מסורת 1 ליטר</ItemName>
      <ManufacturerName>יקב טפרברג 1870 בעמ</ManufacturerName>
      <ManufactureCountry>לא ידוע</ManufactureCountry>
      <ManufacturerItemDescription>יין מסורת 1 ליטר</ManufacturerItemDescription>
      <UnitQty>ליטרים</UnitQty>
      <Quantity>1.00</Quantity>
      <UnitOfMeasure>ליטר    </UnitOfMeasure>
      <bIsWeighted>0</bIsWeighted>
      <QtyInPackage>1</QtyInPackage>
      <ItemPrice>17.20</ItemPrice>
      <UnitOfMeasurePrice>17.2000</UnitOfMeasurePrice>
      <AllowDiscount>1</AllowDiscount>
      <ItemStatus>1</ItemStatus>
      <ItemId>224316</ItemId>
    </Item>
    <Item>
      <PriceUpdateDate>2015-01-01 00:00:00</PriceUpdateDate>
      <ItemCode>6696717</ItemCode>
      <ItemType>0</ItemType>
      <ItemName>מיץ ענבים מוסקטו לבן</ItemName>
      <ManufacturerName>יקב טפרברג 1870 בעמ</ManufacturerName>
      <ManufactureCountry>לא ידוע</ManufactureCountry>
      <ManufacturerItemDescription>מיץ ענבים מוסקטו לבן 1 ליטר</ManufacturerItemDescription>
      <UnitQty>ליטרים</UnitQty>
      <Quantity>1.00</Quantity>
      <UnitOfMeasure>ליטר    </UnitOfMeasure>
      <bIsWeighted>0</bIsWeighted>
      <QtyInPackage>1</QtyInPackage>
      <ItemPrice>13.90</ItemPrice>
      <UnitOfMeasurePrice>13.9000</UnitOfMeasurePrice>
      <AllowDiscount>1</AllowDiscount>
      <ItemStatus>1</ItemStatus>
      <ItemId>224317</ItemId>
    </Item>
    <Item>
      <PriceUpdateDate>2015-01-01 00:00:00</PriceUpdateDate>
      <ItemCode>6741103</ItemCode>
      <ItemType>0</ItemType>
      <ItemName>פיצה משפחתית מרגריטה</ItemName>
      <ManufacturerName>,</ManufacturerName>
      <ManufactureCountry>לא ידוע</ManufactureCountry>
      <ManufacturerItemDescription>פיצה משפחתית מרגריטה 500 גרם</ManufacturerItemDescription>
      <UnitQty>גרמים</UnitQty>
      <Quantity>500.00</Quantity>
      <UnitOfMeasure>100 גרם</UnitOfMeasure>
      <bIsWeighted>0</bIsWeighted>
      <QtyInPackage>1</QtyInPackage>
      <ItemPrice>14.90</ItemPrice>
      <UnitOfMeasurePrice>2.9800</UnitOfMeasurePrice>
      <AllowDiscount>1</AllowDiscount>
      <ItemStatus>1</ItemStatus>
      <ItemId>224320</ItemId>
    </Item>
    <Item>
      <PriceUpdateDate>2015-01-01 00:00:00</PriceUpdateDate>
      <ItemCode>6741363</ItemCode>
      <ItemType>0</ItemType>
      <ItemName>בורקס תפו"א בד"צ 800</ItemName>
      <ManufacturerName>זוגלובק</ManufacturerName>
      <ManufactureCountry>לא ידוע</ManufactureCountry>
      <ManufacturerItemDescription>בורקס תפו"א בד"צ 800 גרם</ManufacturerItemDescription>
      <UnitQty>גרמים</UnitQty>
      <Quantity>800.00</Quantity>
      <UnitOfMeasure>100 גרם</UnitOfMeasure>
      <bIsWeighted>0</bIsWeighted>
      <QtyInPackage>1</QtyInPackage>
      <ItemPrice>13.90</ItemPrice>
      <UnitOfMeasurePrice>1.7375</UnitOfMeasurePrice>
      <AllowDiscount>1</AllowDiscount>
      <ItemStatus>1</ItemStatus>
      <ItemId>224323</ItemId>
    </Item>
    <Item>
      <PriceUpdateDate>2015-01-01 00:00:00</PriceUpdateDate>
      <ItemCode>6741387</ItemCode>
      <ItemType>0</ItemType>
      <ItemName>מלוואח תימני בד"צ</ItemName>
      <ManufacturerName>זוגלובק</ManufacturerName>
      <ManufactureCountry>לא ידוע</ManufactureCountry>
      <ManufacturerItemDescription>מלוואח תימני בד"צ 700 גרם</ManufacturerItemDescription>
      <UnitQty>גרמים</UnitQty>
      <Quantity>700.00</Quantity>
      <UnitOfMeasure>100 גרם</UnitOfMeasure>
      <bIsWeighted>0</bIsWeighted>
      <QtyInPackage>1</QtyInPackage>
      <ItemPrice>13.90</ItemPrice>
      <UnitOfMeasurePrice>1.9857</UnitOfMeasurePrice>
      <AllowDiscount>1</AllowDiscount>
      <ItemStatus>1</ItemStatus>
      <ItemId>224324</ItemId>
    </Item>
    <Item>
      <PriceUpdateDate>2015-01-01 00:00:00</PriceUpdateDate>
      <ItemCode>6755469</ItemCode>
      <ItemType>0</ItemType>
      <ItemName>שניצל תירס לייט 630</ItemName>
      <ManufacturerName>טבעול ישראל</ManufacturerName>
      <ManufactureCountry>ישראל</ManufactureCountry>
      <ManufacturerItemDescription>שניצל תירס לייט 630 גרם</ManufacturerItemDescription>
      <UnitQty>גרמים</UnitQty>
      <Quantity>630.00</Quantity>
      <UnitOfMeasure>100 גרם</UnitOfMeasure>
      <bIsWeighted>0</bIsWeighted>
      <QtyInPackage>1</QtyInPackage>
      <ItemPrice>27.90</ItemPrice>
      <UnitOfMeasurePrice>4.4286</UnitOfMeasurePrice>
      <AllowDiscount>1</AllowDiscount>
      <ItemStatus>1</ItemStatus>
      <ItemId>224329</ItemId>
    </Item>
    <Item>
      <PriceUpdateDate>2015-06-28 10:55:09</PriceUpdateDate>
      <ItemCode>67599</ItemCode>
      <ItemType>0</ItemType>
      <ItemName>מנה חמה ספגטי בולונז</ItemName>
      <ManufacturerName>אסם</ManufacturerName>
      <ManufactureCountry>לא ידוע</ManufactureCountry>
      <ManufacturerItemDescription>מנה חמה ספגטי בולונז</ManufacturerItemDescription>
      <UnitQty>גרמים</UnitQty>
      <Quantity>65.00</Quantity>
      <UnitOfMeasure>100 גרם</UnitOfMeasure>
      <bIsWeighted>0</bIsWeighted>
      <QtyInPackage>1</QtyInPackage>
      <ItemPrice>4.10</ItemPrice>
      <UnitOfMeasurePrice>6.3077</UnitOfMeasurePrice>
      <AllowDiscount>1</AllowDiscount>
      <ItemStatus>1</ItemStatus>
      <ItemId>224336</ItemId>
    </Item>
    <Item>
      <PriceUpdateDate>2015-11-29 10:28:14</PriceUpdateDate>
      <ItemCode>6764348</ItemCode>
      <ItemType>0</ItemType>
      <ItemName>בירה מאלטסטאר 1.5 לי</ItemName>
      <ManufacturerName>טמפו</ManufacturerName>
      <ManufactureCountry>לא ידוע</ManufactureCountry>
      <ManufacturerItemDescription>בירה מאלטסטאר 1.5 ליטר</ManufacturerItemDescription>
      <UnitQty>ליטרים</UnitQty>
      <Quantity>1.50</Quantity>
      <UnitOfMeasure>ליטר    </UnitOfMeasure>
      <bIsWeighted>0</bIsWeighted>
      <QtyInPackage>1</QtyInPackage>
      <ItemPrice>6.90</ItemPrice>
      <UnitOfMeasurePrice>4.6000</UnitOfMeasurePrice>
      <AllowDiscount>1</AllowDiscount>
      <ItemStatus>1</ItemStatus>
      <ItemId>224338</ItemId>
    </Item>
    <Item>
      <PriceUpdateDate>2015-01-01 00:00:00</PriceUpdateDate>
      <ItemCode>6775016</ItemCode>
      <ItemType>0</ItemType>
      <ItemName>עוגת תפוז 450 גרם</ItemName>
      <ManufacturerName>אחדות ביחר לטחינה חל</ManufacturerName>
      <ManufactureCountry>לא ידוע</ManufactureCountry>
      <ManufacturerItemDescription>עוגת תפוז 450 גרם</ManufacturerItemDescription>
      <UnitQty>גרמים</UnitQty>
      <Quantity>450.00</Quantity>
      <UnitOfMeasure>100 גרם</UnitOfMeasure>
      <bIsWeighted>0</bIsWeighted>
      <QtyInPackage>1</QtyInPackage>
      <ItemPrice>8.90</ItemPrice>
      <UnitOfMeasurePrice>1.9778</UnitOfMeasurePrice>
      <AllowDiscount>1</AllowDiscount>
      <ItemStatus>1</ItemStatus>
      <ItemId>224344</ItemId>
    </Item>
    <Item>
      <PriceUpdateDate>2015-01-01 00:00:00</PriceUpdateDate>
      <ItemCode>6775023</ItemCode>
      <ItemType>0</ItemType>
      <ItemName>עוגה אנגלית 450 גרם</ItemName>
      <ManufacturerName>אחדות ביחר לטחינה חל</ManufacturerName>
      <ManufactureCountry>לא ידוע</ManufactureCountry>
      <ManufacturerItemDescription>עוגה אנגלית 450 גרם</ManufacturerItemDescription>
      <UnitQty>גרמים</UnitQty>
      <Quantity>450.00</Quantity>
      <UnitOfMeasure>100 גרם</UnitOfMeasure>
      <bIsWeighted>0</bIsWeighted>
      <QtyInPackage>1</QtyInPackage>
      <ItemPrice>8.90</ItemPrice>
      <UnitOfMeasurePrice>1.9778</UnitOfMeasurePrice>
      <AllowDiscount>1</AllowDiscount>
      <ItemStatus>1</ItemStatus>
      <ItemId>224345</ItemId>
    </Item>
    <Item>
      <PriceUpdateDate>2015-01-01 00:00:00</PriceUpdateDate>
      <ItemCode>6775030</ItemCode>
      <ItemType>0</ItemType>
      <ItemName>עוגת שוקולד ציפס 450</ItemName>
      <ManufacturerName>אחדות ביחר לטחינה חל</ManufacturerName>
      <ManufactureCountry>לא ידוע</ManufactureCountry>
      <ManufacturerItemDescription>עוגת שוקולד ציפס 450 גרם</ManufacturerItemDescription>
      <UnitQty>גרמים</UnitQty>
      <Quantity>450.00</Quantity>
      <UnitOfMeasure>100 גרם</UnitOfMeasure>
      <bIsWeighted>0</bIsWeighted>
      <QtyInPackage>1</QtyInPackage>
      <ItemPrice>8.90</ItemPrice>
      <UnitOfMeasurePrice>1.9778</UnitOfMeasurePrice>
      <AllowDiscount>1</AllowDiscount>
      <ItemStatus>1</ItemStatus>
      <ItemId>224346</ItemId>
    </Item>
    <Item>
      <PriceUpdateDate>2015-01-01 00:00:00</PriceUpdateDate>
      <ItemCode>6775047</ItemCode>
      <ItemType>0</ItemType>
      <ItemName>עוגת שוקולד 450 גרם</ItemName>
      <ManufacturerName>אחדות ביחר לטחינה חל</ManufacturerName>
      <ManufactureCountry>לא ידוע</ManufactureCountry>
      <ManufacturerItemDescription>עוגת שוקולד 450 גרם</ManufacturerItemDescription>
      <UnitQty>גרמים</UnitQty>
      <Quantity>450.00</Quantity>
      <UnitOfMeasure>100 גרם</UnitOfMeasure>
      <bIsWeighted>0</bIsWeighted>
      <QtyInPackage>1</QtyInPackage>
      <ItemPrice>8.90</ItemPrice>
      <UnitOfMeasurePrice>1.9778</UnitOfMeasurePrice>
      <AllowDiscount>1</AllowDiscount>
      <ItemStatus>1</ItemStatus>
      <ItemId>224347</ItemId>
    </Item>
    <Item>
      <PriceUpdateDate>2015-01-01 00:00:00</PriceUpdateDate>
      <ItemCode>6775054</ItemCode>
      <ItemType>0</ItemType>
      <ItemName>עוגת שיש 450 גרם</ItemName>
      <ManufacturerName>אחדות ביחר לטחינה חל</ManufacturerName>
      <ManufactureCountry>לא ידוע</ManufactureCountry>
      <ManufacturerItemDescription>עוגת שיש 450 גרם</ManufacturerItemDescription>
      <UnitQty>גרמים</UnitQty>
      <Quantity>450.00</Quantity>
      <UnitOfMeasure>100 גרם</UnitOfMeasure>
      <bIsWeighted>0</bIsWeighted>
      <QtyInPackage>1</QtyInPackage>
      <ItemPrice>8.90</ItemPrice>
      <UnitOfMeasurePrice>1.9778</UnitOfMeasurePrice>
      <AllowDiscount>1</AllowDiscount>
      <ItemStatus>1</ItemStatus>
      <ItemId>224348</ItemId>
    </Item>
    <Item>
      <PriceUpdateDate>2015-01-01 00:00:00</PriceUpdateDate>
      <ItemCode>6775085</ItemCode>
      <ItemType>0</ItemType>
      <ItemName>עוגת שמרים 400 גרם</ItemName>
      <ManufacturerName>אחדות ביחר לטחינה חל</ManufacturerName>
      <ManufactureCountry>לא ידוע</ManufactureCountry>
      <ManufacturerItemDescription>עוגת שמרים 400 גרם</ManufacturerItemDescription>
      <UnitQty>גרמים</UnitQty>
      <Quantity>400.00</Quantity>
      <UnitOfMeasure>100 גרם</UnitOfMeasure>
      <bIsWeighted>0</bIsWeighted>
      <QtyInPackage>1</QtyInPackage>
      <ItemPrice>9.90</ItemPrice>
      <UnitOfMeasurePrice>2.4750</UnitOfMeasurePrice>
      <AllowDiscount>1</AllowDiscount>
      <ItemStatus>1</ItemStatus>
      <ItemId>224350</ItemId>
    </Item>
    <Item>
      <PriceUpdateDate>2015-01-01 00:00:00</PriceUpdateDate>
      <ItemCode>6775191</ItemCode>
      <ItemType>0</ItemType>
      <ItemName>מאפין ממולא שוקולד 5</ItemName>
      <ManufacturerName>אחדות ביחר לטחינה חל</ManufacturerName>
      <ManufactureCountry>לא ידוע</ManufactureCountry>
      <ManufacturerItemDescription>מאפין ממולא שוקולד 50 גרם</ManufacturerItemDescription>
      <UnitQty>גרמים</UnitQty>
      <Quantity>50.00</Quantity>
      <UnitOfMeasure>100 גרם</UnitOfMeasure>
      <bIsWeighted>0</bIsWeighted>
      <QtyInPackage>1</QtyInPackage>
      <ItemPrice>1.60</ItemPrice>
      <UnitOfMeasurePrice>3.2000</UnitOfMeasurePrice>
      <AllowDiscount>1</AllowDiscount>
      <ItemStatus>1</ItemStatus>
      <ItemId>224352</ItemId>
    </Item>
    <Item>
      <PriceUpdateDate>2015-01-01 00:00:00</PriceUpdateDate>
      <ItemCode>6775344</ItemCode>
      <ItemType>0</ItemType>
      <ItemName>עוגת שמרים קינמון</ItemName>
      <ManufacturerName>אחדות ביחר לטחינה חל</ManufacturerName>
      <ManufactureCountry>לא ידוע</ManufactureCountry>
      <ManufacturerItemDescription>עוגת שמרים קינמון אגוזים 400 גרם</ManufacturerItemDescription>
      <UnitQty>גרמים</UnitQty>
      <Quantity>400.00</Quantity>
      <UnitOfMeasure>100 גרם</UnitOfMeasure>
      <bIsWeighted>0</bIsWeighted>
      <QtyInPackage>1</QtyInPackage>
      <ItemPrice>9.90</ItemPrice>
      <UnitOfMeasurePrice>2.4750</UnitOfMeasurePrice>
      <AllowDiscount>1</AllowDiscount>
      <ItemStatus>1</ItemStatus>
      <ItemId>224355</ItemId>
    </Item>
    <Item>
      <PriceUpdateDate>2015-01-01 00:00:00</PriceUpdateDate>
      <ItemCode>6775405</ItemCode>
      <ItemType>0</ItemType>
      <ItemName>מאפין בטעמים 45 גרם</ItemName>
      <ManufacturerName>אחדות ביחר לטחינה חל</ManufacturerName>
      <ManufactureCountry>לא ידוע</ManufactureCountry>
      <ManufacturerItemDescription>מאפין דבש 54 גרם</ManufacturerItemDescription>
      <UnitQty>גרמים</UnitQty>
      <Quantity>45.00</Quantity>
      <UnitOfMeasure>100 גרם</UnitOfMeasure>
      <bIsWeighted>0</bIsWeighted>
      <QtyInPackage>1</QtyInPackage>
      <ItemPrice>1.60</ItemPrice>
      <UnitOfMeasurePrice>3.5556</UnitOfMeasurePrice>
      <AllowDiscount>1</AllowDiscount>
      <ItemStatus>1</ItemStatus>
      <ItemId>224356</ItemId>
    </Item>
    <Item>
      <PriceUpdateDate>2015-01-01 00:00:00</PriceUpdateDate>
      <ItemCode>6775764</ItemCode>
      <ItemType>0</ItemType>
      <ItemName>עוגת שוקוציפס ללא סו</ItemName>
      <ManufacturerName>אחדות ביחר לטחינה חל</ManufacturerName>
      <ManufactureCountry>לא ידוע</ManufactureCountry>
      <ManufacturerItemDescription>עוגת שוקוציפס ללא סוכר 400 גרם</ManufacturerItemDescription>
      <UnitQty>גרמים</UnitQty>
      <Quantity>400.00</Quantity>
      <UnitOfMeasure>100 גרם</UnitOfMeasure>
      <bIsWeighted>0</bIsWeighted>
      <QtyInPackage>1</QtyInPackage>
      <ItemPrice>11.80</ItemPrice>
      <UnitOfMeasurePrice>2.9500</UnitOfMeasurePrice>
      <AllowDiscount>1</AllowDiscount>
      <ItemStatus>1</ItemStatus>
      <ItemId>224359</ItemId>
    </Item>
    <Item>
      <PriceUpdateDate>2015-01-01 00:00:00</PriceUpdateDate>
      <ItemCode>6788009</ItemCode>
      <ItemType>0</ItemType>
      <ItemName>שמפו 10 לשיער רגיל 7</ItemName>
      <ManufacturerName>אמיליה קוסמטיקס</ManufacturerName>
      <ManufactureCountry>לא ידוע</ManufactureCountry>
      <ManufacturerItemDescription>שמפו 10 לשיער רגיל 700 מ"ל</ManufacturerItemDescription>
      <UnitQty>מיליליטרים</UnitQty>
      <Quantity>700.00</Quantity>
      <UnitOfMeasure>100 מ"ל</UnitOfMeasure>
      <bIsWeighted>0</bIsWeighted>
      <QtyInPackage>1</QtyInPackage>
      <ItemPrice>12.90</ItemPrice>
      <UnitOfMeasurePrice>1.8429</UnitOfMeasurePrice>
      <AllowDiscount>1</AllowDiscount>
      <ItemStatus>1</ItemStatus>
      <ItemId>224363</ItemId>
    </Item>
    <Item>
      <PriceUpdateDate>2015-01-01 00:00:00</PriceUpdateDate>
      <ItemCode>6788016</ItemCode>
      <ItemType>0</ItemType>
      <ItemName>שמפו 10 לשיער יבש 70</ItemName>
      <ManufacturerName>אמיליה קוסמטיקס</ManufacturerName>
      <ManufactureCountry>לא ידוע</ManufactureCountry>
      <ManufacturerItemDescription>שמפו 10 לשיער יבש 700 מ"ל</ManufacturerItemDescription>
      <UnitQty>מיליליטרים</UnitQty>
      <Quantity>700.00</Quantity>
      <UnitOfMeasure>100 מ"ל</UnitOfMeasure>
      <bIsWeighted>0</bIsWeighted>
      <QtyInPackage>1</QtyInPackage>
      <ItemPrice>12.90</ItemPrice>
      <UnitOfMeasurePrice>1.8429</UnitOfMeasurePrice>
      <AllowDiscount>1</AllowDiscount>
      <ItemStatus>1</ItemStatus>
      <ItemId>224364</ItemId>
    </Item>
    <Item>
      <PriceUpdateDate>2015-01-01 00:00:00</PriceUpdateDate>
      <ItemCode>6788061</ItemCode>
      <ItemType>0</ItemType>
      <ItemName>מרכך 10 לשיער רגיל</ItemName>
      <ManufacturerName>אמיליה קוסמטיקס</ManufacturerName>
      <ManufactureCountry>לא ידוע</ManufactureCountry>
      <ManufacturerItemDescription>מרכך 10 לשיער רגיל 700 מ"ל</ManufacturerItemDescription>
      <UnitQty>מיליליטרים</UnitQty>
      <Quantity>700.00</Quantity>
      <UnitOfMeasure>100 מ"ל</UnitOfMeasure>
      <bIsWeighted>0</bIsWeighted>
      <QtyInPackage>1</QtyInPackage>
      <ItemPrice>12.90</ItemPrice>
      <UnitOfMeasurePrice>1.8429</UnitOfMeasurePrice>
      <AllowDiscount>1</AllowDiscount>
      <ItemStatus>1</ItemStatus>
      <ItemId>224365</ItemId>
    </Item>
    <Item>
      <PriceUpdateDate>2015-01-01 00:00:00</PriceUpdateDate>
      <ItemCode>6788429</ItemCode>
      <ItemType>0</ItemType>
      <ItemName>דאודורנט קרליין נושם</ItemName>
      <ManufacturerName>אמיליה קוסמטיקס</ManufacturerName>
      <ManufactureCountry>לא ידוע</ManufactureCountry>
      <ManufacturerItemDescription>דאודורנט קרליין נושם רולאון סאנרייז</ManufacturerItemDescription>
      <UnitQty>גרמים</UnitQty>
      <Quantity>75.00</Quantity>
      <UnitOfMeasure>100 גרם</UnitOfMeasure>
      <bIsWeighted>0</bIsWeighted>
      <QtyInPackage>1</QtyInPackage>
      <ItemPrice>9.90</ItemPrice>
      <UnitOfMeasurePrice>13.2000</UnitOfMeasurePrice>
      <AllowDiscount>1</AllowDiscount>
      <ItemStatus>1</ItemStatus>
      <ItemId>224367</ItemId>
    </Item>
    <Item>
      <PriceUpdateDate>2015-01-01 00:00:00</PriceUpdateDate>
      <ItemCode>6788436</ItemCode>
      <ItemType>0</ItemType>
      <ItemName>דאודורנט קרליין נושם</ItemName>
      <ManufacturerName>אמיליה קוסמטיקס</ManufacturerName>
      <ManufactureCountry>לא ידוע</ManufactureCountry>
      <ManufacturerItemDescription>דאודורנט קרליין נושם רולאון פיור</ManufacturerItemDescription>
      <UnitQty>גרמים</UnitQty>
      <Quantity>75.00</Quantity>
      <UnitOfMeasure>100 גרם</UnitOfMeasure>
      <bIsWeighted>0</bIsWeighted>
      <QtyInPackage>1</QtyInPackage>
      <ItemPrice>9.90</ItemPrice>
      <UnitOfMeasurePrice>13.2000</UnitOfMeasurePrice>
      <AllowDiscount>1</AllowDiscount>
      <ItemStatus>1</ItemStatus>
      <ItemId>224368</ItemId>
    </Item>
    <Item>
      <PriceUpdateDate>2015-01-01 00:00:00</PriceUpdateDate>
      <ItemCode>6788443</ItemCode>
      <ItemType>0</ItemType>
      <ItemName>דאודורנט קרליין נושם</ItemName>
      <ManufacturerName>אמיליה קוסמטיקס</ManufacturerName>
      <ManufactureCountry>לא ידוע</ManufactureCountry>
      <ManufacturerItemDescription>דאודורנט קרליין נושם רולאון אוקסיגין</ManufacturerItemDescription>
      <UnitQty>גרמים</UnitQty>
      <Quantity>75.00</Quantity>
      <UnitOfMeasure>100 גרם</UnitOfMeasure>
      <bIsWeighted>0</bIsWeighted>
      <QtyInPackage>1</QtyInPackage>
      <ItemPrice>9.90</ItemPrice>
      <UnitOfMeasurePrice>13.2000</UnitOfMeasurePrice>
      <AllowDiscount>1</AllowDiscount>
      <ItemStatus>1</ItemStatus>
      <ItemId>224369</ItemId>
    </Item>
    <Item>
      <PriceUpdateDate>2015-01-01 00:00:00</PriceUpdateDate>
      <ItemCode>6788481</ItemCode>
      <ItemType>0</ItemType>
      <ItemName>דאודורנט נושם קרליין</ItemName>
      <ManufacturerName>אמיליה קוסמטיקס</ManufacturerName>
      <ManufactureCountry>לא ידוע</ManufactureCountry>
      <ManufacturerItemDescription>דאודורנט נושם קרליין כתום 200 מ"ל</ManufacturerItemDescription>
      <UnitQty>מיליליטרים</UnitQty>
      <Quantity>200.00</Quantity>
      <UnitOfMeasure>100 מ"ל</UnitOfMeasure>
      <bIsWeighted>0</bIsWeighted>
      <QtyInPackage>1</QtyInPackage>
      <ItemPrice>9.90</ItemPrice>
      <UnitOfMeasurePrice>4.9500</UnitOfMeasurePrice>
      <AllowDiscount>1</AllowDiscount>
      <ItemStatus>1</ItemStatus>
      <ItemId>224370</ItemId>
    </Item>
    <Item>
      <PriceUpdateDate>2015-01-01 00:00:00</PriceUpdateDate>
      <ItemCode>6788498</ItemCode>
      <ItemType>0</ItemType>
      <ItemName>דאודורנט נושם קרליין</ItemName>
      <ManufacturerName>אמיליה קוסמטיקס</ManufacturerName>
      <ManufactureCountry>לא ידוע</ManufactureCountry>
      <ManufacturerItemDescription>דאודורנט נושם קרליין ורוד 200 מ"ל</ManufacturerItemDescription>
      <UnitQty>מיליליטרים</UnitQty>
      <Quantity>200.00</Quantity>
      <UnitOfMeasure>100 מ"ל</UnitOfMeasure>
      <bIsWeighted>0</bIsWeighted>
      <QtyInPackage>1</QtyInPackage>
      <ItemPrice>9.90</ItemPrice>
      <UnitOfMeasurePrice>4.9500</UnitOfMeasurePrice>
      <AllowDiscount>1</AllowDiscount>
      <ItemStatus>1</ItemStatus>
      <ItemId>224371</ItemId>
    </Item>
    <Item>
      <PriceUpdateDate>2015-01-01 00:00:00</PriceUpdateDate>
      <ItemCode>6788504</ItemCode>
      <ItemType>0</ItemType>
      <ItemName>דאודורנט נושם קרליין</ItemName>
      <ManufacturerName>אמיליה קוסמטיקס</ManufacturerName>
      <ManufactureCountry>לא ידוע</ManufactureCountry>
      <ManufacturerItemDescription>דאודורנט נושם קרליין סגול 200 מ"ל</ManufacturerItemDescription>
      <UnitQty>מיליליטרים</UnitQty>
      <Quantity>200.00</Quantity>
      <UnitOfMeasure>100 מ"ל</UnitOfMeasure>
      <bIsWeighted>0</bIsWeighted>
      <QtyInPackage>1</QtyInPackage>
      <ItemPrice>9.90</ItemPrice>
      <UnitOfMeasurePrice>4.9500</UnitOfMeasurePrice>
      <AllowDiscount>1</AllowDiscount>
      <ItemStatus>1</ItemStatus>
      <ItemId>224372</ItemId>
    </Item>
    <Item>
      <PriceUpdateDate>2015-01-01 00:00:00</PriceUpdateDate>
      <ItemCode>6788689</ItemCode>
      <ItemType>0</ItemType>
      <ItemName>שמפו 10 2 ב-1 700 מ"</ItemName>
      <ManufacturerName>אמיליה קוסמטיקס</ManufacturerName>
      <ManufactureCountry>לא ידוע</ManufactureCountry>
      <ManufacturerItemDescription>שמפו 10 2ב-1 700 מ"ל</ManufacturerItemDescription>
      <UnitQty>מיליליטרים</UnitQty>
      <Quantity>700.00</Quantity>
      <UnitOfMeasure>100 מ"ל</UnitOfMeasure>
      <bIsWeighted>0</bIsWeighted>
      <QtyInPackage>1</QtyInPackage>
      <ItemPrice>12.90</ItemPrice>
      <UnitOfMeasurePrice>1.8429</UnitOfMeasurePrice>
      <AllowDiscount>1</AllowDiscount>
      <ItemStatus>1</ItemStatus>
      <ItemId>224373</ItemId>
    </Item>
    <Item>
      <PriceUpdateDate>2016-05-18 16:56:01</PriceUpdateDate>
      <ItemCode>680</ItemCode>
      <ItemType>0</ItemType>
      <ItemName>אננס ראש יח</ItemName>
      <ManufacturerName>,</ManufacturerName>
      <ManufactureCountry>לא ידוע</ManufactureCountry>
      <ManufacturerItemDescription>אננס ראש יח</ManufacturerItemDescription>
      <UnitQty>Unknown </UnitQty>
      <Quantity>0.00</Quantity>
      <UnitOfMeasure>Unknown </UnitOfMeasure>
      <bIsWeighted>0</bIsWeighted>
      <QtyInPackage>1</QtyInPackage>
      <ItemPrice>24.90</ItemPrice>
      <UnitOfMeasurePrice>0.0000</UnitOfMeasurePrice>
      <AllowDiscount>1</AllowDiscount>
      <ItemStatus>1</ItemStatus>
      <ItemId>224374</ItemId>
    </Item>
    <Item>
      <PriceUpdateDate>2015-05-28 17:24:54</PriceUpdateDate>
      <ItemCode>68084</ItemCode>
      <ItemType>0</ItemType>
      <ItemName>פתיבר וניל 1.75 ק"ג</ItemName>
      <ManufacturerName>,</ManufacturerName>
      <ManufactureCountry>לא ידוע</ManufactureCountry>
      <ManufacturerItemDescription>פתיבר וניל 1.75 קג</ManufacturerItemDescription>
      <UnitQty>קילוגרמים</UnitQty>
      <Quantity>1.75</Quantity>
      <UnitOfMeasure>ק"ג     </UnitOfMeasure>
      <bIsWeighted>0</bIsWeighted>
      <QtyInPackage>1</QtyInPackage>
      <ItemPrice>19.90</ItemPrice>
      <UnitOfMeasurePrice>11.3714</UnitOfMeasurePrice>
      <AllowDiscount>1</AllowDiscount>
      <ItemStatus>1</ItemStatus>
      <ItemId>224377</ItemId>
    </Item>
    <Item>
      <PriceUpdateDate>2015-01-01 00:00:00</PriceUpdateDate>
      <ItemCode>6811233</ItemCode>
      <ItemType>0</ItemType>
      <ItemName>חציל בטחינה 400 גרם</ItemName>
      <ManufacturerName>סלטי שמיר 2006 בעמ</ManufacturerName>
      <ManufactureCountry>לא ידוע</ManufactureCountry>
      <ManufacturerItemDescription>חציל בטחינה 400 גרם</ManufacturerItemDescription>
      <UnitQty>גרמים</UnitQty>
      <Quantity>400.00</Quantity>
      <UnitOfMeasure>100 גרם</UnitOfMeasure>
      <bIsWeighted>0</bIsWeighted>
      <QtyInPackage>1</QtyInPackage>
      <ItemPrice>9.90</ItemPrice>
      <UnitOfMeasurePrice>2.4750</UnitOfMeasurePrice>
      <AllowDiscount>1</AllowDiscount>
      <ItemStatus>1</ItemStatus>
      <ItemId>224380</ItemId>
    </Item>
    <Item>
      <PriceUpdateDate>2015-09-21 08:18:19</PriceUpdateDate>
      <ItemCode>68138</ItemCode>
      <ItemType>0</ItemType>
      <ItemName>פודינג אינסטנט וניל</ItemName>
      <ManufacturerName>אסם</ManufacturerName>
      <ManufactureCountry>לא ידוע</ManufactureCountry>
      <ManufacturerItemDescription>פודינג אינסטנט וניל 80 גרם</ManufacturerItemDescription>
      <UnitQty>גרמים</UnitQty>
      <Quantity>80.00</Quantity>
      <UnitOfMeasure>100 גרם</UnitOfMeasure>
      <bIsWeighted>0</bIsWeighted>
      <QtyInPackage>1</QtyInPackage>
      <ItemPrice>4.90</ItemPrice>
      <UnitOfMeasurePrice>6.1250</UnitOfMeasurePrice>
      <AllowDiscount>1</AllowDiscount>
      <ItemStatus>1</ItemStatus>
      <ItemId>224384</ItemId>
    </Item>
    <Item>
      <PriceUpdateDate>2015-09-21 08:18:19</PriceUpdateDate>
      <ItemCode>68169</ItemCode>
      <ItemType>0</ItemType>
      <ItemName>פודינג אינסטנט שוקול</ItemName>
      <ManufacturerName>אסם</ManufacturerName>
      <ManufactureCountry>לא ידוע</ManufactureCountry>
      <ManufacturerItemDescription>פודינג אינסטנט שוקולד 95 גרם</ManufacturerItemDescription>
      <UnitQty>גרמים</UnitQty>
      <Quantity>95.00</Quantity>
      <UnitOfMeasure>100 גרם</UnitOfMeasure>
      <bIsWeighted>0</bIsWeighted>
      <QtyInPackage>1</QtyInPackage>
      <ItemPrice>4.90</ItemPrice>
      <UnitOfMeasurePrice>5.1579</UnitOfMeasurePrice>
      <AllowDiscount>1</AllowDiscount>
      <ItemStatus>1</ItemStatus>
      <ItemId>224385</ItemId>
    </Item>
    <Item>
      <PriceUpdateDate>2015-09-21 08:18:19</PriceUpdateDate>
      <ItemCode>68190</ItemCode>
      <ItemType>0</ItemType>
      <ItemName>גלי בטעם תות 85 גרם</ItemName>
      <ManufacturerName>אסם</ManufacturerName>
      <ManufactureCountry>לא ידוע</ManufactureCountry>
      <ManufacturerItemDescription>גלי בטעם תות 85 גרם</ManufacturerItemDescription>
      <UnitQty>גרמים</UnitQty>
      <Quantity>85.00</Quantity>
      <UnitOfMeasure>100 גרם</UnitOfMeasure>
      <bIsWeighted>0</bIsWeighted>
      <QtyInPackage>1</QtyInPackage>
      <ItemPrice>3.90</ItemPrice>
      <UnitOfMeasurePrice>4.5882</UnitOfMeasurePrice>
      <AllowDiscount>1</AllowDiscount>
      <ItemStatus>1</ItemStatus>
      <ItemId>224386</ItemId>
    </Item>
    <Item>
      <PriceUpdateDate>2015-09-21 08:18:19</PriceUpdateDate>
      <ItemCode>68206</ItemCode>
      <ItemType>0</ItemType>
      <ItemName>גלי בטעם משמש 85 גרם</ItemName>
      <ManufacturerName>אסם</ManufacturerName>
      <ManufactureCountry>לא ידוע</ManufactureCountry>
      <ManufacturerItemDescription>גלי בטעם משמש 85 גרם</ManufacturerItemDescription>
      <UnitQty>גרמים</UnitQty>
      <Quantity>85.00</Quantity>
      <UnitOfMeasure>100 גרם</UnitOfMeasure>
      <bIsWeighted>0</bIsWeighted>
      <QtyInPackage>1</QtyInPackage>
      <ItemPrice>3.90</ItemPrice>
      <UnitOfMeasurePrice>4.5882</UnitOfMeasurePrice>
      <AllowDiscount>1</AllowDiscount>
      <ItemStatus>1</ItemStatus>
      <ItemId>224387</ItemId>
    </Item>
    <Item>
      <PriceUpdateDate>2015-09-20 13:01:13</PriceUpdateDate>
      <ItemCode>6822840</ItemCode>
      <ItemType>0</ItemType>
      <ItemName>בירה מאלטי 1.5 ליטר</ItemName>
      <ManufacturerName>קרלסברג ישראל</ManufacturerName>
      <ManufactureCountry>לא ידוע</ManufactureCountry>
      <ManufacturerItemDescription>בירה מאלטי 1.5 ליטר</ManufacturerItemDescription>
      <UnitQty>ליטרים</UnitQty>
      <Quantity>1.50</Quantity>
      <UnitOfMeasure>ליטר    </UnitOfMeasure>
      <bIsWeighted>0</bIsWeighted>
      <QtyInPackage>1</QtyInPackage>
      <ItemPrice>6.90</ItemPrice>
      <UnitOfMeasurePrice>4.6000</UnitOfMeasurePrice>
      <AllowDiscount>1</AllowDiscount>
      <ItemStatus>1</ItemStatus>
      <ItemId>224393</ItemId>
    </Item>
    <Item>
      <PriceUpdateDate>2015-01-01 00:00:00</PriceUpdateDate>
      <ItemCode>6822857</ItemCode>
      <ItemType>0</ItemType>
      <ItemName>בירה מאלטי דיאט 1.5</ItemName>
      <ManufacturerName>קרלסברג ישראל</ManufacturerName>
      <ManufactureCountry>לא ידוע</ManufactureCountry>
      <ManufacturerItemDescription>בירה מאלטי דיאט 1.5 ליטר</ManufacturerItemDescription>
      <UnitQty>ליטרים</UnitQty>
      <Quantity>1.50</Quantity>
      <UnitOfMeasure>ליטר    </UnitOfMeasure>
      <bIsWeighted>0</bIsWeighted>
      <QtyInPackage>1</QtyInPackage>
      <ItemPrice>7.00</ItemPrice>
      <UnitOfMeasurePrice>4.6667</UnitOfMeasurePrice>
      <AllowDiscount>1</AllowDiscount>
      <ItemStatus>1</ItemStatus>
      <ItemId>224394</ItemId>
    </Item>
    <Item>
      <PriceUpdateDate>2015-09-21 08:18:19</PriceUpdateDate>
      <ItemCode>68251</ItemCode>
      <ItemType>0</ItemType>
      <ItemName>גלי בטעם אננס 85 גרם</ItemName>
      <ManufacturerName>אסם</ManufacturerName>
      <ManufactureCountry>לא ידוע</ManufactureCountry>
      <ManufacturerItemDescription>גלי בטעם אננס 85 גרם</ManufacturerItemDescription>
      <UnitQty>גרמים</UnitQty>
      <Quantity>85.00</Quantity>
      <UnitOfMeasure>100 גרם</UnitOfMeasure>
      <bIsWeighted>0</bIsWeighted>
      <QtyInPackage>1</QtyInPackage>
      <ItemPrice>3.90</ItemPrice>
      <UnitOfMeasurePrice>4.5882</UnitOfMeasurePrice>
      <AllowDiscount>1</AllowDiscount>
      <ItemStatus>1</ItemStatus>
      <ItemId>224397</ItemId>
    </Item>
    <Item>
      <PriceUpdateDate>2015-09-21 15:30:30</PriceUpdateDate>
      <ItemCode>68770</ItemCode>
      <ItemType>0</ItemType>
      <ItemName>במבה יום הולדת 80 גר</ItemName>
      <ManufacturerName>גבעול</ManufacturerName>
      <ManufactureCountry>לא ידוע</ManufactureCountry>
      <ManufacturerItemDescription>במבה יום הולדת 80 גרם בד"צ</ManufacturerItemDescription>
      <UnitQty>גרמים</UnitQty>
      <Quantity>80.00</Quantity>
      <UnitOfMeasure>100 גרם</UnitOfMeasure>
      <bIsWeighted>0</bIsWeighted>
      <QtyInPackage>1</QtyInPackage>
      <ItemPrice>3.90</ItemPrice>
      <UnitOfMeasurePrice>4.8750</UnitOfMeasurePrice>
      <AllowDiscount>1</AllowDiscount>
      <ItemStatus>1</ItemStatus>
      <ItemId>224406</ItemId>
    </Item>
    <Item>
      <PriceUpdateDate>2015-01-01 00:00:00</PriceUpdateDate>
      <ItemCode>901091</ItemCode>
      <ItemType>0</ItemType>
      <ItemName>מיחזור אריזה פלסטיק</ItemName>
      <ManufacturerName>,</ManufacturerName>
      <ManufactureCountry>לא ידוע</ManufactureCountry>
      <ManufacturerItemDescription>מיחזור אריזה פלסטיק שישייה</ManufacturerItemDescription>
      <UnitQty>Unknown </UnitQty>
      <Quantity>0.00</Quantity>
      <UnitOfMeasure>Unknown </UnitOfMeasure>
      <bIsWeighted>0</bIsWeighted>
      <QtyInPackage>1</QtyInPackage>
      <ItemPrice>1.80</ItemPrice>
      <UnitOfMeasurePrice>0.0000</UnitOfMeasurePrice>
      <AllowDiscount>1</AllowDiscount>
      <ItemStatus>1</ItemStatus>
      <ItemId>224408</ItemId>
    </Item>
    <Item>
      <PriceUpdateDate>2015-01-01 00:00:00</PriceUpdateDate>
      <ItemCode>688381</ItemCode>
      <ItemType>0</ItemType>
      <ItemName>מים מינרלים סנופי 6*</ItemName>
      <ManufacturerName>מי עדן</ManufacturerName>
      <ManufactureCountry>לא ידוע</ManufactureCountry>
      <ManufacturerItemDescription>מים מינרלים סנופי 6*500 מ"ל</ManufacturerItemDescription>
      <UnitQty>ליטרים</UnitQty>
      <Quantity>3.00</Quantity>
      <UnitOfMeasure>ליטר    </UnitOfMeasure>
      <bIsWeighted>0</bIsWeighted>
      <QtyInPackage>1</QtyInPackage>
      <ItemPrice>14.70</ItemPrice>
      <UnitOfMeasurePrice>4.9000</UnitOfMeasurePrice>
      <AllowDiscount>1</AllowDiscount>
      <ItemStatus>1</ItemStatus>
      <ItemId>224407</ItemId>
    </Item>
    <Item>
      <PriceUpdateDate>2015-01-01 00:00:00</PriceUpdateDate>
      <ItemCode>688732</ItemCode>
      <ItemType>0</ItemType>
      <ItemName>מי עדן שישיה *1.5 לי</ItemName>
      <ManufacturerName>מי עדן</ManufacturerName>
      <ManufactureCountry>לא ידוע</ManufactureCountry>
      <ManufacturerItemDescription>מי עדן 6 *1.5 ליטר</ManufacturerItemDescription>
      <UnitQty>ליטרים</UnitQty>
      <Quantity>9.00</Quantity>
      <UnitOfMeasure>ליטר    </UnitOfMeasure>
      <bIsWeighted>0</bIsWeighted>
      <QtyInPackage>1</QtyInPackage>
      <ItemPrice>10.90</ItemPrice>
      <UnitOfMeasurePrice>1.2111</UnitOfMeasurePrice>
      <AllowDiscount>1</AllowDiscount>
      <ItemStatus>1</ItemStatus>
      <ItemId>224409</ItemId>
    </Item>
    <Item>
      <PriceUpdateDate>2015-01-01 00:00:00</PriceUpdateDate>
      <ItemCode>69661</ItemCode>
      <ItemType>0</ItemType>
      <ItemName>תבשיל פסטה ברוטב פטר</ItemName>
      <ManufacturerName>אסם</ManufacturerName>
      <ManufactureCountry>לא ידוע</ManufactureCountry>
      <ManufacturerItemDescription>תבשיל פסטה ברוטב פטריות מוקרם 143 גרם</ManufacturerItemDescription>
      <UnitQty>גרמים</UnitQty>
      <Quantity>143.00</Quantity>
      <UnitOfMeasure>100 גרם</UnitOfMeasure>
      <bIsWeighted>0</bIsWeighted>
      <QtyInPackage>1</QtyInPackage>
      <ItemPrice>11.80</ItemPrice>
      <UnitOfMeasurePrice>8.2517</UnitOfMeasurePrice>
      <AllowDiscount>1</AllowDiscount>
      <ItemStatus>1</ItemStatus>
      <ItemId>224412</ItemId>
    </Item>
    <Item>
      <PriceUpdateDate>2015-01-01 00:00:00</PriceUpdateDate>
      <ItemCode>6983152</ItemCode>
      <ItemType>0</ItemType>
      <ItemName>קרוטונים מתובלים למר</ItemName>
      <ManufacturerName>עינת</ManufacturerName>
      <ManufactureCountry>לא ידוע</ManufactureCountry>
      <ManufacturerItemDescription>קרוטונים מתובלים למרק 400 גרם</ManufacturerItemDescription>
      <UnitQty>גרמים</UnitQty>
      <Quantity>400.00</Quantity>
      <UnitOfMeasure>100 גרם</UnitOfMeasure>
      <bIsWeighted>0</bIsWeighted>
      <QtyInPackage>1</QtyInPackage>
      <ItemPrice>17.90</ItemPrice>
      <UnitOfMeasurePrice>4.4750</UnitOfMeasurePrice>
      <AllowDiscount>1</AllowDiscount>
      <ItemStatus>1</ItemStatus>
      <ItemId>224414</ItemId>
    </Item>
    <Item>
      <PriceUpdateDate>2015-11-01 10:54:14</PriceUpdateDate>
      <ItemCode>6983176</ItemCode>
      <ItemType>0</ItemType>
      <ItemName>לחמית שיפון 230 גרם</ItemName>
      <ManufacturerName>אסם</ManufacturerName>
      <ManufactureCountry>לא ידוע</ManufactureCountry>
      <ManufacturerItemDescription>לחמית שיפון 230 גרם</ManufacturerItemDescription>
      <UnitQty>גרמים</UnitQty>
      <Quantity>230.00</Quantity>
      <UnitOfMeasure>100 גרם</UnitOfMeasure>
      <bIsWeighted>0</bIsWeighted>
      <QtyInPackage>1</QtyInPackage>
      <ItemPrice>7.90</ItemPrice>
      <UnitOfMeasurePrice>3.4348</UnitOfMeasurePrice>
      <AllowDiscount>1</AllowDiscount>
      <ItemStatus>1</ItemStatus>
      <ItemId>224415</ItemId>
    </Item>
    <Item>
      <PriceUpdateDate>2015-09-21 08:18:19</PriceUpdateDate>
      <ItemCode>6983770</ItemCode>
      <ItemType>0</ItemType>
      <ItemName>עוגת שיש 400 גרם</ItemName>
      <ManufacturerName>אסם</ManufacturerName>
      <ManufactureCountry>לא ידוע</ManufactureCountry>
      <ManufacturerItemDescription>עוגת שיש 400 גרם</ManufacturerItemDescription>
      <UnitQty>גרמים</UnitQty>
      <Quantity>400.00</Quantity>
      <UnitOfMeasure>100 גרם</UnitOfMeasure>
      <bIsWeighted>0</bIsWeighted>
      <QtyInPackage>1</QtyInPackage>
      <ItemPrice>9.90</ItemPrice>
      <UnitOfMeasurePrice>2.4750</UnitOfMeasurePrice>
      <AllowDiscount>1</AllowDiscount>
      <ItemStatus>1</ItemStatus>
      <ItemId>224419</ItemId>
    </Item>
    <Item>
      <PriceUpdateDate>2015-09-21 08:18:19</PriceUpdateDate>
      <ItemCode>6983787</ItemCode>
      <ItemType>0</ItemType>
      <ItemName>עוגת שוקוציפס 400 גר</ItemName>
      <ManufacturerName>אסם</ManufacturerName>
      <ManufactureCountry>לא ידוע</ManufactureCountry>
      <ManufacturerItemDescription>עוגת שוקוציפס 400 גרם</ManufacturerItemDescription>
      <UnitQty>גרמים</UnitQty>
      <Quantity>400.00</Quantity>
      <UnitOfMeasure>100 גרם</UnitOfMeasure>
      <bIsWeighted>0</bIsWeighted>
      <QtyInPackage>1</QtyInPackage>
      <ItemPrice>9.90</ItemPrice>
      <UnitOfMeasurePrice>2.4750</UnitOfMeasurePrice>
      <AllowDiscount>1</AllowDiscount>
      <ItemStatus>1</ItemStatus>
      <ItemId>224420</ItemId>
    </Item>
    <Item>
      <PriceUpdateDate>2015-09-21 08:18:19</PriceUpdateDate>
      <ItemCode>6983794</ItemCode>
      <ItemType>0</ItemType>
      <ItemName>עוגת תפוז 400 גרם</ItemName>
      <ManufacturerName>אסם</ManufacturerName>
      <ManufactureCountry>לא ידוע</ManufactureCountry>
      <ManufacturerItemDescription>עוגת תפוז 400 גרם</ManufacturerItemDescription>
      <UnitQty>גרמים</UnitQty>
      <Quantity>400.00</Quantity>
      <UnitOfMeasure>100 גרם</UnitOfMeasure>
      <bIsWeighted>0</bIsWeighted>
      <QtyInPackage>1</QtyInPackage>
      <ItemPrice>9.90</ItemPrice>
      <UnitOfMeasurePrice>2.4750</UnitOfMeasurePrice>
      <AllowDiscount>1</AllowDiscount>
      <ItemStatus>1</ItemStatus>
      <ItemId>224421</ItemId>
    </Item>
    <Item>
      <PriceUpdateDate>2016-03-21 08:50:46</PriceUpdateDate>
      <ItemCode>6992161</ItemCode>
      <ItemType>0</ItemType>
      <ItemName>דייסלה קורנפלור 200</ItemName>
      <ManufacturerName>מטרנה</ManufacturerName>
      <ManufactureCountry>לא ידוע</ManufactureCountry>
      <ManufacturerItemDescription>דייסלה קורנפלור 200 גרם</ManufacturerItemDescription>
      <UnitQty>גרמים</UnitQty>
      <Quantity>200.00</Quantity>
      <UnitOfMeasure>100 גרם</UnitOfMeasure>
      <bIsWeighted>0</bIsWeighted>
      <QtyInPackage>1</QtyInPackage>
      <ItemPrice>12.90</ItemPrice>
      <UnitOfMeasurePrice>6.4500</UnitOfMeasurePrice>
      <AllowDiscount>1</AllowDiscount>
      <ItemStatus>1</ItemStatus>
      <ItemId>224425</ItemId>
    </Item>
    <Item>
      <PriceUpdateDate>2016-03-21 08:50:47</PriceUpdateDate>
      <ItemCode>6992185</ItemCode>
      <ItemType>0</ItemType>
      <ItemName>דייסלה אורז 200 גרם</ItemName>
      <ManufacturerName>מטרנה</ManufacturerName>
      <ManufactureCountry>לא ידוע</ManufactureCountry>
      <ManufacturerItemDescription>דייסלה אורז 200 גרם</ManufacturerItemDescription>
      <UnitQty>גרמים</UnitQty>
      <Quantity>200.00</Quantity>
      <UnitOfMeasure>100 גרם</UnitOfMeasure>
      <bIsWeighted>0</bIsWeighted>
      <QtyInPackage>1</QtyInPackage>
      <ItemPrice>12.90</ItemPrice>
      <UnitOfMeasurePrice>6.4500</UnitOfMeasurePrice>
      <AllowDiscount>1</AllowDiscount>
      <ItemStatus>1</ItemStatus>
      <ItemId>224427</ItemId>
    </Item>
    <Item>
      <PriceUpdateDate>2016-03-21 08:50:47</PriceUpdateDate>
      <ItemCode>6992208</ItemCode>
      <ItemType>0</ItemType>
      <ItemName>דייסלה דגנים מעורבים</ItemName>
      <ManufacturerName>מטרנה</ManufacturerName>
      <ManufactureCountry>לא ידוע</ManufactureCountry>
      <ManufacturerItemDescription>דייסלה דגנים מעורבים 200 גרם</ManufacturerItemDescription>
      <UnitQty>גרמים</UnitQty>
      <Quantity>200.00</Quantity>
      <UnitOfMeasure>100 גרם</UnitOfMeasure>
      <bIsWeighted>0</bIsWeighted>
      <QtyInPackage>1</QtyInPackage>
      <ItemPrice>12.90</ItemPrice>
      <UnitOfMeasurePrice>6.4500</UnitOfMeasurePrice>
      <AllowDiscount>1</AllowDiscount>
      <ItemStatus>1</ItemStatus>
      <ItemId>224429</ItemId>
    </Item>
    <Item>
      <PriceUpdateDate>2016-03-21 08:50:47</PriceUpdateDate>
      <ItemCode>6992390</ItemCode>
      <ItemType>0</ItemType>
      <ItemName>דייסת וניל 200 גרם</ItemName>
      <ManufacturerName>מטרנה</ManufacturerName>
      <ManufactureCountry>לא ידוע</ManufactureCountry>
      <ManufacturerItemDescription>דייסת וניל 200 גרם</ManufacturerItemDescription>
      <UnitQty>גרמים</UnitQty>
      <Quantity>200.00</Quantity>
      <UnitOfMeasure>100 גרם</UnitOfMeasure>
      <bIsWeighted>0</bIsWeighted>
      <QtyInPackage>1</QtyInPackage>
      <ItemPrice>12.90</ItemPrice>
      <UnitOfMeasurePrice>6.4500</UnitOfMeasurePrice>
      <AllowDiscount>1</AllowDiscount>
      <ItemStatus>1</ItemStatus>
      <ItemId>224431</ItemId>
    </Item>
    <Item>
      <PriceUpdateDate>2016-01-17 10:30:45</PriceUpdateDate>
      <ItemCode>9000702</ItemCode>
      <ItemType>0</ItemType>
      <ItemName>לפת</ItemName>
      <ManufacturerName>,</ManufacturerName>
      <ManufactureCountry>לא ידוע</ManufactureCountry>
      <ManufacturerItemDescription>לפת</ManufacturerItemDescription>
      <UnitQty>קילוגרמים</UnitQty>
      <Quantity>1.00</Quantity>
      <UnitOfMeasure>ק"ג</UnitOfMeasure>
      <bIsWeighted>1</bIsWeighted>
      <QtyInPackage>לא ידוע</QtyInPackage>
      <ItemPrice>3.90</ItemPrice>
      <UnitOfMeasurePrice>3.9000</UnitOfMeasurePrice>
      <AllowDiscount>1</AllowDiscount>
      <ItemStatus>1</ItemStatus>
      <ItemId>224433</ItemId>
    </Item>
    <Item>
      <PriceUpdateDate>2015-01-01 00:00:00</PriceUpdateDate>
      <ItemCode>70308</ItemCode>
      <ItemType>0</ItemType>
      <ItemName>מרק עוף אמיתי 400 גר</ItemName>
      <ManufacturerName>אסם</ManufacturerName>
      <ManufactureCountry>לא ידוע</ManufactureCountry>
      <ManufacturerItemDescription>מרק עוף אמיתי 400 גרם</ManufacturerItemDescription>
      <UnitQty>גרמים</UnitQty>
      <Quantity>400.00</Quantity>
      <UnitOfMeasure>100 גרם</UnitOfMeasure>
      <bIsWeighted>0</bIsWeighted>
      <QtyInPackage>1</QtyInPackage>
      <ItemPrice>12.90</ItemPrice>
      <UnitOfMeasurePrice>3.2250</UnitOfMeasurePrice>
      <AllowDiscount>1</AllowDiscount>
      <ItemStatus>1</ItemStatus>
      <ItemId>224437</ItemId>
    </Item>
    <Item>
      <PriceUpdateDate>2015-01-01 00:00:00</PriceUpdateDate>
      <ItemCode>70322</ItemCode>
      <ItemType>0</ItemType>
      <ItemName>מרק פטריות 400 ג</ItemName>
      <ManufacturerName>אסם</ManufacturerName>
      <ManufactureCountry>לא ידוע</ManufactureCountry>
      <ManufacturerItemDescription>מרק פטריות 400 גרם</ManufacturerItemDescription>
      <UnitQty>גרמים</UnitQty>
      <Quantity>400.00</Quantity>
      <UnitOfMeasure>100 גרם</UnitOfMeasure>
      <bIsWeighted>0</bIsWeighted>
      <QtyInPackage>1</QtyInPackage>
      <ItemPrice>12.90</ItemPrice>
      <UnitOfMeasurePrice>3.2250</UnitOfMeasurePrice>
      <AllowDiscount>1</AllowDiscount>
      <ItemStatus>1</ItemStatus>
      <ItemId>224439</ItemId>
    </Item>
    <Item>
      <PriceUpdateDate>2015-01-01 00:00:00</PriceUpdateDate>
      <ItemCode>70353</ItemCode>
      <ItemType>0</ItemType>
      <ItemName>מרק בצל 400 גרם</ItemName>
      <ManufacturerName>אסם</ManufacturerName>
      <ManufactureCountry>לא ידוע</ManufactureCountry>
      <ManufacturerItemDescription>מרק בצל 400 גרם</ManufacturerItemDescription>
      <UnitQty>גרמים</UnitQty>
      <Quantity>400.00</Quantity>
      <UnitOfMeasure>100 גרם</UnitOfMeasure>
      <bIsWeighted>0</bIsWeighted>
      <QtyInPackage>1</QtyInPackage>
      <ItemPrice>12.90</ItemPrice>
      <UnitOfMeasurePrice>3.2250</UnitOfMeasurePrice>
      <AllowDiscount>1</AllowDiscount>
      <ItemStatus>1</ItemStatus>
      <ItemId>224440</ItemId>
    </Item>
    <Item>
      <PriceUpdateDate>2015-09-21 08:15:30</PriceUpdateDate>
      <ItemCode>72241</ItemCode>
      <ItemType>0</ItemType>
      <ItemName>רוטב פיצה 290 מ"ל</ItemName>
      <ManufacturerName>אסם</ManufacturerName>
      <ManufactureCountry>לא ידוע</ManufactureCountry>
      <ManufacturerItemDescription>רוטב פיצה 290 מ"ל</ManufacturerItemDescription>
      <UnitQty>מיליליטרים</UnitQty>
      <Quantity>290.00</Quantity>
      <UnitOfMeasure>100 מ"ל</UnitOfMeasure>
      <bIsWeighted>0</bIsWeighted>
      <QtyInPackage>1</QtyInPackage>
      <ItemPrice>9.90</ItemPrice>
      <UnitOfMeasurePrice>3.4138</UnitOfMeasurePrice>
      <AllowDiscount>1</AllowDiscount>
      <ItemStatus>1</ItemStatus>
      <ItemId>224460</ItemId>
    </Item>
    <Item>
      <PriceUpdateDate>2015-01-01 00:00:00</PriceUpdateDate>
      <ItemCode>72623</ItemCode>
      <ItemType>0</ItemType>
      <ItemName>קטשופ בקבוק לחיץ 750</ItemName>
      <ManufacturerName>אסם</ManufacturerName>
      <ManufactureCountry>לא ידוע</ManufactureCountry>
      <ManufacturerItemDescription>קטשופ בקבוק לחיץ 750 גרם</ManufacturerItemDescription>
      <UnitQty>גרמים</UnitQty>
      <Quantity>750.00</Quantity>
      <UnitOfMeasure>100 גרם</UnitOfMeasure>
      <bIsWeighted>0</bIsWeighted>
      <QtyInPackage>1</QtyInPackage>
      <ItemPrice>9.90</ItemPrice>
      <UnitOfMeasurePrice>1.3200</UnitOfMeasurePrice>
      <AllowDiscount>1</AllowDiscount>
      <ItemStatus>1</ItemStatus>
      <ItemId>224462</ItemId>
    </Item>
    <Item>
      <PriceUpdateDate>2015-09-21 08:18:19</PriceUpdateDate>
      <ItemCode>72630</ItemCode>
      <ItemType>0</ItemType>
      <ItemName>קטשופ חריף 750 גרם</ItemName>
      <ManufacturerName>אסם</ManufacturerName>
      <ManufactureCountry>לא ידוע</ManufactureCountry>
      <ManufacturerItemDescription>קטשופ חריף 750 גרם</ManufacturerItemDescription>
      <UnitQty>גרמים</UnitQty>
      <Quantity>750.00</Quantity>
      <UnitOfMeasure>100 גרם</UnitOfMeasure>
      <bIsWeighted>0</bIsWeighted>
      <QtyInPackage>1</QtyInPackage>
      <ItemPrice>12.90</ItemPrice>
      <UnitOfMeasurePrice>1.7200</UnitOfMeasurePrice>
      <AllowDiscount>1</AllowDiscount>
      <ItemStatus>1</ItemStatus>
      <ItemId>224463</ItemId>
    </Item>
    <Item>
      <PriceUpdateDate>2015-09-21 08:18:19</PriceUpdateDate>
      <ItemCode>72753</ItemCode>
      <ItemType>0</ItemType>
      <ItemName>קפה נמס טסטרס צויס</ItemName>
      <ManufacturerName>גלידות נסטלה</ManufacturerName>
      <ManufactureCountry>לא ידוע</ManufactureCountry>
      <ManufacturerItemDescription>קפה נמס טסטרס צויס 200 גרם</ManufacturerItemDescription>
      <UnitQty>גרמים</UnitQty>
      <Quantity>200.00</Quantity>
      <UnitOfMeasure>100 גרם</UnitOfMeasure>
      <bIsWeighted>0</bIsWeighted>
      <QtyInPackage>1</QtyInPackage>
      <ItemPrice>24.90</ItemPrice>
      <UnitOfMeasurePrice>12.4500</UnitOfMeasurePrice>
      <AllowDiscount>1</AllowDiscount>
      <ItemStatus>1</ItemStatus>
      <ItemId>224466</ItemId>
    </Item>
    <Item>
      <PriceUpdateDate>2015-09-21 08:18:19</PriceUpdateDate>
      <ItemCode>72777</ItemCode>
      <ItemType>0</ItemType>
      <ItemName>קפה נמס טסטרס צויס נ</ItemName>
      <ManufacturerName>נסטלה קוריאה קפה</ManufacturerName>
      <ManufactureCountry>לא ידוע</ManufactureCountry>
      <ManufacturerItemDescription>קפה נמס טסטרס צויס נטול קפאין 200 גרם</ManufacturerItemDescription>
      <UnitQty>גרמים</UnitQty>
      <Quantity>200.00</Quantity>
      <UnitOfMeasure>100 גרם</UnitOfMeasure>
      <bIsWeighted>0</bIsWeighted>
      <QtyInPackage>1</QtyInPackage>
      <ItemPrice>39.90</ItemPrice>
      <UnitOfMeasurePrice>19.9500</UnitOfMeasurePrice>
      <AllowDiscount>1</AllowDiscount>
      <ItemStatus>1</ItemStatus>
      <ItemId>224467</ItemId>
    </Item>
    <Item>
      <PriceUpdateDate>2015-01-01 00:00:00</PriceUpdateDate>
      <ItemCode>7290010023141</ItemCode>
      <ItemType>0</ItemType>
      <ItemName>תה לימונענע הגן קסום</ItemName>
      <ManufacturerName>ויסוצקי</ManufacturerName>
      <ManufactureCountry>ישראל</ManufactureCountry>
      <ManufacturerItemDescription>תה לימונענע הגן קסום 25 שקיקים</ManufacturerItemDescription>
      <UnitQty>גרמים</UnitQty>
      <Quantity>50.00</Quantity>
      <UnitOfMeasure>100 גרם</UnitOfMeasure>
      <bIsWeighted>0</bIsWeighted>
      <QtyInPackage>1</QtyInPackage>
      <ItemPrice>12.50</ItemPrice>
      <UnitOfMeasurePrice>25.0000</UnitOfMeasurePrice>
      <AllowDiscount>1</AllowDiscount>
      <ItemStatus>1</ItemStatus>
      <ItemId>224469</ItemId>
    </Item>
    <Item>
      <PriceUpdateDate>2015-01-01 00:00:00</PriceUpdateDate>
      <ItemCode>7290010116348</ItemCode>
      <ItemType>0</ItemType>
      <ItemName>מיקס חטיפים מגדים 39</ItemName>
      <ManufacturerName>שטראוס</ManufacturerName>
      <ManufactureCountry>לא ידוע</ManufactureCountry>
      <ManufacturerItemDescription>מיקס חטיפים מגדים 390 גרם</ManufacturerItemDescription>
      <UnitQty>גרמים</UnitQty>
      <Quantity>390.00</Quantity>
      <UnitOfMeasure>100 גרם</UnitOfMeasure>
      <bIsWeighted>0</bIsWeighted>
      <QtyInPackage>1</QtyInPackage>
      <ItemPrice>21.90</ItemPrice>
      <UnitOfMeasurePrice>5.6154</UnitOfMeasurePrice>
      <AllowDiscount>1</AllowDiscount>
      <ItemStatus>1</ItemStatus>
      <ItemId>224501</ItemId>
    </Item>
    <Item>
      <PriceUpdateDate>2015-01-01 00:00:00</PriceUpdateDate>
      <ItemCode>7290010116355</ItemCode>
      <ItemType>0</ItemType>
      <ItemName>מיני פסק זמן מגדים 4</ItemName>
      <ManufacturerName>שטראוס</ManufacturerName>
      <ManufactureCountry>ישראל</ManufactureCountry>
      <ManufacturerItemDescription>מיני פסק זמן מגדים 400 גרם</ManufacturerItemDescription>
      <UnitQty>גרמים</UnitQty>
      <Quantity>390.00</Quantity>
      <UnitOfMeasure>100 גרם</UnitOfMeasure>
      <bIsWeighted>0</bIsWeighted>
      <QtyInPackage>1</QtyInPackage>
      <ItemPrice>21.90</ItemPrice>
      <UnitOfMeasurePrice>5.6154</UnitOfMeasurePrice>
      <AllowDiscount>1</AllowDiscount>
      <ItemStatus>1</ItemStatus>
      <ItemId>224502</ItemId>
    </Item>
    <Item>
      <PriceUpdateDate>2015-01-01 00:00:00</PriceUpdateDate>
      <ItemCode>7290010116379</ItemCode>
      <ItemType>0</ItemType>
      <ItemName>מיני כיף כף מגדים 40</ItemName>
      <ManufacturerName>שטראוס</ManufacturerName>
      <ManufactureCountry>ישראל</ManufactureCountry>
      <ManufacturerItemDescription>מיני כיף כף מגדים 400 גרם</ManufacturerItemDescription>
      <UnitQty>גרמים</UnitQty>
      <Quantity>400.00</Quantity>
      <UnitOfMeasure>100 גרם</UnitOfMeasure>
      <bIsWeighted>0</bIsWeighted>
      <QtyInPackage>1</QtyInPackage>
      <ItemPrice>21.90</ItemPrice>
      <UnitOfMeasurePrice>5.4750</UnitOfMeasurePrice>
      <AllowDiscount>1</AllowDiscount>
      <ItemStatus>1</ItemStatus>
      <ItemId>224503</ItemId>
    </Item>
    <Item>
      <PriceUpdateDate>2015-01-01 00:00:00</PriceUpdateDate>
      <ItemCode>7290010116386</ItemCode>
      <ItemType>0</ItemType>
      <ItemName>מיני מקופלת מגדים 40</ItemName>
      <ManufacturerName>שטראוס</ManufacturerName>
      <ManufactureCountry>ישראל</ManufactureCountry>
      <ManufacturerItemDescription>מיני מקופלת מגדים 400 גרם</ManufacturerItemDescription>
      <UnitQty>גרמים</UnitQty>
      <Quantity>400.00</Quantity>
      <UnitOfMeasure>100 גרם</UnitOfMeasure>
      <bIsWeighted>0</bIsWeighted>
      <QtyInPackage>1</QtyInPackage>
      <ItemPrice>21.90</ItemPrice>
      <UnitOfMeasurePrice>5.4750</UnitOfMeasurePrice>
      <AllowDiscount>1</AllowDiscount>
      <ItemStatus>1</ItemStatus>
      <ItemId>224504</ItemId>
    </Item>
    <Item>
      <PriceUpdateDate>2015-06-30 12:13:30</PriceUpdateDate>
      <ItemCode>7290010116980</ItemCode>
      <ItemType>0</ItemType>
      <ItemName>שוקולית 850 גרם</ItemName>
      <ManufacturerName>,</ManufacturerName>
      <ManufactureCountry>לא ידוע</ManufactureCountry>
      <ManufacturerItemDescription>שוקולית 850 גרם</ManufacturerItemDescription>
      <UnitQty>גרמים</UnitQty>
      <Quantity>850.00</Quantity>
      <UnitOfMeasure>100 גרם</UnitOfMeasure>
      <bIsWeighted>0</bIsWeighted>
      <QtyInPackage>1</QtyInPackage>
      <ItemPrice>16.80</ItemPrice>
      <UnitOfMeasurePrice>1.9765</UnitOfMeasurePrice>
      <AllowDiscount>1</AllowDiscount>
      <ItemStatus>1</ItemStatus>
      <ItemId>224506</ItemId>
    </Item>
    <Item>
      <PriceUpdateDate>2015-01-01 00:00:00</PriceUpdateDate>
      <ItemCode>7290010153541</ItemCode>
      <ItemType>0</ItemType>
      <ItemName>קוואקר מהיר הכנה 500</ItemName>
      <ManufacturerName>HARRISONS MALAYALAM</ManufacturerName>
      <ManufactureCountry>הודו</ManufactureCountry>
      <ManufacturerItemDescription>קוואקר מהיר הכנה 500 גרם</ManufacturerItemDescription>
      <UnitQty>גרמים</UnitQty>
      <Quantity>500.00</Quantity>
      <UnitOfMeasure>100 גרם</UnitOfMeasure>
      <bIsWeighted>0</bIsWeighted>
      <QtyInPackage>1</QtyInPackage>
      <ItemPrice>6.70</ItemPrice>
      <UnitOfMeasurePrice>1.3400</UnitOfMeasurePrice>
      <AllowDiscount>1</AllowDiscount>
      <ItemStatus>1</ItemStatus>
      <ItemId>224513</ItemId>
    </Item>
    <Item>
      <PriceUpdateDate>2015-01-01 00:00:00</PriceUpdateDate>
      <ItemCode>7290010153688</ItemCode>
      <ItemType>0</ItemType>
      <ItemName>חומץ טבעי 1 ליטר בד"</ItemName>
      <ManufacturerName>,</ManufacturerName>
      <ManufactureCountry>לא ידוע</ManufactureCountry>
      <ManufacturerItemDescription>חומץ טבעי 1 ליטר בד"צ</ManufacturerItemDescription>
      <UnitQty>ליטרים</UnitQty>
      <Quantity>1.00</Quantity>
      <UnitOfMeasure>ליטר    </UnitOfMeasure>
      <bIsWeighted>0</bIsWeighted>
      <QtyInPackage>1</QtyInPackage>
      <ItemPrice>5.90</ItemPrice>
      <UnitOfMeasurePrice>5.9000</UnitOfMeasurePrice>
      <AllowDiscount>1</AllowDiscount>
      <ItemStatus>1</ItemStatus>
      <ItemId>224514</ItemId>
    </Item>
    <Item>
      <PriceUpdateDate>2015-01-01 00:00:00</PriceUpdateDate>
      <ItemCode>7290010153725</ItemCode>
      <ItemType>0</ItemType>
      <ItemName>קונפיטורה דובדבן 340</ItemName>
      <ManufacturerName>מיה תעשיות מזון בעמ</ManufacturerName>
      <ManufactureCountry>ישראל</ManufactureCountry>
      <ManufacturerItemDescription>קונפיטורה דובדבן 340 גרם</ManufacturerItemDescription>
      <UnitQty>גרמים</UnitQty>
      <Quantity>340.00</Quantity>
      <UnitOfMeasure>100 גרם</UnitOfMeasure>
      <bIsWeighted>0</bIsWeighted>
      <QtyInPackage>1</QtyInPackage>
      <ItemPrice>11.90</ItemPrice>
      <UnitOfMeasurePrice>3.5000</UnitOfMeasurePrice>
      <AllowDiscount>1</AllowDiscount>
      <ItemStatus>1</ItemStatus>
      <ItemId>224516</ItemId>
    </Item>
    <Item>
      <PriceUpdateDate>2015-01-01 00:00:00</PriceUpdateDate>
      <ItemCode>7290010153817</ItemCode>
      <ItemType>0</ItemType>
      <ItemName>ריבת חלב 400 גרם</ItemName>
      <ManufacturerName>מיה תעשיות מזון בעמ</ManufacturerName>
      <ManufactureCountry>ישראל</ManufactureCountry>
      <ManufacturerItemDescription>ריבת חלב 400 גרם</ManufacturerItemDescription>
      <UnitQty>גרמים</UnitQty>
      <Quantity>400.00</Quantity>
      <UnitOfMeasure>100 גרם</UnitOfMeasure>
      <bIsWeighted>0</bIsWeighted>
      <QtyInPackage>1</QtyInPackage>
      <ItemPrice>11.90</ItemPrice>
      <UnitOfMeasurePrice>2.9750</UnitOfMeasurePrice>
      <AllowDiscount>1</AllowDiscount>
      <ItemStatus>1</ItemStatus>
      <ItemId>224522</ItemId>
    </Item>
    <Item>
      <PriceUpdateDate>2016-02-24 13:48:24</PriceUpdateDate>
      <ItemCode>7290010153831</ItemCode>
      <ItemType>0</ItemType>
      <ItemName>צבעוני שוקולד 10*20</ItemName>
      <ManufacturerName>מיה תעשיות מזון בעמ</ManufacturerName>
      <ManufactureCountry>ישראל</ManufactureCountry>
      <ManufacturerItemDescription>צבעוני שוקולד 10*20 גרפ</ManufacturerItemDescription>
      <UnitQty>גרמים</UnitQty>
      <Quantity>200.00</Quantity>
      <UnitOfMeasure>100 גרם</UnitOfMeasure>
      <bIsWeighted>0</bIsWeighted>
      <QtyInPackage>10</QtyInPackage>
      <ItemPrice>9.60</ItemPrice>
      <UnitOfMeasurePrice>4.8000</UnitOfMeasurePrice>
      <AllowDiscount>1</AllowDiscount>
      <ItemStatus>1</ItemStatus>
      <ItemId>224524</ItemId>
    </Item>
    <Item>
      <PriceUpdateDate>2015-01-01 00:00:00</PriceUpdateDate>
      <ItemCode>7290010153848</ItemCode>
      <ItemType>0</ItemType>
      <ItemName>פפריקה מרוקאית בשמן</ItemName>
      <ManufacturerName>מיה תעשיות מזון בעמ</ManufacturerName>
      <ManufactureCountry>ישראל</ManufactureCountry>
      <ManufacturerItemDescription>פפריקה מרוקאית בשמן 80 גרם צנצנת</ManufacturerItemDescription>
      <UnitQty>גרמים</UnitQty>
      <Quantity>80.00</Quantity>
      <UnitOfMeasure>100 גרם</UnitOfMeasure>
      <bIsWeighted>0</bIsWeighted>
      <QtyInPackage>1</QtyInPackage>
      <ItemPrice>5.80</ItemPrice>
      <UnitOfMeasurePrice>7.2500</UnitOfMeasurePrice>
      <AllowDiscount>1</AllowDiscount>
      <ItemStatus>1</ItemStatus>
      <ItemId>224525</ItemId>
    </Item>
    <Item>
      <PriceUpdateDate>2016-07-27 08:32:17</PriceUpdateDate>
      <ItemCode>8001090033512</ItemCode>
      <ItemType>0</ItemType>
      <ItemName>אבקת כביסה טייד קולו</ItemName>
      <ManufacturerName>פרוקטר</ManufacturerName>
      <ManufactureCountry>תורכיה</ManufactureCountry>
      <ManufacturerItemDescription>א.כביסה טייד קולור 8 ק"ג</ManufacturerItemDescription>
      <UnitQty>קילוגרמים</UnitQty>
      <Quantity>8.00</Quantity>
      <UnitOfMeasure>ק"ג     </UnitOfMeasure>
      <bIsWeighted>0</bIsWeighted>
      <QtyInPackage>1</QtyInPackage>
      <ItemPrice>37.90</ItemPrice>
      <UnitOfMeasurePrice>4.7375</UnitOfMeasurePrice>
      <AllowDiscount>1</AllowDiscount>
      <ItemStatus>1</ItemStatus>
      <ItemId>268560</ItemId>
    </Item>
    <Item>
      <PriceUpdateDate>2015-12-24 12:17:55</PriceUpdateDate>
      <ItemCode>7290010153855</ItemCode>
      <ItemType>0</ItemType>
      <ItemName>פפריקה מרוקאית בשמן</ItemName>
      <ManufacturerName>,</ManufacturerName>
      <ManufactureCountry>לא ידוע</ManufactureCountry>
      <ManufacturerItemDescription>פפריקה מרוקאית בשמן 300 גרם</ManufacturerItemDescription>
      <UnitQty>גרמים</UnitQty>
      <Quantity>300.00</Quantity>
      <UnitOfMeasure>100 גרם</UnitOfMeasure>
      <bIsWeighted>0</bIsWeighted>
      <QtyInPackage>1</QtyInPackage>
      <ItemPrice>9.90</ItemPrice>
      <UnitOfMeasurePrice>3.3000</UnitOfMeasurePrice>
      <AllowDiscount>1</AllowDiscount>
      <ItemStatus>1</ItemStatus>
      <ItemId>224526</ItemId>
    </Item>
    <Item>
      <PriceUpdateDate>2015-01-01 00:00:00</PriceUpdateDate>
      <ItemCode>7290010153879</ItemCode>
      <ItemType>0</ItemType>
      <ItemName>ריבת חלב טעם שמנת 30</ItemName>
      <ManufacturerName>,</ManufacturerName>
      <ManufactureCountry>לא ידוע</ManufactureCountry>
      <ManufacturerItemDescription>ריבת חלב טעם שמנת 300 גרם</ManufacturerItemDescription>
      <UnitQty>גרמים</UnitQty>
      <Quantity>300.00</Quantity>
      <UnitOfMeasure>100 גרם</UnitOfMeasure>
      <bIsWeighted>0</bIsWeighted>
      <QtyInPackage>1</QtyInPackage>
      <ItemPrice>11.90</ItemPrice>
      <UnitOfMeasurePrice>3.9667</UnitOfMeasurePrice>
      <AllowDiscount>1</AllowDiscount>
      <ItemStatus>1</ItemStatus>
      <ItemId>224528</ItemId>
    </Item>
    <Item>
      <PriceUpdateDate>2016-03-27 12:40:52</PriceUpdateDate>
      <ItemCode>7290107640756</ItemCode>
      <ItemType>0</ItemType>
      <ItemName>קוקומן צדפים 750 גרם</ItemName>
      <ManufacturerName>יוניליוור</ManufacturerName>
      <ManufactureCountry>ישראל</ManufactureCountry>
      <ManufacturerItemDescription>קוקומן צדפים 750 גרם מופחת סוכר</ManufacturerItemDescription>
      <UnitQty>גרמים</UnitQty>
      <Quantity>750.00</Quantity>
      <UnitOfMeasure>100 גרם</UnitOfMeasure>
      <bIsWeighted>0</bIsWeighted>
      <QtyInPackage>1</QtyInPackage>
      <ItemPrice>16.60</ItemPrice>
      <UnitOfMeasurePrice>2.2133</UnitOfMeasurePrice>
      <AllowDiscount>1</AllowDiscount>
      <ItemStatus>1</ItemStatus>
      <ItemId>267584</ItemId>
    </Item>
    <Item>
      <PriceUpdateDate>2015-01-01 00:00:00</PriceUpdateDate>
      <ItemCode>7290010154005</ItemCode>
      <ItemType>0</ItemType>
      <ItemName>סחוג תימני 250 גרם</ItemName>
      <ManufacturerName>גייקובס</ManufacturerName>
      <ManufactureCountry>לא ידוע</ManufactureCountry>
      <ManufacturerItemDescription>סחוג תימני 250 גרם</ManufacturerItemDescription>
      <UnitQty>גרמים</UnitQty>
      <Quantity>250.00</Quantity>
      <UnitOfMeasure>100 גרם</UnitOfMeasure>
      <bIsWeighted>0</bIsWeighted>
      <QtyInPackage>1</QtyInPackage>
      <ItemPrice>13.50</ItemPrice>
      <UnitOfMeasurePrice>5.4000</UnitOfMeasurePrice>
      <AllowDiscount>1</AllowDiscount>
      <ItemStatus>1</ItemStatus>
      <ItemId>224530</ItemId>
    </Item>
    <Item>
      <PriceUpdateDate>2015-01-01 00:00:00</PriceUpdateDate>
      <ItemCode>7290010154029</ItemCode>
      <ItemType>0</ItemType>
      <ItemName>אריסה מתוקה 250 גרם</ItemName>
      <ManufacturerName>גייקובס</ManufacturerName>
      <ManufactureCountry>לא ידוע</ManufactureCountry>
      <ManufacturerItemDescription>אריסה מתוקה 250 גרם</ManufacturerItemDescription>
      <UnitQty>גרמים</UnitQty>
      <Quantity>250.00</Quantity>
      <UnitOfMeasure>100 גרם</UnitOfMeasure>
      <bIsWeighted>0</bIsWeighted>
      <QtyInPackage>1</QtyInPackage>
      <ItemPrice>13.50</ItemPrice>
      <UnitOfMeasurePrice>5.4000</UnitOfMeasurePrice>
      <AllowDiscount>1</AllowDiscount>
      <ItemStatus>1</ItemStatus>
      <ItemId>224531</ItemId>
    </Item>
    <Item>
      <PriceUpdateDate>2015-01-01 00:00:00</PriceUpdateDate>
      <ItemCode>7290010154265</ItemCode>
      <ItemType>0</ItemType>
      <ItemName>פלפל צומה ביטון 250</ItemName>
      <ManufacturerName>גייקובס</ManufacturerName>
      <ManufactureCountry>לא ידוע</ManufactureCountry>
      <ManufacturerItemDescription>פלפל צומה ביטון 250 גרם</ManufacturerItemDescription>
      <UnitQty>גרמים</UnitQty>
      <Quantity>250.00</Quantity>
      <UnitOfMeasure>100 גרם</UnitOfMeasure>
      <bIsWeighted>0</bIsWeighted>
      <QtyInPackage>1</QtyInPackage>
      <ItemPrice>13.50</ItemPrice>
      <UnitOfMeasurePrice>5.4000</UnitOfMeasurePrice>
      <AllowDiscount>1</AllowDiscount>
      <ItemStatus>1</ItemStatus>
      <ItemId>224534</ItemId>
    </Item>
    <Item>
      <PriceUpdateDate>2015-01-01 00:00:00</PriceUpdateDate>
      <ItemCode>7290010175291</ItemCode>
      <ItemType>0</ItemType>
      <ItemName>קקאו הולנדי 500 גרם</ItemName>
      <ManufacturerName>,</ManufacturerName>
      <ManufactureCountry>לא ידוע</ManufactureCountry>
      <ManufacturerItemDescription>קקאו הולנדי 500 גרם</ManufacturerItemDescription>
      <UnitQty>גרמים</UnitQty>
      <Quantity>500.00</Quantity>
      <UnitOfMeasure>100 גרם</UnitOfMeasure>
      <bIsWeighted>0</bIsWeighted>
      <QtyInPackage>1</QtyInPackage>
      <ItemPrice>11.90</ItemPrice>
      <UnitOfMeasurePrice>2.3800</UnitOfMeasurePrice>
      <AllowDiscount>1</AllowDiscount>
      <ItemStatus>1</ItemStatus>
      <ItemId>224544</ItemId>
    </Item>
    <Item>
      <PriceUpdateDate>2015-01-01 00:00:00</PriceUpdateDate>
      <ItemCode>7290010175642</ItemCode>
      <ItemType>0</ItemType>
      <ItemName>דגני על הבוקר שוקו</ItemName>
      <ManufacturerName>,</ManufacturerName>
      <ManufactureCountry>לא ידוע</ManufactureCountry>
      <ManufacturerItemDescription>דגני על הבוקר שוקו 500 גרם</ManufacturerItemDescription>
      <UnitQty>גרמים</UnitQty>
      <Quantity>500.00</Quantity>
      <UnitOfMeasure>100 גרם</UnitOfMeasure>
      <bIsWeighted>0</bIsWeighted>
      <QtyInPackage>1</QtyInPackage>
      <ItemPrice>5.90</ItemPrice>
      <UnitOfMeasurePrice>1.1800</UnitOfMeasurePrice>
      <AllowDiscount>1</AllowDiscount>
      <ItemStatus>1</ItemStatus>
      <ItemId>224549</ItemId>
    </Item>
    <Item>
      <PriceUpdateDate>2015-01-01 00:00:00</PriceUpdateDate>
      <ItemCode>7290010175659</ItemCode>
      <ItemType>0</ItemType>
      <ItemName>דגני על הבוקר טבעות</ItemName>
      <ManufacturerName>,</ManufacturerName>
      <ManufactureCountry>לא ידוע</ManufactureCountry>
      <ManufacturerItemDescription>דגני על הבוקר טבעות 500גרם</ManufacturerItemDescription>
      <UnitQty>גרמים</UnitQty>
      <Quantity>500.00</Quantity>
      <UnitOfMeasure>100 גרם</UnitOfMeasure>
      <bIsWeighted>0</bIsWeighted>
      <QtyInPackage>1</QtyInPackage>
      <ItemPrice>5.90</ItemPrice>
      <UnitOfMeasurePrice>1.1800</UnitOfMeasurePrice>
      <AllowDiscount>1</AllowDiscount>
      <ItemStatus>1</ItemStatus>
      <ItemId>224550</ItemId>
    </Item>
    <Item>
      <PriceUpdateDate>2015-01-01 00:00:00</PriceUpdateDate>
      <ItemCode>7290010175666</ItemCode>
      <ItemType>0</ItemType>
      <ItemName>דגני על הבוקר שוקו</ItemName>
      <ManufacturerName>,</ManufacturerName>
      <ManufactureCountry>לא ידוע</ManufactureCountry>
      <ManufacturerItemDescription>דגני על הבוקר שוקו 500 גרם</ManufacturerItemDescription>
      <UnitQty>גרמים</UnitQty>
      <Quantity>500.00</Quantity>
      <UnitOfMeasure>100 גרם</UnitOfMeasure>
      <bIsWeighted>0</bIsWeighted>
      <QtyInPackage>1</QtyInPackage>
      <ItemPrice>5.90</ItemPrice>
      <UnitOfMeasurePrice>1.1800</UnitOfMeasurePrice>
      <AllowDiscount>1</AllowDiscount>
      <ItemStatus>1</ItemStatus>
      <ItemId>224551</ItemId>
    </Item>
    <Item>
      <PriceUpdateDate>2015-09-21 13:11:11</PriceUpdateDate>
      <ItemCode>7290010176793</ItemCode>
      <ItemType>0</ItemType>
      <ItemName>סוכריות מיני רולים 3</ItemName>
      <ManufacturerName>,</ManufacturerName>
      <ManufactureCountry>לא ידוע</ManufactureCountry>
      <ManufacturerItemDescription>סוכריות מיני רולים 375 גרם</ManufacturerItemDescription>
      <UnitQty>גרמים</UnitQty>
      <Quantity>375.00</Quantity>
      <UnitOfMeasure>100 גרם</UnitOfMeasure>
      <bIsWeighted>0</bIsWeighted>
      <QtyInPackage>1</QtyInPackage>
      <ItemPrice>14.90</ItemPrice>
      <UnitOfMeasurePrice>3.9733</UnitOfMeasurePrice>
      <AllowDiscount>1</AllowDiscount>
      <ItemStatus>1</ItemStatus>
      <ItemId>224563</ItemId>
    </Item>
    <Item>
      <PriceUpdateDate>2016-04-18 09:45:52</PriceUpdateDate>
      <ItemCode>966196303496</ItemCode>
      <ItemType>1</ItemType>
      <ItemName>ממרח שוקונט מאגוזי ל</ItemName>
      <ManufacturerName>,</ManufacturerName>
      <ManufactureCountry>לא ידוע</ManufactureCountry>
      <ManufacturerItemDescription>ממרח שוקונט מאגוזי לוז וקקאו 350 גרם</ManufacturerItemDescription>
      <UnitQty>גרמים</UnitQty>
      <Quantity>350.00</Quantity>
      <UnitOfMeasure>100 גרם</UnitOfMeasure>
      <bIsWeighted>0</bIsWeighted>
      <QtyInPackage>1</QtyInPackage>
      <ItemPrice>9.90</ItemPrice>
      <UnitOfMeasurePrice>2.8286</UnitOfMeasurePrice>
      <AllowDiscount>1</AllowDiscount>
      <ItemStatus>1</ItemStatus>
      <ItemId>267955</ItemId>
    </Item>
    <Item>
      <PriceUpdateDate>2015-01-01 00:00:00</PriceUpdateDate>
      <ItemCode>7290010193301</ItemCode>
      <ItemType>0</ItemType>
      <ItemName>שווארמה אמיתית 600 ג</ItemName>
      <ManufacturerName>מ ב גלאט עוף למהדרין</ManufacturerName>
      <ManufactureCountry>ישראל</ManufactureCountry>
      <ManufacturerItemDescription>שווארמה אמיתית 600 גרם</ManufacturerItemDescription>
      <UnitQty>גרמים</UnitQty>
      <Quantity>600.00</Quantity>
      <UnitOfMeasure>100 גרם</UnitOfMeasure>
      <bIsWeighted>0</bIsWeighted>
      <QtyInPackage>1</QtyInPackage>
      <ItemPrice>31.90</ItemPrice>
      <UnitOfMeasurePrice>5.3167</UnitOfMeasurePrice>
      <AllowDiscount>1</AllowDiscount>
      <ItemStatus>1</ItemStatus>
      <ItemId>224581</ItemId>
    </Item>
    <Item>
      <PriceUpdateDate>2015-01-01 00:00:00</PriceUpdateDate>
      <ItemCode>901114</ItemCode>
      <ItemType>0</ItemType>
      <ItemName>מיחזור אריזה פחית שי</ItemName>
      <ManufacturerName>,</ManufacturerName>
      <ManufactureCountry>לא ידוע</ManufactureCountry>
      <ManufacturerItemDescription>מיחזור אריזה פחית שישייה</ManufacturerItemDescription>
      <UnitQty>Unknown </UnitQty>
      <Quantity>0.00</Quantity>
      <UnitOfMeasure>Unknown </UnitOfMeasure>
      <bIsWeighted>0</bIsWeighted>
      <QtyInPackage>1</QtyInPackage>
      <ItemPrice>1.80</ItemPrice>
      <UnitOfMeasurePrice>0.0000</UnitOfMeasurePrice>
      <AllowDiscount>1</AllowDiscount>
      <ItemStatus>1</ItemStatus>
      <ItemId>224586</ItemId>
    </Item>
    <Item>
      <PriceUpdateDate>2015-01-01 00:00:00</PriceUpdateDate>
      <ItemCode>7290010237623</ItemCode>
      <ItemType>0</ItemType>
      <ItemName>בירה  נשר מאלט 1.5 ל</ItemName>
      <ManufacturerName>טמפו</ManufacturerName>
      <ManufactureCountry>לא ידוע</ManufactureCountry>
      <ManufacturerItemDescription>בירה  נשר מאלט 1.5 ליטר</ManufacturerItemDescription>
      <UnitQty>ליטרים</UnitQty>
      <Quantity>1.50</Quantity>
      <UnitOfMeasure>ליטר    </UnitOfMeasure>
      <bIsWeighted>0</bIsWeighted>
      <QtyInPackage>1</QtyInPackage>
      <ItemPrice>6.80</ItemPrice>
      <UnitOfMeasurePrice>4.5333</UnitOfMeasurePrice>
      <AllowDiscount>1</AllowDiscount>
      <ItemStatus>1</ItemStatus>
      <ItemId>224587</ItemId>
    </Item>
    <Item>
      <PriceUpdateDate>2016-08-03 08:55:34</PriceUpdateDate>
      <ItemCode>70970476235</ItemCode>
      <ItemType>1</ItemType>
      <ItemName>סוכריות מייק אנד איי</ItemName>
      <ManufacturerName>,</ManufacturerName>
      <ManufactureCountry>לא ידוע</ManufactureCountry>
      <ManufacturerItemDescription>סוכריות מייק אנד אייק בטעמים</ManufacturerItemDescription>
      <UnitQty>קילוגרמים</UnitQty>
      <Quantity>1.02</Quantity>
      <UnitOfMeasure>ק"ג     </UnitOfMeasure>
      <bIsWeighted>0</bIsWeighted>
      <QtyInPackage>1</QtyInPackage>
      <ItemPrice>19.90</ItemPrice>
      <UnitOfMeasurePrice>19.5098</UnitOfMeasurePrice>
      <AllowDiscount>1</AllowDiscount>
      <ItemStatus>1</ItemStatus>
      <ItemId>269122</ItemId>
    </Item>
    <Item>
      <PriceUpdateDate>2015-01-01 00:00:00</PriceUpdateDate>
      <ItemCode>7290010328178</ItemCode>
      <ItemType>0</ItemType>
      <ItemName>חלבה מסולסלת 250 גרם</ItemName>
      <ManufacturerName>אחדות ביחר לטחינה חל</ManufacturerName>
      <ManufactureCountry>לא ידוע</ManufactureCountry>
      <ManufacturerItemDescription>חלבה מסולסלת 250 גרם</ManufacturerItemDescription>
      <UnitQty>גרמים</UnitQty>
      <Quantity>250.00</Quantity>
      <UnitOfMeasure>100 גרם</UnitOfMeasure>
      <bIsWeighted>0</bIsWeighted>
      <QtyInPackage>1</QtyInPackage>
      <ItemPrice>9.90</ItemPrice>
      <UnitOfMeasurePrice>3.9600</UnitOfMeasurePrice>
      <AllowDiscount>1</AllowDiscount>
      <ItemStatus>1</ItemStatus>
      <ItemId>224602</ItemId>
    </Item>
    <Item>
      <PriceUpdateDate>2015-01-01 00:00:00</PriceUpdateDate>
      <ItemCode>7290010328239</ItemCode>
      <ItemType>0</ItemType>
      <ItemName>טחינה מתובלת 500 גרם</ItemName>
      <ManufacturerName>אחדות ביחר לטחינה חל</ManufacturerName>
      <ManufactureCountry>לא ידוע</ManufactureCountry>
      <ManufacturerItemDescription>טחינה מתובלת 500 גרם</ManufacturerItemDescription>
      <UnitQty>גרמים</UnitQty>
      <Quantity>500.00</Quantity>
      <UnitOfMeasure>100 גרם</UnitOfMeasure>
      <bIsWeighted>0</bIsWeighted>
      <QtyInPackage>1</QtyInPackage>
      <ItemPrice>13.90</ItemPrice>
      <UnitOfMeasurePrice>2.7800</UnitOfMeasurePrice>
      <AllowDiscount>1</AllowDiscount>
      <ItemStatus>1</ItemStatus>
      <ItemId>224604</ItemId>
    </Item>
    <Item>
      <PriceUpdateDate>2015-11-01 07:31:11</PriceUpdateDate>
      <ItemCode>7290010328246</ItemCode>
      <ItemType>0</ItemType>
      <ItemName>טחינה שומשום מלא 500</ItemName>
      <ManufacturerName>אחדות ביחר לטחינה חל</ManufacturerName>
      <ManufactureCountry>לא ידוע</ManufactureCountry>
      <ManufacturerItemDescription>טחינה שומשום מלא 500 גרם</ManufacturerItemDescription>
      <UnitQty>גרמים</UnitQty>
      <Quantity>500.00</Quantity>
      <UnitOfMeasure>100 גרם</UnitOfMeasure>
      <bIsWeighted>0</bIsWeighted>
      <QtyInPackage>1</QtyInPackage>
      <ItemPrice>10.90</ItemPrice>
      <UnitOfMeasurePrice>2.1800</UnitOfMeasurePrice>
      <AllowDiscount>1</AllowDiscount>
      <ItemStatus>1</ItemStatus>
      <ItemId>224605</ItemId>
    </Item>
    <Item>
      <PriceUpdateDate>2015-01-01 00:00:00</PriceUpdateDate>
      <ItemCode>7290010417315</ItemCode>
      <ItemType>0</ItemType>
      <ItemName>יין גולן מרלו 750 מ</ItemName>
      <ManufacturerName>יקב רמת הגולן</ManufacturerName>
      <ManufactureCountry>לא ידוע</ManufactureCountry>
      <ManufacturerItemDescription>יין גולן מרלו 750 מ"ל</ManufacturerItemDescription>
      <UnitQty>מיליליטרים</UnitQty>
      <Quantity>750.00</Quantity>
      <UnitOfMeasure>100 מ"ל</UnitOfMeasure>
      <bIsWeighted>0</bIsWeighted>
      <QtyInPackage>1</QtyInPackage>
      <ItemPrice>31.90</ItemPrice>
      <UnitOfMeasurePrice>4.2533</UnitOfMeasurePrice>
      <AllowDiscount>1</AllowDiscount>
      <ItemStatus>1</ItemStatus>
      <ItemId>224615</ItemId>
    </Item>
    <Item>
      <PriceUpdateDate>2015-01-01 00:00:00</PriceUpdateDate>
      <ItemCode>7290010429301</ItemCode>
      <ItemType>0</ItemType>
      <ItemName>מעדן פרי תות יד מרדכ</ItemName>
      <ManufacturerName>שטראוס</ManufacturerName>
      <ManufactureCountry>לא ידוע</ManufactureCountry>
      <ManufacturerItemDescription>מעדן פרי תות יד מרדכי 250 גרם</ManufacturerItemDescription>
      <UnitQty>גרמים</UnitQty>
      <Quantity>250.00</Quantity>
      <UnitOfMeasure>100 גרם</UnitOfMeasure>
      <bIsWeighted>0</bIsWeighted>
      <QtyInPackage>1</QtyInPackage>
      <ItemPrice>11.90</ItemPrice>
      <UnitOfMeasurePrice>4.7600</UnitOfMeasurePrice>
      <AllowDiscount>1</AllowDiscount>
      <ItemStatus>1</ItemStatus>
      <ItemId>224616</ItemId>
    </Item>
    <Item>
      <PriceUpdateDate>2015-01-01 00:00:00</PriceUpdateDate>
      <ItemCode>7290010541928</ItemCode>
      <ItemType>0</ItemType>
      <ItemName>מברשת שיער</ItemName>
      <ManufacturerName>,</ManufacturerName>
      <ManufactureCountry>לא ידוע</ManufactureCountry>
      <ManufacturerItemDescription>מברשת שיער</ManufacturerItemDescription>
      <UnitQty>Unknown </UnitQty>
      <Quantity>0.00</Quantity>
      <UnitOfMeasure>Unknown </UnitOfMeasure>
      <bIsWeighted>0</bIsWeighted>
      <QtyInPackage>1</QtyInPackage>
      <ItemPrice>7.90</ItemPrice>
      <UnitOfMeasurePrice>0.0000</UnitOfMeasurePrice>
      <AllowDiscount>1</AllowDiscount>
      <ItemStatus>1</ItemStatus>
      <ItemId>224622</ItemId>
    </Item>
    <Item>
      <PriceUpdateDate>2015-01-01 00:00:00</PriceUpdateDate>
      <ItemCode>7290010569038</ItemCode>
      <ItemType>0</ItemType>
      <ItemName>גלידה משפחתית 5 טעמי</ItemName>
      <ManufacturerName>שטראוס</ManufacturerName>
      <ManufactureCountry>ישראל</ManufactureCountry>
      <ManufacturerItemDescription>גלידה משפחתית 5 טעמים 2 ליטר</ManufacturerItemDescription>
      <UnitQty>ליטרים</UnitQty>
      <Quantity>2.00</Quantity>
      <UnitOfMeasure>ליטר    </UnitOfMeasure>
      <bIsWeighted>0</bIsWeighted>
      <QtyInPackage>1</QtyInPackage>
      <ItemPrice>17.90</ItemPrice>
      <UnitOfMeasurePrice>8.9500</UnitOfMeasurePrice>
      <AllowDiscount>1</AllowDiscount>
      <ItemStatus>1</ItemStatus>
      <ItemId>224626</ItemId>
    </Item>
    <Item>
      <PriceUpdateDate>2015-01-01 00:00:00</PriceUpdateDate>
      <ItemCode>7290010569052</ItemCode>
      <ItemType>0</ItemType>
      <ItemName>גלידה משפחתית 3 טעמי</ItemName>
      <ManufacturerName>שטראוס</ManufacturerName>
      <ManufactureCountry>ישראל</ManufactureCountry>
      <ManufacturerItemDescription>גלידה משפחתית 3 טעמים 2 ליטר</ManufacturerItemDescription>
      <UnitQty>ליטרים</UnitQty>
      <Quantity>2.00</Quantity>
      <UnitOfMeasure>ליטר    </UnitOfMeasure>
      <bIsWeighted>0</bIsWeighted>
      <QtyInPackage>1</QtyInPackage>
      <ItemPrice>17.90</ItemPrice>
      <UnitOfMeasurePrice>8.9500</UnitOfMeasurePrice>
      <AllowDiscount>1</AllowDiscount>
      <ItemStatus>1</ItemStatus>
      <ItemId>224627</ItemId>
    </Item>
    <Item>
      <PriceUpdateDate>2015-01-01 00:00:00</PriceUpdateDate>
      <ItemCode>7290010569069</ItemCode>
      <ItemType>0</ItemType>
      <ItemName>גלידה משפחתית 3 טעמי</ItemName>
      <ManufacturerName>שטראוס</ManufacturerName>
      <ManufactureCountry>ישראל</ManufactureCountry>
      <ManufacturerItemDescription>גלידה משפחתית 3 טעמים 2 ליטר</ManufacturerItemDescription>
      <UnitQty>ליטרים</UnitQty>
      <Quantity>2.00</Quantity>
      <UnitOfMeasure>ליטר    </UnitOfMeasure>
      <bIsWeighted>0</bIsWeighted>
      <QtyInPackage>1</QtyInPackage>
      <ItemPrice>17.90</ItemPrice>
      <UnitOfMeasurePrice>8.9500</UnitOfMeasurePrice>
      <AllowDiscount>1</AllowDiscount>
      <ItemStatus>1</ItemStatus>
      <ItemId>224628</ItemId>
    </Item>
    <Item>
      <PriceUpdateDate>2015-01-01 00:00:00</PriceUpdateDate>
      <ItemCode>7290014459137</ItemCode>
      <ItemType>0</ItemType>
      <ItemName>סטייק ציפס 1.5 ק"ג</ItemName>
      <ManufacturerName>תפוגן</ManufacturerName>
      <ManufactureCountry>ישראל</ManufactureCountry>
      <ManufacturerItemDescription>סטייק ציפס 1.5 קג</ManufacturerItemDescription>
      <UnitQty>קילוגרמים</UnitQty>
      <Quantity>1.50</Quantity>
      <UnitOfMeasure>ק"ג     </UnitOfMeasure>
      <bIsWeighted>0</bIsWeighted>
      <QtyInPackage>1</QtyInPackage>
      <ItemPrice>22.90</ItemPrice>
      <UnitOfMeasurePrice>15.2667</UnitOfMeasurePrice>
      <AllowDiscount>1</AllowDiscount>
      <ItemStatus>1</ItemStatus>
      <ItemId>248920</ItemId>
    </Item>
    <Item>
      <PriceUpdateDate>2015-01-01 00:00:00</PriceUpdateDate>
      <ItemCode>7290010617241</ItemCode>
      <ItemType>0</ItemType>
      <ItemName>מוצץ פרח זוג בינוני</ItemName>
      <ManufacturerName>אריסטוקרט</ManufacturerName>
      <ManufactureCountry>תאילנד</ManufactureCountry>
      <ManufacturerItemDescription>מוצץ פרח זוג בינוני</ManufacturerItemDescription>
      <UnitQty>Unknown </UnitQty>
      <Quantity>0.00</Quantity>
      <UnitOfMeasure>Unknown </UnitOfMeasure>
      <bIsWeighted>0</bIsWeighted>
      <QtyInPackage>2</QtyInPackage>
      <ItemPrice>16.90</ItemPrice>
      <UnitOfMeasurePrice>0.0000</UnitOfMeasurePrice>
      <AllowDiscount>1</AllowDiscount>
      <ItemStatus>1</ItemStatus>
      <ItemId>224631</ItemId>
    </Item>
    <Item>
      <PriceUpdateDate>2015-01-01 00:00:00</PriceUpdateDate>
      <ItemCode>7290010617258</ItemCode>
      <ItemType>0</ItemType>
      <ItemName>מוצץ פרח זוג קטן</ItemName>
      <ManufacturerName>אריסטוקרט</ManufacturerName>
      <ManufactureCountry>תאילנד</ManufactureCountry>
      <ManufacturerItemDescription>מוצץ פרח זוג קטן</ManufacturerItemDescription>
      <UnitQty>Unknown </UnitQty>
      <Quantity>0.00</Quantity>
      <UnitOfMeasure>Unknown </UnitOfMeasure>
      <bIsWeighted>0</bIsWeighted>
      <QtyInPackage>2</QtyInPackage>
      <ItemPrice>16.90</ItemPrice>
      <UnitOfMeasurePrice>0.0000</UnitOfMeasurePrice>
      <AllowDiscount>1</AllowDiscount>
      <ItemStatus>1</ItemStatus>
      <ItemId>224632</ItemId>
    </Item>
    <Item>
      <PriceUpdateDate>2015-01-01 00:00:00</PriceUpdateDate>
      <ItemCode>7290014600799</ItemCode>
      <ItemType>0</ItemType>
      <ItemName>קרקר משולשים 1.2 ק"ג</ItemName>
      <ManufacturerName>,</ManufacturerName>
      <ManufactureCountry>לא ידוע</ManufactureCountry>
      <ManufacturerItemDescription>קרקר משולשים 1.2 ק"ג  בצנצנת אושר עד</ManufacturerItemDescription>
      <UnitQty>קילוגרמים</UnitQty>
      <Quantity>1.20</Quantity>
      <UnitOfMeasure>ק"ג     </UnitOfMeasure>
      <bIsWeighted>0</bIsWeighted>
      <QtyInPackage>1</QtyInPackage>
      <ItemPrice>19.90</ItemPrice>
      <UnitOfMeasurePrice>16.5833</UnitOfMeasurePrice>
      <AllowDiscount>1</AllowDiscount>
      <ItemStatus>1</ItemStatus>
      <ItemId>248711</ItemId>
    </Item>
    <Item>
      <PriceUpdateDate>2015-01-01 00:00:00</PriceUpdateDate>
      <ItemCode>7290010617630</ItemCode>
      <ItemType>0</ItemType>
      <ItemName>רצועות שעווה 50 יחיד</ItemName>
      <ManufacturerName>,</ManufacturerName>
      <ManufactureCountry>לא ידוע</ManufactureCountry>
      <ManufacturerItemDescription>רצועות שעווה 50 יחידות</ManufacturerItemDescription>
      <UnitQty>Unknown </UnitQty>
      <Quantity>0.00</Quantity>
      <UnitOfMeasure>Unknown </UnitOfMeasure>
      <bIsWeighted>0</bIsWeighted>
      <QtyInPackage>1</QtyInPackage>
      <ItemPrice>14.90</ItemPrice>
      <UnitOfMeasurePrice>0.0000</UnitOfMeasurePrice>
      <AllowDiscount>1</AllowDiscount>
      <ItemStatus>1</ItemStatus>
      <ItemId>224638</ItemId>
    </Item>
    <Item>
      <PriceUpdateDate>2015-01-01 00:00:00</PriceUpdateDate>
      <ItemCode>7290010617746</ItemCode>
      <ItemType>0</ItemType>
      <ItemName>משחת נעליים + ספוג 5</ItemName>
      <ManufacturerName>,</ManufacturerName>
      <ManufactureCountry>לא ידוע</ManufactureCountry>
      <ManufacturerItemDescription>משחת נעליים + ספוג 50 ג"</ManufacturerItemDescription>
      <UnitQty>גרמים</UnitQty>
      <Quantity>50.00</Quantity>
      <UnitOfMeasure>100 גרם</UnitOfMeasure>
      <bIsWeighted>0</bIsWeighted>
      <QtyInPackage>1</QtyInPackage>
      <ItemPrice>3.90</ItemPrice>
      <UnitOfMeasurePrice>7.8000</UnitOfMeasurePrice>
      <AllowDiscount>1</AllowDiscount>
      <ItemStatus>1</ItemStatus>
      <ItemId>224640</ItemId>
    </Item>
    <Item>
      <PriceUpdateDate>2015-01-01 00:00:00</PriceUpdateDate>
      <ItemCode>7290010656097</ItemCode>
      <ItemType>0</ItemType>
      <ItemName>יין אדום יבש הרי יהו</ItemName>
      <ManufacturerName>יקב טפרברג 1870 בעמ</ManufacturerName>
      <ManufactureCountry>לא ידוע</ManufactureCountry>
      <ManufacturerItemDescription>יין אדום יבש הרי יהודה  750 מ"ל</ManufacturerItemDescription>
      <UnitQty>מיליליטרים</UnitQty>
      <Quantity>750.00</Quantity>
      <UnitOfMeasure>100 מ"ל</UnitOfMeasure>
      <bIsWeighted>0</bIsWeighted>
      <QtyInPackage>1</QtyInPackage>
      <ItemPrice>16.90</ItemPrice>
      <UnitOfMeasurePrice>2.2533</UnitOfMeasurePrice>
      <AllowDiscount>1</AllowDiscount>
      <ItemStatus>1</ItemStatus>
      <ItemId>224645</ItemId>
    </Item>
    <Item>
      <PriceUpdateDate>2015-01-01 00:00:00</PriceUpdateDate>
      <ItemCode>7290010740512</ItemCode>
      <ItemType>0</ItemType>
      <ItemName>שניצל דק מהצומח ביתי</ItemName>
      <ManufacturerName>טבעול ישראל</ManufacturerName>
      <ManufactureCountry>ישראל</ManufactureCountry>
      <ManufacturerItemDescription>שניצל דק מהצומח ביתי 700 גרם</ManufacturerItemDescription>
      <UnitQty>גרמים</UnitQty>
      <Quantity>700.00</Quantity>
      <UnitOfMeasure>100 גרם</UnitOfMeasure>
      <bIsWeighted>0</bIsWeighted>
      <QtyInPackage>1</QtyInPackage>
      <ItemPrice>31.90</ItemPrice>
      <UnitOfMeasurePrice>4.5571</UnitOfMeasurePrice>
      <AllowDiscount>1</AllowDiscount>
      <ItemStatus>1</ItemStatus>
      <ItemId>224652</ItemId>
    </Item>
    <Item>
      <PriceUpdateDate>2015-01-01 00:00:00</PriceUpdateDate>
      <ItemCode>7290010759637</ItemCode>
      <ItemType>0</ItemType>
      <ItemName>עוגיות קוקוס במילוי</ItemName>
      <ManufacturerName>,</ManufacturerName>
      <ManufactureCountry>לא ידוע</ManufactureCountry>
      <ManufacturerItemDescription>עוגיות קוקוס במילוי 300 גרם חת"ס ב"ב</ManufacturerItemDescription>
      <UnitQty>גרמים</UnitQty>
      <Quantity>400.00</Quantity>
      <UnitOfMeasure>100 גרם</UnitOfMeasure>
      <bIsWeighted>0</bIsWeighted>
      <QtyInPackage>1</QtyInPackage>
      <ItemPrice>4.90</ItemPrice>
      <UnitOfMeasurePrice>1.2250</UnitOfMeasurePrice>
      <AllowDiscount>1</AllowDiscount>
      <ItemStatus>1</ItemStatus>
      <ItemId>224683</ItemId>
    </Item>
    <Item>
      <PriceUpdateDate>2016-06-21 15:35:33</PriceUpdateDate>
      <ItemCode>7290109353340</ItemCode>
      <ItemType>0</ItemType>
      <ItemName>מארז 1/3 פירורית זהב</ItemName>
      <ManufacturerName>עינת</ManufacturerName>
      <ManufactureCountry>ישראל</ManufactureCountry>
      <ManufacturerItemDescription>מארז 1/3 פירורית זהב 220 גרם</ManufacturerItemDescription>
      <UnitQty>גרמים</UnitQty>
      <Quantity>660.00</Quantity>
      <UnitOfMeasure>100 גרם</UnitOfMeasure>
      <bIsWeighted>0</bIsWeighted>
      <QtyInPackage>1</QtyInPackage>
      <ItemPrice>11.90</ItemPrice>
      <UnitOfMeasurePrice>1.8030</UnitOfMeasurePrice>
      <AllowDiscount>1</AllowDiscount>
      <ItemStatus>1</ItemStatus>
      <ItemId>268567</ItemId>
    </Item>
    <Item>
      <PriceUpdateDate>2015-01-01 00:00:00</PriceUpdateDate>
      <ItemCode>7290010814701</ItemCode>
      <ItemType>0</ItemType>
      <ItemName>שוקולד חלב ללא סוכר</ItemName>
      <ManufacturerName>כרמית</ManufacturerName>
      <ManufactureCountry>לא ידוע</ManufactureCountry>
      <ManufacturerItemDescription>שוקולד חלב ללא סוכר 85 גרם</ManufacturerItemDescription>
      <UnitQty>גרמים</UnitQty>
      <Quantity>85.00</Quantity>
      <UnitOfMeasure>100 גרם</UnitOfMeasure>
      <bIsWeighted>0</bIsWeighted>
      <QtyInPackage>1</QtyInPackage>
      <ItemPrice>5.70</ItemPrice>
      <UnitOfMeasurePrice>6.7059</UnitOfMeasurePrice>
      <AllowDiscount>1</AllowDiscount>
      <ItemStatus>1</ItemStatus>
      <ItemId>224696</ItemId>
    </Item>
    <Item>
      <PriceUpdateDate>2015-01-01 00:00:00</PriceUpdateDate>
      <ItemCode>7290010883356</ItemCode>
      <ItemType>0</ItemType>
      <ItemName>כפפות סנו סושי אלוור</ItemName>
      <ManufacturerName>Z H RUBBER</ManufacturerName>
      <ManufactureCountry>לא ידוע</ManufactureCountry>
      <ManufacturerItemDescription>כפפות סנו סושי אלוור</ManufacturerItemDescription>
      <UnitQty>Unknown </UnitQty>
      <Quantity>0.00</Quantity>
      <UnitOfMeasure>Unknown </UnitOfMeasure>
      <bIsWeighted>0</bIsWeighted>
      <QtyInPackage>1</QtyInPackage>
      <ItemPrice>9.90</ItemPrice>
      <UnitOfMeasurePrice>0.0000</UnitOfMeasurePrice>
      <AllowDiscount>1</AllowDiscount>
      <ItemStatus>1</ItemStatus>
      <ItemId>224706</ItemId>
    </Item>
    <Item>
      <PriceUpdateDate>2015-01-01 00:00:00</PriceUpdateDate>
      <ItemCode>7290010883363</ItemCode>
      <ItemType>0</ItemType>
      <ItemName>כפפות סנו סושי אלוור</ItemName>
      <ManufacturerName>Z H RUBBER</ManufacturerName>
      <ManufactureCountry>לא ידוע</ManufactureCountry>
      <ManufacturerItemDescription>כפפות סנו סושי אלוורה S</ManufacturerItemDescription>
      <UnitQty>Unknown </UnitQty>
      <Quantity>0.00</Quantity>
      <UnitOfMeasure>Unknown </UnitOfMeasure>
      <bIsWeighted>0</bIsWeighted>
      <QtyInPackage>1</QtyInPackage>
      <ItemPrice>9.90</ItemPrice>
      <UnitOfMeasurePrice>0.0000</UnitOfMeasurePrice>
      <AllowDiscount>1</AllowDiscount>
      <ItemStatus>1</ItemStatus>
      <ItemId>224707</ItemId>
    </Item>
    <Item>
      <PriceUpdateDate>2015-01-01 00:00:00</PriceUpdateDate>
      <ItemCode>7290010883370</ItemCode>
      <ItemType>0</ItemType>
      <ItemName>כפפות סנו סושי אלוור</ItemName>
      <ManufacturerName>Z H RUBBER</ManufacturerName>
      <ManufactureCountry>לא ידוע</ManufactureCountry>
      <ManufacturerItemDescription>כפפות סנו סושי אלוור</ManufacturerItemDescription>
      <UnitQty>Unknown </UnitQty>
      <Quantity>0.00</Quantity>
      <UnitOfMeasure>Unknown </UnitOfMeasure>
      <bIsWeighted>0</bIsWeighted>
      <QtyInPackage>1</QtyInPackage>
      <ItemPrice>9.90</ItemPrice>
      <UnitOfMeasurePrice>0.0000</UnitOfMeasurePrice>
      <AllowDiscount>1</AllowDiscount>
      <ItemStatus>1</ItemStatus>
      <ItemId>224708</ItemId>
    </Item>
    <Item>
      <PriceUpdateDate>2015-07-15 08:39:17</PriceUpdateDate>
      <ItemCode>7290010945146</ItemCode>
      <ItemType>0</ItemType>
      <ItemName>קוטג 3% מועשר בסידן</ItemName>
      <ManufacturerName>טרה</ManufacturerName>
      <ManufactureCountry>לא ידוע</ManufactureCountry>
      <ManufacturerItemDescription>קוטג 3% מועשר בסידן 250 גרם</ManufacturerItemDescription>
      <UnitQty>גרמים</UnitQty>
      <Quantity>250.00</Quantity>
      <UnitOfMeasure>100 גרם</UnitOfMeasure>
      <bIsWeighted>0</bIsWeighted>
      <QtyInPackage>1</QtyInPackage>
      <ItemPrice>5.70</ItemPrice>
      <UnitOfMeasurePrice>2.2800</UnitOfMeasurePrice>
      <AllowDiscount>1</AllowDiscount>
      <ItemStatus>1</ItemStatus>
      <ItemId>224711</ItemId>
    </Item>
    <Item>
      <PriceUpdateDate>2016-02-11 13:45:51</PriceUpdateDate>
      <ItemCode>7290010945306</ItemCode>
      <ItemType>0</ItemType>
      <ItemName>חלב 3% בקרטון 2 ליטר</ItemName>
      <ManufacturerName>טרה</ManufacturerName>
      <ManufactureCountry>לא ידוע</ManufactureCountry>
      <ManufacturerItemDescription>חלב 3% בקרטון 2 ליטר</ManufacturerItemDescription>
      <UnitQty>ליטרים</UnitQty>
      <Quantity>2.00</Quantity>
      <UnitOfMeasure>ליטר    </UnitOfMeasure>
      <bIsWeighted>0</bIsWeighted>
      <QtyInPackage>1</QtyInPackage>
      <ItemPrice>11.20</ItemPrice>
      <UnitOfMeasurePrice>5.6000</UnitOfMeasurePrice>
      <AllowDiscount>1</AllowDiscount>
      <ItemStatus>1</ItemStatus>
      <ItemId>224714</ItemId>
    </Item>
    <Item>
      <PriceUpdateDate>2016-02-11 13:45:52</PriceUpdateDate>
      <ItemCode>7290010945450</ItemCode>
      <ItemType>0</ItemType>
      <ItemName>גבינה 3% לבנה 250 גר</ItemName>
      <ManufacturerName>טרה</ManufacturerName>
      <ManufactureCountry>לא ידוע</ManufactureCountry>
      <ManufacturerItemDescription>גבינה 3% לבנה 250 גרם</ManufacturerItemDescription>
      <UnitQty>גרמים</UnitQty>
      <Quantity>250.00</Quantity>
      <UnitOfMeasure>100 גרם</UnitOfMeasure>
      <bIsWeighted>0</bIsWeighted>
      <QtyInPackage>1</QtyInPackage>
      <ItemPrice>4.50</ItemPrice>
      <UnitOfMeasurePrice>1.8000</UnitOfMeasurePrice>
      <AllowDiscount>1</AllowDiscount>
      <ItemStatus>1</ItemStatus>
      <ItemId>224715</ItemId>
    </Item>
    <Item>
      <PriceUpdateDate>2015-01-01 00:00:00</PriceUpdateDate>
      <ItemCode>7290011051327</ItemCode>
      <ItemType>0</ItemType>
      <ItemName>קריסטל אשכוליות מוגז</ItemName>
      <ManufacturerName>יפאורה תבורי</ManufacturerName>
      <ManufactureCountry>ישראל</ManufactureCountry>
      <ManufacturerItemDescription>קריסטל אשכוליות מוגז 2 ליטר</ManufacturerItemDescription>
      <UnitQty>ליטרים</UnitQty>
      <Quantity>2.00</Quantity>
      <UnitOfMeasure>ליטר    </UnitOfMeasure>
      <bIsWeighted>0</bIsWeighted>
      <QtyInPackage>1</QtyInPackage>
      <ItemPrice>3.30</ItemPrice>
      <UnitOfMeasurePrice>1.6500</UnitOfMeasurePrice>
      <AllowDiscount>1</AllowDiscount>
      <ItemStatus>1</ItemStatus>
      <ItemId>224737</ItemId>
    </Item>
    <Item>
      <PriceUpdateDate>2015-01-01 00:00:00</PriceUpdateDate>
      <ItemCode>7290011051372</ItemCode>
      <ItemType>0</ItemType>
      <ItemName>שוופס תפוח ליים מוגז</ItemName>
      <ManufacturerName>יפאורה תבורי</ManufacturerName>
      <ManufactureCountry>לא ידוע</ManufactureCountry>
      <ManufacturerItemDescription>שוופס תפוח ליים מוגז 1.5 ליטר</ManufacturerItemDescription>
      <UnitQty>ליטרים</UnitQty>
      <Quantity>1.50</Quantity>
      <UnitOfMeasure>ליטר    </UnitOfMeasure>
      <bIsWeighted>0</bIsWeighted>
      <QtyInPackage>1</QtyInPackage>
      <ItemPrice>6.90</ItemPrice>
      <UnitOfMeasurePrice>4.6000</UnitOfMeasurePrice>
      <AllowDiscount>1</AllowDiscount>
      <ItemStatus>1</ItemStatus>
      <ItemId>224738</ItemId>
    </Item>
    <Item>
      <PriceUpdateDate>2015-01-01 00:00:00</PriceUpdateDate>
      <ItemCode>7290011051389</ItemCode>
      <ItemType>0</ItemType>
      <ItemName>שוופס פירות יער מוגז</ItemName>
      <ManufacturerName>יפאורה תבורי</ManufacturerName>
      <ManufactureCountry>לא ידוע</ManufactureCountry>
      <ManufacturerItemDescription>שוופס פירות יער מוגז 1.5 ליטר</ManufacturerItemDescription>
      <UnitQty>ליטרים</UnitQty>
      <Quantity>1.50</Quantity>
      <UnitOfMeasure>ליטר    </UnitOfMeasure>
      <bIsWeighted>0</bIsWeighted>
      <QtyInPackage>1</QtyInPackage>
      <ItemPrice>6.90</ItemPrice>
      <UnitOfMeasurePrice>4.6000</UnitOfMeasurePrice>
      <AllowDiscount>1</AllowDiscount>
      <ItemStatus>1</ItemStatus>
      <ItemId>224739</ItemId>
    </Item>
    <Item>
      <PriceUpdateDate>2015-01-01 00:00:00</PriceUpdateDate>
      <ItemCode>7290011051396</ItemCode>
      <ItemType>0</ItemType>
      <ItemName>שוופס אפרסק מוגז 1.5</ItemName>
      <ManufacturerName>יפאורה תבורי</ManufacturerName>
      <ManufactureCountry>לא ידוע</ManufactureCountry>
      <ManufacturerItemDescription>שוופס אפרסק מוגז 1.5 ליטר</ManufacturerItemDescription>
      <UnitQty>ליטרים</UnitQty>
      <Quantity>1.50</Quantity>
      <UnitOfMeasure>ליטר    </UnitOfMeasure>
      <bIsWeighted>0</bIsWeighted>
      <QtyInPackage>1</QtyInPackage>
      <ItemPrice>6.90</ItemPrice>
      <UnitOfMeasurePrice>4.6000</UnitOfMeasurePrice>
      <AllowDiscount>1</AllowDiscount>
      <ItemStatus>1</ItemStatus>
      <ItemId>224740</ItemId>
    </Item>
    <Item>
      <PriceUpdateDate>2015-09-21 08:21:50</PriceUpdateDate>
      <ItemCode>7290011051488</ItemCode>
      <ItemType>0</ItemType>
      <ItemName>תה ספרינג אפרסק 1.5</ItemName>
      <ManufacturerName>יפאורה תבורי</ManufacturerName>
      <ManufactureCountry>לא ידוע</ManufactureCountry>
      <ManufacturerItemDescription>תה ספרינג אפרסק 1.5 ליטר</ManufacturerItemDescription>
      <UnitQty>ליטרים</UnitQty>
      <Quantity>1.50</Quantity>
      <UnitOfMeasure>ליטר    </UnitOfMeasure>
      <bIsWeighted>0</bIsWeighted>
      <QtyInPackage>1</QtyInPackage>
      <ItemPrice>5.90</ItemPrice>
      <UnitOfMeasurePrice>3.9333</UnitOfMeasurePrice>
      <AllowDiscount>1</AllowDiscount>
      <ItemStatus>1</ItemStatus>
      <ItemId>224741</ItemId>
    </Item>
    <Item>
      <PriceUpdateDate>2015-09-21 08:21:50</PriceUpdateDate>
      <ItemCode>7290011051495</ItemCode>
      <ItemType>0</ItemType>
      <ItemName>תה ספרינג ירוק לימון</ItemName>
      <ManufacturerName>יפאורה תבורי</ManufacturerName>
      <ManufactureCountry>לא ידוע</ManufactureCountry>
      <ManufacturerItemDescription>תה ספרינג ירוק לימון 1.5 ליטר</ManufacturerItemDescription>
      <UnitQty>ליטרים</UnitQty>
      <Quantity>1.50</Quantity>
      <UnitOfMeasure>ליטר    </UnitOfMeasure>
      <bIsWeighted>0</bIsWeighted>
      <QtyInPackage>1</QtyInPackage>
      <ItemPrice>5.90</ItemPrice>
      <UnitOfMeasurePrice>3.9333</UnitOfMeasurePrice>
      <AllowDiscount>1</AllowDiscount>
      <ItemStatus>1</ItemStatus>
      <ItemId>224742</ItemId>
    </Item>
    <Item>
      <PriceUpdateDate>2015-09-21 08:21:50</PriceUpdateDate>
      <ItemCode>7290011051518</ItemCode>
      <ItemType>0</ItemType>
      <ItemName>תה ספרינג דיאט אפרסק</ItemName>
      <ManufacturerName>יפאורה תבורי</ManufacturerName>
      <ManufactureCountry>לא ידוע</ManufactureCountry>
      <ManufacturerItemDescription>תה ספרינג דיאט אפרסק 1.5 ליטר</ManufacturerItemDescription>
      <UnitQty>ליטרים</UnitQty>
      <Quantity>1.50</Quantity>
      <UnitOfMeasure>ליטר    </UnitOfMeasure>
      <bIsWeighted>0</bIsWeighted>
      <QtyInPackage>1</QtyInPackage>
      <ItemPrice>5.90</ItemPrice>
      <UnitOfMeasurePrice>3.9333</UnitOfMeasurePrice>
      <AllowDiscount>1</AllowDiscount>
      <ItemStatus>1</ItemStatus>
      <ItemId>224744</ItemId>
    </Item>
    <Item>
      <PriceUpdateDate>2015-01-01 00:00:00</PriceUpdateDate>
      <ItemCode>7290011051655</ItemCode>
      <ItemType>0</ItemType>
      <ItemName>שוופס ריזלינג מוגז</ItemName>
      <ManufacturerName>יפאורה תבורי</ManufacturerName>
      <ManufactureCountry>לא ידוע</ManufactureCountry>
      <ManufacturerItemDescription>שוופס ריזלינג מוגז 1.5 ליטר</ManufacturerItemDescription>
      <UnitQty>ליטרים</UnitQty>
      <Quantity>1.50</Quantity>
      <UnitOfMeasure>ליטר    </UnitOfMeasure>
      <bIsWeighted>0</bIsWeighted>
      <QtyInPackage>1</QtyInPackage>
      <ItemPrice>6.90</ItemPrice>
      <UnitOfMeasurePrice>4.6000</UnitOfMeasurePrice>
      <AllowDiscount>1</AllowDiscount>
      <ItemStatus>1</ItemStatus>
      <ItemId>224745</ItemId>
    </Item>
    <Item>
      <PriceUpdateDate>2015-01-01 00:00:00</PriceUpdateDate>
      <ItemCode>7290011081256</ItemCode>
      <ItemType>0</ItemType>
      <ItemName>גלידה משפחתית מילק ט</ItemName>
      <ManufacturerName>שטראוס</ManufacturerName>
      <ManufactureCountry>ישראל</ManufactureCountry>
      <ManufacturerItemDescription>גלידה משפחתית מילק טיים בטעמים 2 ליטר</ManufacturerItemDescription>
      <UnitQty>ליטרים</UnitQty>
      <Quantity>2.00</Quantity>
      <UnitOfMeasure>ליטר    </UnitOfMeasure>
      <bIsWeighted>0</bIsWeighted>
      <QtyInPackage>1</QtyInPackage>
      <ItemPrice>17.90</ItemPrice>
      <UnitOfMeasurePrice>8.9500</UnitOfMeasurePrice>
      <AllowDiscount>1</AllowDiscount>
      <ItemStatus>1</ItemStatus>
      <ItemId>224750</ItemId>
    </Item>
    <Item>
      <PriceUpdateDate>2015-09-20 12:28:03</PriceUpdateDate>
      <ItemCode>7290011081492</ItemCode>
      <ItemType>0</ItemType>
      <ItemName>גלידת קרמיסימו שרבט</ItemName>
      <ManufacturerName>שטראוס</ManufacturerName>
      <ManufactureCountry>ישראל</ManufactureCountry>
      <ManufacturerItemDescription>גלידת קרמיסימו שרבט חלבי 1.33 ליטר</ManufacturerItemDescription>
      <UnitQty>ליטרים</UnitQty>
      <Quantity>1.33</Quantity>
      <UnitOfMeasure>ליטר    </UnitOfMeasure>
      <bIsWeighted>0</bIsWeighted>
      <QtyInPackage>1</QtyInPackage>
      <ItemPrice>15.90</ItemPrice>
      <UnitOfMeasurePrice>11.9549</UnitOfMeasurePrice>
      <AllowDiscount>1</AllowDiscount>
      <ItemStatus>1</ItemStatus>
      <ItemId>224754</ItemId>
    </Item>
    <Item>
      <PriceUpdateDate>2015-09-20 12:28:03</PriceUpdateDate>
      <ItemCode>7290011081690</ItemCode>
      <ItemType>0</ItemType>
      <ItemName>גלידת קרמיסימו ציפ ו</ItemName>
      <ManufacturerName>שטראוס</ManufacturerName>
      <ManufactureCountry>ישראל</ManufactureCountry>
      <ManufacturerItemDescription>גלידת קרמיסימו ציפ וניל שוקולד 1.33 ליטר</ManufacturerItemDescription>
      <UnitQty>ליטרים</UnitQty>
      <Quantity>1.33</Quantity>
      <UnitOfMeasure>ליטר    </UnitOfMeasure>
      <bIsWeighted>0</bIsWeighted>
      <QtyInPackage>1</QtyInPackage>
      <ItemPrice>15.90</ItemPrice>
      <UnitOfMeasurePrice>11.9549</UnitOfMeasurePrice>
      <AllowDiscount>1</AllowDiscount>
      <ItemStatus>1</ItemStatus>
      <ItemId>224757</ItemId>
    </Item>
    <Item>
      <PriceUpdateDate>2015-01-01 00:00:00</PriceUpdateDate>
      <ItemCode>7290011115173</ItemCode>
      <ItemType>0</ItemType>
      <ItemName>אל סבון ארומה 1 ליטר</ItemName>
      <ManufacturerName>אמיליה קוסמטיקס</ManufacturerName>
      <ManufactureCountry>לא ידוע</ManufactureCountry>
      <ManufacturerItemDescription>אל סבון ארומה 1 ליטר וניל</ManufacturerItemDescription>
      <UnitQty>ליטרים</UnitQty>
      <Quantity>1.00</Quantity>
      <UnitOfMeasure>ליטר    </UnitOfMeasure>
      <bIsWeighted>0</bIsWeighted>
      <QtyInPackage>1</QtyInPackage>
      <ItemPrice>9.90</ItemPrice>
      <UnitOfMeasurePrice>9.9000</UnitOfMeasurePrice>
      <AllowDiscount>1</AllowDiscount>
      <ItemStatus>1</ItemStatus>
      <ItemId>224761</ItemId>
    </Item>
    <Item>
      <PriceUpdateDate>2015-01-01 00:00:00</PriceUpdateDate>
      <ItemCode>7290011115203</ItemCode>
      <ItemType>0</ItemType>
      <ItemName>סבון נקה 7 לילך 4</ItemName>
      <ManufacturerName>גליל כימיקלים בעמ</ManufacturerName>
      <ManufactureCountry>לא ידוע</ManufactureCountry>
      <ManufacturerItemDescription>סבון נקה 7 לילך 4*100 גרם</ManufacturerItemDescription>
      <UnitQty>גרמים</UnitQty>
      <Quantity>400.00</Quantity>
      <UnitOfMeasure>100 גרם</UnitOfMeasure>
      <bIsWeighted>0</bIsWeighted>
      <QtyInPackage>1</QtyInPackage>
      <ItemPrice>9.90</ItemPrice>
      <UnitOfMeasurePrice>2.4750</UnitOfMeasurePrice>
      <AllowDiscount>1</AllowDiscount>
      <ItemStatus>1</ItemStatus>
      <ItemId>224762</ItemId>
    </Item>
    <Item>
      <PriceUpdateDate>2015-01-01 00:00:00</PriceUpdateDate>
      <ItemCode>7290011115241</ItemCode>
      <ItemType>0</ItemType>
      <ItemName>סבון נקה 7 כחול 4</ItemName>
      <ManufacturerName>גליל כימיקלים בעמ</ManufacturerName>
      <ManufactureCountry>לא ידוע</ManufactureCountry>
      <ManufacturerItemDescription>סבון נקה 7 כחול 4*100 גרם</ManufacturerItemDescription>
      <UnitQty>גרמים</UnitQty>
      <Quantity>400.00</Quantity>
      <UnitOfMeasure>100 גרם</UnitOfMeasure>
      <bIsWeighted>0</bIsWeighted>
      <QtyInPackage>1</QtyInPackage>
      <ItemPrice>9.90</ItemPrice>
      <UnitOfMeasurePrice>2.4750</UnitOfMeasurePrice>
      <AllowDiscount>1</AllowDiscount>
      <ItemStatus>1</ItemStatus>
      <ItemId>224763</ItemId>
    </Item>
    <Item>
      <PriceUpdateDate>2015-01-01 00:00:00</PriceUpdateDate>
      <ItemCode>7290011115258</ItemCode>
      <ItemType>0</ItemType>
      <ItemName>סבון נקה 7 ירוק 4</ItemName>
      <ManufacturerName>גליל כימיקלים בעמ</ManufacturerName>
      <ManufactureCountry>לא ידוע</ManufactureCountry>
      <ManufacturerItemDescription>סבון נקה 7 ירוק 4*100 גרם</ManufacturerItemDescription>
      <UnitQty>גרמים</UnitQty>
      <Quantity>400.00</Quantity>
      <UnitOfMeasure>100 גרם</UnitOfMeasure>
      <bIsWeighted>0</bIsWeighted>
      <QtyInPackage>1</QtyInPackage>
      <ItemPrice>9.90</ItemPrice>
      <UnitOfMeasurePrice>2.4750</UnitOfMeasurePrice>
      <AllowDiscount>1</AllowDiscount>
      <ItemStatus>1</ItemStatus>
      <ItemId>224764</ItemId>
    </Item>
    <Item>
      <PriceUpdateDate>2015-01-01 00:00:00</PriceUpdateDate>
      <ItemCode>7290011115265</ItemCode>
      <ItemType>0</ItemType>
      <ItemName>סבון נקה 7 מעושר לגב</ItemName>
      <ManufacturerName>גליל כימיקלים בעמ</ManufacturerName>
      <ManufactureCountry>לא ידוע</ManufactureCountry>
      <ManufacturerItemDescription>סבון נקה 7 מעושר לגבר 4*100 גרם</ManufacturerItemDescription>
      <UnitQty>גרמים</UnitQty>
      <Quantity>400.00</Quantity>
      <UnitOfMeasure>100 גרם</UnitOfMeasure>
      <bIsWeighted>0</bIsWeighted>
      <QtyInPackage>1</QtyInPackage>
      <ItemPrice>9.90</ItemPrice>
      <UnitOfMeasurePrice>2.4750</UnitOfMeasurePrice>
      <AllowDiscount>1</AllowDiscount>
      <ItemStatus>1</ItemStatus>
      <ItemId>224765</ItemId>
    </Item>
    <Item>
      <PriceUpdateDate>2015-01-01 00:00:00</PriceUpdateDate>
      <ItemCode>7290011126452</ItemCode>
      <ItemType>0</ItemType>
      <ItemName>תה קמומיל נענע הגן ק</ItemName>
      <ManufacturerName>ויסוצקי</ManufacturerName>
      <ManufactureCountry>ישראל</ManufactureCountry>
      <ManufacturerItemDescription>תה קמומיל נענע הגן קסום 25 שקיקים</ManufacturerItemDescription>
      <UnitQty>גרמים</UnitQty>
      <Quantity>38.00</Quantity>
      <UnitOfMeasure>100 גרם</UnitOfMeasure>
      <bIsWeighted>0</bIsWeighted>
      <QtyInPackage>1</QtyInPackage>
      <ItemPrice>12.50</ItemPrice>
      <UnitOfMeasurePrice>32.8947</UnitOfMeasurePrice>
      <AllowDiscount>1</AllowDiscount>
      <ItemStatus>1</ItemStatus>
      <ItemId>224771</ItemId>
    </Item>
    <Item>
      <PriceUpdateDate>2015-01-01 00:00:00</PriceUpdateDate>
      <ItemCode>7290011154028</ItemCode>
      <ItemType>0</ItemType>
      <ItemName>סירופ תפוע 1.2 ליטר</ItemName>
      <ManufacturerName>,</ManufacturerName>
      <ManufactureCountry>לא ידוע</ManufactureCountry>
      <ManufacturerItemDescription>סירופ תפוע 1.2 ליטר</ManufacturerItemDescription>
      <UnitQty>ליטרים</UnitQty>
      <Quantity>1.20</Quantity>
      <UnitOfMeasure>ליטר    </UnitOfMeasure>
      <bIsWeighted>0</bIsWeighted>
      <QtyInPackage>1</QtyInPackage>
      <ItemPrice>29.90</ItemPrice>
      <UnitOfMeasurePrice>24.9167</UnitOfMeasurePrice>
      <AllowDiscount>1</AllowDiscount>
      <ItemStatus>1</ItemStatus>
      <ItemId>224772</ItemId>
    </Item>
    <Item>
      <PriceUpdateDate>2015-01-01 00:00:00</PriceUpdateDate>
      <ItemCode>7290011154134</ItemCode>
      <ItemType>0</ItemType>
      <ItemName>סילאן צנצנת 900 גרם</ItemName>
      <ManufacturerName>,</ManufacturerName>
      <ManufactureCountry>לא ידוע</ManufactureCountry>
      <ManufacturerItemDescription>סילאן צנצנת 900 גרם הרב לנדא טעמי הגליל</ManufacturerItemDescription>
      <UnitQty>גרמים</UnitQty>
      <Quantity>900.00</Quantity>
      <UnitOfMeasure>100 גרם</UnitOfMeasure>
      <bIsWeighted>0</bIsWeighted>
      <QtyInPackage>1</QtyInPackage>
      <ItemPrice>12.90</ItemPrice>
      <UnitOfMeasurePrice>1.4333</UnitOfMeasurePrice>
      <AllowDiscount>1</AllowDiscount>
      <ItemStatus>1</ItemStatus>
      <ItemId>224778</ItemId>
    </Item>
    <Item>
      <PriceUpdateDate>2015-09-21 13:11:12</PriceUpdateDate>
      <ItemCode>7290011164164</ItemCode>
      <ItemType>0</ItemType>
      <ItemName>לקקן סודה 40 יח</ItemName>
      <ManufacturerName>,</ManufacturerName>
      <ManufactureCountry>לא ידוע</ManufactureCountry>
      <ManufacturerItemDescription>לקקן סודה 40 יח</ManufacturerItemDescription>
      <UnitQty>גרמים</UnitQty>
      <Quantity>310.00</Quantity>
      <UnitOfMeasure>100 גרם</UnitOfMeasure>
      <bIsWeighted>0</bIsWeighted>
      <QtyInPackage>1</QtyInPackage>
      <ItemPrice>14.90</ItemPrice>
      <UnitOfMeasurePrice>4.8065</UnitOfMeasurePrice>
      <AllowDiscount>1</AllowDiscount>
      <ItemStatus>1</ItemStatus>
      <ItemId>224783</ItemId>
    </Item>
    <Item>
      <PriceUpdateDate>2015-01-01 00:00:00</PriceUpdateDate>
      <ItemCode>7290011164539</ItemCode>
      <ItemType>0</ItemType>
      <ItemName>סוכריות פרוטמילה טופ</ItemName>
      <ManufacturerName>,</ManufacturerName>
      <ManufactureCountry>לא ידוע</ManufactureCountry>
      <ManufacturerItemDescription>סוכריות פרוטמילה טופי פירות 600 גרם טעים</ManufacturerItemDescription>
      <UnitQty>גרמים</UnitQty>
      <Quantity>600.00</Quantity>
      <UnitOfMeasure>100 גרם</UnitOfMeasure>
      <bIsWeighted>0</bIsWeighted>
      <QtyInPackage>1</QtyInPackage>
      <ItemPrice>18.90</ItemPrice>
      <UnitOfMeasurePrice>3.1500</UnitOfMeasurePrice>
      <AllowDiscount>1</AllowDiscount>
      <ItemStatus>1</ItemStatus>
      <ItemId>224785</ItemId>
    </Item>
    <Item>
      <PriceUpdateDate>2015-01-01 00:00:00</PriceUpdateDate>
      <ItemCode>7290011164546</ItemCode>
      <ItemType>0</ItemType>
      <ItemName>סוכריות פרוטמילה טופ</ItemName>
      <ManufacturerName>,</ManufacturerName>
      <ManufactureCountry>לא ידוע</ManufactureCountry>
      <ManufacturerItemDescription>סוכריות פרוטמילה טופי אטומיק 600 גרם טעי</ManufacturerItemDescription>
      <UnitQty>גרמים</UnitQty>
      <Quantity>600.00</Quantity>
      <UnitOfMeasure>100 גרם</UnitOfMeasure>
      <bIsWeighted>0</bIsWeighted>
      <QtyInPackage>1</QtyInPackage>
      <ItemPrice>18.90</ItemPrice>
      <UnitOfMeasurePrice>3.1500</UnitOfMeasurePrice>
      <AllowDiscount>1</AllowDiscount>
      <ItemStatus>1</ItemStatus>
      <ItemId>224786</ItemId>
    </Item>
    <Item>
      <PriceUpdateDate>2015-01-01 00:00:00</PriceUpdateDate>
      <ItemCode>7290011164980</ItemCode>
      <ItemType>0</ItemType>
      <ItemName>לקקן ממולא טופי 34 י</ItemName>
      <ManufacturerName>,</ManufacturerName>
      <ManufactureCountry>לא ידוע</ManufactureCountry>
      <ManufacturerItemDescription>לקקן ממולא טופי 34 יח</ManufacturerItemDescription>
      <UnitQty>גרמים</UnitQty>
      <Quantity>612.00</Quantity>
      <UnitOfMeasure>100 גרם</UnitOfMeasure>
      <bIsWeighted>0</bIsWeighted>
      <QtyInPackage>1</QtyInPackage>
      <ItemPrice>19.80</ItemPrice>
      <UnitOfMeasurePrice>3.2353</UnitOfMeasurePrice>
      <AllowDiscount>1</AllowDiscount>
      <ItemStatus>1</ItemStatus>
      <ItemId>224793</ItemId>
    </Item>
    <Item>
      <PriceUpdateDate>2015-01-01 00:00:00</PriceUpdateDate>
      <ItemCode>7290011254117</ItemCode>
      <ItemType>0</ItemType>
      <ItemName>פפריקה מתוקה 80 גרם</ItemName>
      <ManufacturerName>מיה תעשיות מזון בעמ</ManufacturerName>
      <ManufactureCountry>ישראל</ManufactureCountry>
      <ManufacturerItemDescription>פפריקה מתוקה 80 גרם שקית</ManufacturerItemDescription>
      <UnitQty>גרמים</UnitQty>
      <Quantity>80.00</Quantity>
      <UnitOfMeasure>100 גרם</UnitOfMeasure>
      <bIsWeighted>0</bIsWeighted>
      <QtyInPackage>1</QtyInPackage>
      <ItemPrice>3.90</ItemPrice>
      <UnitOfMeasurePrice>4.8750</UnitOfMeasurePrice>
      <AllowDiscount>1</AllowDiscount>
      <ItemStatus>1</ItemStatus>
      <ItemId>224819</ItemId>
    </Item>
    <Item>
      <PriceUpdateDate>2015-01-01 00:00:00</PriceUpdateDate>
      <ItemCode>7290011254148</ItemCode>
      <ItemType>0</ItemType>
      <ItemName>אבקת שום 80 גרם שקית</ItemName>
      <ManufacturerName>מיה תעשיות מזון בעמ</ManufacturerName>
      <ManufactureCountry>ישראל</ManufactureCountry>
      <ManufacturerItemDescription>אבקת שום 80 גרם שקית</ManufacturerItemDescription>
      <UnitQty>גרמים</UnitQty>
      <Quantity>80.00</Quantity>
      <UnitOfMeasure>100 גרם</UnitOfMeasure>
      <bIsWeighted>0</bIsWeighted>
      <QtyInPackage>1</QtyInPackage>
      <ItemPrice>3.90</ItemPrice>
      <UnitOfMeasurePrice>4.8750</UnitOfMeasurePrice>
      <AllowDiscount>1</AllowDiscount>
      <ItemStatus>1</ItemStatus>
      <ItemId>224821</ItemId>
    </Item>
    <Item>
      <PriceUpdateDate>2015-01-01 00:00:00</PriceUpdateDate>
      <ItemCode>7290011254155</ItemCode>
      <ItemType>0</ItemType>
      <ItemName>מלח לימון 80 גרם שקי</ItemName>
      <ManufacturerName>מיה תעשיות מזון בעמ</ManufacturerName>
      <ManufactureCountry>ישראל</ManufactureCountry>
      <ManufacturerItemDescription>מלח לימון 80 גרם שקית</ManufacturerItemDescription>
      <UnitQty>גרמים</UnitQty>
      <Quantity>100.00</Quantity>
      <UnitOfMeasure>100 גרם</UnitOfMeasure>
      <bIsWeighted>0</bIsWeighted>
      <QtyInPackage>1</QtyInPackage>
      <ItemPrice>3.90</ItemPrice>
      <UnitOfMeasurePrice>3.9000</UnitOfMeasurePrice>
      <AllowDiscount>1</AllowDiscount>
      <ItemStatus>1</ItemStatus>
      <ItemId>224822</ItemId>
    </Item>
    <Item>
      <PriceUpdateDate>2015-01-01 00:00:00</PriceUpdateDate>
      <ItemCode>7290011254179</ItemCode>
      <ItemType>0</ItemType>
      <ItemName>גריל עוף שקית 80 גרם</ItemName>
      <ManufacturerName>,</ManufacturerName>
      <ManufactureCountry>לא ידוע</ManufactureCountry>
      <ManufacturerItemDescription>גריל עוף שקית 80 גרם שקית</ManufacturerItemDescription>
      <UnitQty>גרמים</UnitQty>
      <Quantity>80.00</Quantity>
      <UnitOfMeasure>100 גרם</UnitOfMeasure>
      <bIsWeighted>0</bIsWeighted>
      <QtyInPackage>1</QtyInPackage>
      <ItemPrice>3.90</ItemPrice>
      <UnitOfMeasurePrice>4.8750</UnitOfMeasurePrice>
      <AllowDiscount>1</AllowDiscount>
      <ItemStatus>1</ItemStatus>
      <ItemId>224824</ItemId>
    </Item>
    <Item>
      <PriceUpdateDate>2015-01-01 00:00:00</PriceUpdateDate>
      <ItemCode>7290011254247</ItemCode>
      <ItemType>0</ItemType>
      <ItemName>מארז תן צאפ גלגלים 1</ItemName>
      <ManufacturerName>מיה תעשיות מזון בעמ</ManufacturerName>
      <ManufactureCountry>ישראל</ManufactureCountry>
      <ManufacturerItemDescription>מארז תן צאפ גלגלים 8*15 גרם</ManufacturerItemDescription>
      <UnitQty>גרמים</UnitQty>
      <Quantity>120.00</Quantity>
      <UnitOfMeasure>100 גרם</UnitOfMeasure>
      <bIsWeighted>0</bIsWeighted>
      <QtyInPackage>8</QtyInPackage>
      <ItemPrice>8.80</ItemPrice>
      <UnitOfMeasurePrice>7.3333</UnitOfMeasurePrice>
      <AllowDiscount>1</AllowDiscount>
      <ItemStatus>1</ItemStatus>
      <ItemId>224826</ItemId>
    </Item>
    <Item>
      <PriceUpdateDate>2015-08-27 16:25:52</PriceUpdateDate>
      <ItemCode>7290014600089</ItemCode>
      <ItemType>0</ItemType>
      <ItemName>קרקר משולשים 1.2 ק"ג</ItemName>
      <ManufacturerName>,</ManufacturerName>
      <ManufactureCountry>לא ידוע</ManufactureCountry>
      <ManufacturerItemDescription>קרקר משולשים 1.2 ק"ג בצנצנת אושר עד</ManufacturerItemDescription>
      <UnitQty>קילוגרמים</UnitQty>
      <Quantity>1.20</Quantity>
      <UnitOfMeasure>ק"ג     </UnitOfMeasure>
      <bIsWeighted>0</bIsWeighted>
      <QtyInPackage>1</QtyInPackage>
      <ItemPrice>19.90</ItemPrice>
      <UnitOfMeasurePrice>16.5833</UnitOfMeasurePrice>
      <AllowDiscount>1</AllowDiscount>
      <ItemStatus>1</ItemStatus>
      <ItemId>265134</ItemId>
    </Item>
    <Item>
      <PriceUpdateDate>2015-01-01 00:00:00</PriceUpdateDate>
      <ItemCode>7290011254452</ItemCode>
      <ItemType>0</ItemType>
      <ItemName>סוכריות ללא סוכר מנט</ItemName>
      <ManufacturerName>מיה תעשיות מזון בעמ</ManufacturerName>
      <ManufactureCountry>ישראל</ManufactureCountry>
      <ManufacturerItemDescription>סוכריות ללא סוכר מנטה 80 גרם</ManufacturerItemDescription>
      <UnitQty>גרמים</UnitQty>
      <Quantity>80.00</Quantity>
      <UnitOfMeasure>100 גרם</UnitOfMeasure>
      <bIsWeighted>0</bIsWeighted>
      <QtyInPackage>1</QtyInPackage>
      <ItemPrice>5.80</ItemPrice>
      <UnitOfMeasurePrice>7.2500</UnitOfMeasurePrice>
      <AllowDiscount>1</AllowDiscount>
      <ItemStatus>1</ItemStatus>
      <ItemId>224831</ItemId>
    </Item>
    <Item>
      <PriceUpdateDate>2015-01-01 00:00:00</PriceUpdateDate>
      <ItemCode>7290011254469</ItemCode>
      <ItemType>0</ItemType>
      <ItemName>סוכריות ללא סוכר לימ</ItemName>
      <ManufacturerName>מיה תעשיות מזון בעמ</ManufacturerName>
      <ManufactureCountry>ישראל</ManufactureCountry>
      <ManufacturerItemDescription>סוכריות ללא סוכר לימון 80 גרם</ManufacturerItemDescription>
      <UnitQty>גרמים</UnitQty>
      <Quantity>80.00</Quantity>
      <UnitOfMeasure>100 גרם</UnitOfMeasure>
      <bIsWeighted>0</bIsWeighted>
      <QtyInPackage>1</QtyInPackage>
      <ItemPrice>5.80</ItemPrice>
      <UnitOfMeasurePrice>7.2500</UnitOfMeasurePrice>
      <AllowDiscount>1</AllowDiscount>
      <ItemStatus>1</ItemStatus>
      <ItemId>224832</ItemId>
    </Item>
    <Item>
      <PriceUpdateDate>2015-01-01 00:00:00</PriceUpdateDate>
      <ItemCode>7290011254476</ItemCode>
      <ItemType>0</ItemType>
      <ItemName>סוכריות ללא סוכר תפו</ItemName>
      <ManufacturerName>מיה תעשיות מזון בעמ</ManufacturerName>
      <ManufactureCountry>ישראל</ManufactureCountry>
      <ManufacturerItemDescription>סוכריות ללא סוכר תפוח דובדבן 80 גרם</ManufacturerItemDescription>
      <UnitQty>גרמים</UnitQty>
      <Quantity>80.00</Quantity>
      <UnitOfMeasure>100 גרם</UnitOfMeasure>
      <bIsWeighted>0</bIsWeighted>
      <QtyInPackage>1</QtyInPackage>
      <ItemPrice>5.80</ItemPrice>
      <UnitOfMeasurePrice>7.2500</UnitOfMeasurePrice>
      <AllowDiscount>1</AllowDiscount>
      <ItemStatus>1</ItemStatus>
      <ItemId>224833</ItemId>
    </Item>
    <Item>
      <PriceUpdateDate>2016-06-01 17:41:07</PriceUpdateDate>
      <ItemCode>7290900010305</ItemCode>
      <ItemType>1</ItemType>
      <ItemName>קנלוני 250 גרם</ItemName>
      <ManufacturerName>,</ManufacturerName>
      <ManufactureCountry>לא ידוע</ManufactureCountry>
      <ManufacturerItemDescription>קנלוני 250 גרם</ManufacturerItemDescription>
      <UnitQty>גרמים</UnitQty>
      <Quantity>250.00</Quantity>
      <UnitOfMeasure>100 גרם</UnitOfMeasure>
      <bIsWeighted>0</bIsWeighted>
      <QtyInPackage>1</QtyInPackage>
      <ItemPrice>4.90</ItemPrice>
      <UnitOfMeasurePrice>1.9600</UnitOfMeasurePrice>
      <AllowDiscount>1</AllowDiscount>
      <ItemStatus>1</ItemStatus>
      <ItemId>268351</ItemId>
    </Item>
    <Item>
      <PriceUpdateDate>2015-01-01 00:00:00</PriceUpdateDate>
      <ItemCode>7290011254483</ItemCode>
      <ItemType>0</ItemType>
      <ItemName>סוכריות ללא סוכר אפר</ItemName>
      <ManufacturerName>מיה תעשיות מזון בעמ</ManufacturerName>
      <ManufactureCountry>ישראל</ManufactureCountry>
      <ManufacturerItemDescription>סוכריות ללא סוכר אפרסק 80 גרם</ManufacturerItemDescription>
      <UnitQty>גרמים</UnitQty>
      <Quantity>80.00</Quantity>
      <UnitOfMeasure>100 גרם</UnitOfMeasure>
      <bIsWeighted>0</bIsWeighted>
      <QtyInPackage>1</QtyInPackage>
      <ItemPrice>5.80</ItemPrice>
      <UnitOfMeasurePrice>7.2500</UnitOfMeasurePrice>
      <AllowDiscount>1</AllowDiscount>
      <ItemStatus>1</ItemStatus>
      <ItemId>224834</ItemId>
    </Item>
    <Item>
      <PriceUpdateDate>2015-01-01 00:00:00</PriceUpdateDate>
      <ItemCode>7290011254490</ItemCode>
      <ItemType>0</ItemType>
      <ItemName>סוכריות ללא סוכר פיר</ItemName>
      <ManufacturerName>מיה תעשיות מזון בעמ</ManufacturerName>
      <ManufactureCountry>ישראל</ManufactureCountry>
      <ManufacturerItemDescription>סוכריות ללא סוכר פירות יער 80 גרם</ManufacturerItemDescription>
      <UnitQty>גרמים</UnitQty>
      <Quantity>80.00</Quantity>
      <UnitOfMeasure>100 גרם</UnitOfMeasure>
      <bIsWeighted>0</bIsWeighted>
      <QtyInPackage>1</QtyInPackage>
      <ItemPrice>5.80</ItemPrice>
      <UnitOfMeasurePrice>7.2500</UnitOfMeasurePrice>
      <AllowDiscount>1</AllowDiscount>
      <ItemStatus>1</ItemStatus>
      <ItemId>224835</ItemId>
    </Item>
    <Item>
      <PriceUpdateDate>2015-09-20 12:48:54</PriceUpdateDate>
      <ItemCode>7290011447359</ItemCode>
      <ItemType>0</ItemType>
      <ItemName>מטרנה מהדרין שלב 1</ItemName>
      <ManufacturerName>מטרנה</ManufacturerName>
      <ManufactureCountry>ישראל</ManufactureCountry>
      <ManufacturerItemDescription>מטרנה מהדרין שלב 1 700 גרם</ManufacturerItemDescription>
      <UnitQty>גרמים</UnitQty>
      <Quantity>700.00</Quantity>
      <UnitOfMeasure>100 גרם</UnitOfMeasure>
      <bIsWeighted>0</bIsWeighted>
      <QtyInPackage>1</QtyInPackage>
      <ItemPrice>49.90</ItemPrice>
      <UnitOfMeasurePrice>7.1286</UnitOfMeasurePrice>
      <AllowDiscount>1</AllowDiscount>
      <ItemStatus>1</ItemStatus>
      <ItemId>224845</ItemId>
    </Item>
    <Item>
      <PriceUpdateDate>2015-09-20 12:48:54</PriceUpdateDate>
      <ItemCode>7290011447373</ItemCode>
      <ItemType>0</ItemType>
      <ItemName>מטרנה מהדרין שלב 2</ItemName>
      <ManufacturerName>מטרנה</ManufacturerName>
      <ManufactureCountry>ישראל</ManufactureCountry>
      <ManufacturerItemDescription>מטרנה מהדרין שלב 2 700 גרם</ManufacturerItemDescription>
      <UnitQty>גרמים</UnitQty>
      <Quantity>700.00</Quantity>
      <UnitOfMeasure>100 גרם</UnitOfMeasure>
      <bIsWeighted>0</bIsWeighted>
      <QtyInPackage>1</QtyInPackage>
      <ItemPrice>49.90</ItemPrice>
      <UnitOfMeasurePrice>7.1286</UnitOfMeasurePrice>
      <AllowDiscount>1</AllowDiscount>
      <ItemStatus>1</ItemStatus>
      <ItemId>224847</ItemId>
    </Item>
    <Item>
      <PriceUpdateDate>2015-01-01 00:00:00</PriceUpdateDate>
      <ItemCode>7290011499051</ItemCode>
      <ItemType>0</ItemType>
      <ItemName>גבינה פטה כבשים 250</ItemName>
      <ManufacturerName>מחלבות גד</ManufacturerName>
      <ManufactureCountry>ישראל</ManufactureCountry>
      <ManufacturerItemDescription>גבינה פטה כבשים 250 גרם</ManufacturerItemDescription>
      <UnitQty>גרמים</UnitQty>
      <Quantity>250.00</Quantity>
      <UnitOfMeasure>100 גרם</UnitOfMeasure>
      <bIsWeighted>0</bIsWeighted>
      <QtyInPackage>1</QtyInPackage>
      <ItemPrice>18.90</ItemPrice>
      <UnitOfMeasurePrice>7.5600</UnitOfMeasurePrice>
      <AllowDiscount>1</AllowDiscount>
      <ItemStatus>1</ItemStatus>
      <ItemId>224866</ItemId>
    </Item>
    <Item>
      <PriceUpdateDate>2015-01-01 00:00:00</PriceUpdateDate>
      <ItemCode>7290011515683</ItemCode>
      <ItemType>0</ItemType>
      <ItemName>מאגדת אקסטרים וניל 6</ItemName>
      <ManufacturerName>גלידות נסטלה</ManufacturerName>
      <ManufactureCountry>לא ידוע</ManufactureCountry>
      <ManufacturerItemDescription>מאגדת אקסטרים וניל 6 יח</ManufacturerItemDescription>
      <UnitQty>גרמים</UnitQty>
      <Quantity>432.00</Quantity>
      <UnitOfMeasure>100 גרם</UnitOfMeasure>
      <bIsWeighted>0</bIsWeighted>
      <QtyInPackage>1</QtyInPackage>
      <ItemPrice>31.90</ItemPrice>
      <UnitOfMeasurePrice>7.3843</UnitOfMeasurePrice>
      <AllowDiscount>1</AllowDiscount>
      <ItemStatus>1</ItemStatus>
      <ItemId>224870</ItemId>
    </Item>
    <Item>
      <PriceUpdateDate>2015-01-01 00:00:00</PriceUpdateDate>
      <ItemCode>7290011537074</ItemCode>
      <ItemType>0</ItemType>
      <ItemName>לקקן צובעי פה 58 יח</ItemName>
      <ManufacturerName>,</ManufacturerName>
      <ManufactureCountry>לא ידוע</ManufactureCountry>
      <ManufacturerItemDescription>לקקן צובעי פה 58 יח</ManufacturerItemDescription>
      <UnitQty>גרמים</UnitQty>
      <Quantity>696.00</Quantity>
      <UnitOfMeasure>100 גרם</UnitOfMeasure>
      <bIsWeighted>0</bIsWeighted>
      <QtyInPackage>1</QtyInPackage>
      <ItemPrice>19.80</ItemPrice>
      <UnitOfMeasurePrice>2.8448</UnitOfMeasurePrice>
      <AllowDiscount>1</AllowDiscount>
      <ItemStatus>1</ItemStatus>
      <ItemId>224880</ItemId>
    </Item>
    <Item>
      <PriceUpdateDate>2015-01-01 00:00:00</PriceUpdateDate>
      <ItemCode>7290011598211</ItemCode>
      <ItemType>0</ItemType>
      <ItemName>סנו אנטי קאלק ניקוי</ItemName>
      <ManufacturerName>סנו</ManufacturerName>
      <ManufactureCountry>לא ידוע</ManufactureCountry>
      <ManufacturerItemDescription>סנו אנטי קאלק ניקוי כלל 700 מ"ל</ManufacturerItemDescription>
      <UnitQty>מיליליטרים</UnitQty>
      <Quantity>700.00</Quantity>
      <UnitOfMeasure>100 מ"ל</UnitOfMeasure>
      <bIsWeighted>0</bIsWeighted>
      <QtyInPackage>1</QtyInPackage>
      <ItemPrice>7.90</ItemPrice>
      <UnitOfMeasurePrice>1.1286</UnitOfMeasurePrice>
      <AllowDiscount>1</AllowDiscount>
      <ItemStatus>1</ItemStatus>
      <ItemId>224900</ItemId>
    </Item>
    <Item>
      <PriceUpdateDate>2015-01-01 00:00:00</PriceUpdateDate>
      <ItemCode>7290011615314</ItemCode>
      <ItemType>0</ItemType>
      <ItemName>מארז תפוחונים טבעי 5</ItemName>
      <ManufacturerName>דונגפנג פוד קו</ManufacturerName>
      <ManufactureCountry>סין</ManufactureCountry>
      <ManufacturerItemDescription>מארז תפוחונים טבעי 5 +1 חינם</ManufacturerItemDescription>
      <UnitQty>גרמים</UnitQty>
      <Quantity>132.00</Quantity>
      <UnitOfMeasure>100 גרם</UnitOfMeasure>
      <bIsWeighted>0</bIsWeighted>
      <QtyInPackage>6</QtyInPackage>
      <ItemPrice>16.90</ItemPrice>
      <UnitOfMeasurePrice>12.8030</UnitOfMeasurePrice>
      <AllowDiscount>1</AllowDiscount>
      <ItemStatus>1</ItemStatus>
      <ItemId>224909</ItemId>
    </Item>
    <Item>
      <PriceUpdateDate>2015-09-21 13:11:12</PriceUpdateDate>
      <ItemCode>7290011732172</ItemCode>
      <ItemType>0</ItemType>
      <ItemName>סוכריות שרשרת מארז 2</ItemName>
      <ManufacturerName>,</ManufacturerName>
      <ManufactureCountry>לא ידוע</ManufactureCountry>
      <ManufacturerItemDescription>סוכריות שרשרת מארז 24 יח</ManufacturerItemDescription>
      <UnitQty>גרמים</UnitQty>
      <Quantity>422.00</Quantity>
      <UnitOfMeasure>100 גרם</UnitOfMeasure>
      <bIsWeighted>0</bIsWeighted>
      <QtyInPackage>1</QtyInPackage>
      <ItemPrice>14.90</ItemPrice>
      <UnitOfMeasurePrice>3.5308</UnitOfMeasurePrice>
      <AllowDiscount>1</AllowDiscount>
      <ItemStatus>1</ItemStatus>
      <ItemId>224920</ItemId>
    </Item>
    <Item>
      <PriceUpdateDate>2015-09-21 13:11:12</PriceUpdateDate>
      <ItemCode>7290011732189</ItemCode>
      <ItemType>0</ItemType>
      <ItemName>סוכריות צמיד מארז 48</ItemName>
      <ManufacturerName>,</ManufacturerName>
      <ManufactureCountry>לא ידוע</ManufactureCountry>
      <ManufacturerItemDescription>סוכריות צמיד מארז 48 יח</ManufacturerItemDescription>
      <UnitQty>גרמים</UnitQty>
      <Quantity>422.00</Quantity>
      <UnitOfMeasure>100 גרם</UnitOfMeasure>
      <bIsWeighted>0</bIsWeighted>
      <QtyInPackage>1</QtyInPackage>
      <ItemPrice>14.90</ItemPrice>
      <UnitOfMeasurePrice>3.5308</UnitOfMeasurePrice>
      <AllowDiscount>1</AllowDiscount>
      <ItemStatus>1</ItemStatus>
      <ItemId>224921</ItemId>
    </Item>
    <Item>
      <PriceUpdateDate>2015-09-21 13:11:12</PriceUpdateDate>
      <ItemCode>7290011732202</ItemCode>
      <ItemType>0</ItemType>
      <ItemName>סוכריות בקבוקים 21 י</ItemName>
      <ManufacturerName>,</ManufacturerName>
      <ManufactureCountry>לא ידוע</ManufactureCountry>
      <ManufacturerItemDescription>סוכריות בקבוקים 21 יח</ManufacturerItemDescription>
      <UnitQty>גרמים</UnitQty>
      <Quantity>462.00</Quantity>
      <UnitOfMeasure>100 גרם</UnitOfMeasure>
      <bIsWeighted>0</bIsWeighted>
      <QtyInPackage>1</QtyInPackage>
      <ItemPrice>14.90</ItemPrice>
      <UnitOfMeasurePrice>3.2251</UnitOfMeasurePrice>
      <AllowDiscount>1</AllowDiscount>
      <ItemStatus>1</ItemStatus>
      <ItemId>224922</ItemId>
    </Item>
    <Item>
      <PriceUpdateDate>2015-09-21 13:11:12</PriceUpdateDate>
      <ItemCode>7290011732264</ItemCode>
      <ItemType>0</ItemType>
      <ItemName>סוכריות פרמידה 36 יח</ItemName>
      <ManufacturerName>,</ManufacturerName>
      <ManufactureCountry>לא ידוע</ManufactureCountry>
      <ManufacturerItemDescription>סוכריות פרמידה 36 יח</ManufacturerItemDescription>
      <UnitQty>גרמים</UnitQty>
      <Quantity>432.00</Quantity>
      <UnitOfMeasure>100 גרם</UnitOfMeasure>
      <bIsWeighted>0</bIsWeighted>
      <QtyInPackage>1</QtyInPackage>
      <ItemPrice>14.90</ItemPrice>
      <UnitOfMeasurePrice>3.4491</UnitOfMeasurePrice>
      <AllowDiscount>1</AllowDiscount>
      <ItemStatus>1</ItemStatus>
      <ItemId>224924</ItemId>
    </Item>
    <Item>
      <PriceUpdateDate>2015-09-21 13:11:12</PriceUpdateDate>
      <ItemCode>7290011732271</ItemCode>
      <ItemType>0</ItemType>
      <ItemName>סוכריות פירות 36 יח</ItemName>
      <ManufacturerName>,</ManufacturerName>
      <ManufactureCountry>לא ידוע</ManufactureCountry>
      <ManufacturerItemDescription>סוכריות פירות 36 יח</ManufacturerItemDescription>
      <UnitQty>גרמים</UnitQty>
      <Quantity>432.00</Quantity>
      <UnitOfMeasure>100 גרם</UnitOfMeasure>
      <bIsWeighted>0</bIsWeighted>
      <QtyInPackage>1</QtyInPackage>
      <ItemPrice>14.90</ItemPrice>
      <UnitOfMeasurePrice>3.4491</UnitOfMeasurePrice>
      <AllowDiscount>1</AllowDiscount>
      <ItemStatus>1</ItemStatus>
      <ItemId>224925</ItemId>
    </Item>
    <Item>
      <PriceUpdateDate>2015-01-01 00:00:00</PriceUpdateDate>
      <ItemCode>7290011732592</ItemCode>
      <ItemType>0</ItemType>
      <ItemName>קמח מלא 1 קג</ItemName>
      <ManufacturerName>,</ManufacturerName>
      <ManufactureCountry>לא ידוע</ManufactureCountry>
      <ManufacturerItemDescription>קמח מלא 1 ק"ג</ManufacturerItemDescription>
      <UnitQty>קילוגרמים</UnitQty>
      <Quantity>1.00</Quantity>
      <UnitOfMeasure>ק"ג     </UnitOfMeasure>
      <bIsWeighted>0</bIsWeighted>
      <QtyInPackage>1</QtyInPackage>
      <ItemPrice>12.80</ItemPrice>
      <UnitOfMeasurePrice>12.8000</UnitOfMeasurePrice>
      <AllowDiscount>1</AllowDiscount>
      <ItemStatus>1</ItemStatus>
      <ItemId>224930</ItemId>
    </Item>
    <Item>
      <PriceUpdateDate>2016-06-21 15:35:33</PriceUpdateDate>
      <ItemCode>8801055707966</ItemCode>
      <ItemType>0</ItemType>
      <ItemName>קפה נמס טסטרס צויס ב</ItemName>
      <ManufacturerName>גלידות נסטלה</ManufacturerName>
      <ManufactureCountry>לא ידוע</ManufactureCountry>
      <ManufacturerItemDescription>קפה נמס טסטרס צויס בריסטה 180 גרם</ManufacturerItemDescription>
      <UnitQty>גרמים</UnitQty>
      <Quantity>180.00</Quantity>
      <UnitOfMeasure>100 גרם</UnitOfMeasure>
      <bIsWeighted>0</bIsWeighted>
      <QtyInPackage>1</QtyInPackage>
      <ItemPrice>34.90</ItemPrice>
      <UnitOfMeasurePrice>19.3889</UnitOfMeasurePrice>
      <AllowDiscount>1</AllowDiscount>
      <ItemStatus>1</ItemStatus>
      <ItemId>268571</ItemId>
    </Item>
    <Item>
      <PriceUpdateDate>2016-08-01 16:50:34</PriceUpdateDate>
      <ItemCode>7290102397617</ItemCode>
      <ItemType>0</ItemType>
      <ItemName>יוגורט מולר מיקס יוג</ItemName>
      <ManufacturerName>מולר</ManufacturerName>
      <ManufactureCountry>לא ידוע</ManufactureCountry>
      <ManufacturerItemDescription>יוגורט מולר מיקס יוגורט קליק 150 מ"ל</ManufacturerItemDescription>
      <UnitQty>מיליליטרים</UnitQty>
      <Quantity>150.00</Quantity>
      <UnitOfMeasure>100 מ"ל</UnitOfMeasure>
      <bIsWeighted>0</bIsWeighted>
      <QtyInPackage>1</QtyInPackage>
      <ItemPrice>5.60</ItemPrice>
      <UnitOfMeasurePrice>3.7333</UnitOfMeasurePrice>
      <AllowDiscount>1</AllowDiscount>
      <ItemStatus>1</ItemStatus>
      <ItemId>269057</ItemId>
    </Item>
    <Item>
      <PriceUpdateDate>2015-01-01 00:00:00</PriceUpdateDate>
      <ItemCode>7290011765309</ItemCode>
      <ItemType>0</ItemType>
      <ItemName>2 מברשת שיניים אורבי</ItemName>
      <ManufacturerName>z h plastic</ManufacturerName>
      <ManufactureCountry>לא ידוע</ManufactureCountry>
      <ManufacturerItemDescription>2 מברשת שיניים אורביטול</ManufacturerItemDescription>
      <UnitQty>Unknown </UnitQty>
      <Quantity>0.00</Quantity>
      <UnitOfMeasure>Unknown </UnitOfMeasure>
      <bIsWeighted>0</bIsWeighted>
      <QtyInPackage>1</QtyInPackage>
      <ItemPrice>14.90</ItemPrice>
      <UnitOfMeasurePrice>0.0000</UnitOfMeasurePrice>
      <AllowDiscount>1</AllowDiscount>
      <ItemStatus>1</ItemStatus>
      <ItemId>224953</ItemId>
    </Item>
    <Item>
      <PriceUpdateDate>2015-01-01 00:00:00</PriceUpdateDate>
      <ItemCode>7290011765361</ItemCode>
      <ItemType>0</ItemType>
      <ItemName>מברשת שיניים אורביטו</ItemName>
      <ManufacturerName>z h plastic</ManufacturerName>
      <ManufactureCountry>לא ידוע</ManufactureCountry>
      <ManufacturerItemDescription>מברשת שיניים אורביטול</ManufacturerItemDescription>
      <UnitQty>Unknown </UnitQty>
      <Quantity>0.00</Quantity>
      <UnitOfMeasure>Unknown </UnitOfMeasure>
      <bIsWeighted>0</bIsWeighted>
      <QtyInPackage>1</QtyInPackage>
      <ItemPrice>9.90</ItemPrice>
      <UnitOfMeasurePrice>0.0000</UnitOfMeasurePrice>
      <AllowDiscount>1</AllowDiscount>
      <ItemStatus>1</ItemStatus>
      <ItemId>224956</ItemId>
    </Item>
    <Item>
      <PriceUpdateDate>2015-01-01 00:00:00</PriceUpdateDate>
      <ItemCode>7290011765392</ItemCode>
      <ItemType>0</ItemType>
      <ItemName>שמפו כיף ילדים בוב ס</ItemName>
      <ManufacturerName>קוסמופארם</ManufacturerName>
      <ManufactureCountry>לא ידוע</ManufactureCountry>
      <ManufacturerItemDescription>שמפו כיף ילדים בוב ספוג 750 מ"ל</ManufacturerItemDescription>
      <UnitQty>מיליליטרים</UnitQty>
      <Quantity>750.00</Quantity>
      <UnitOfMeasure>100 מ"ל</UnitOfMeasure>
      <bIsWeighted>0</bIsWeighted>
      <QtyInPackage>1</QtyInPackage>
      <ItemPrice>10.90</ItemPrice>
      <UnitOfMeasurePrice>1.4533</UnitOfMeasurePrice>
      <AllowDiscount>1</AllowDiscount>
      <ItemStatus>1</ItemStatus>
      <ItemId>224957</ItemId>
    </Item>
    <Item>
      <PriceUpdateDate>2015-01-01 00:00:00</PriceUpdateDate>
      <ItemCode>7290011765408</ItemCode>
      <ItemType>0</ItemType>
      <ItemName>שמפו עם מרכך כיף בוב</ItemName>
      <ManufacturerName>קוסמופארם</ManufacturerName>
      <ManufactureCountry>לא ידוע</ManufactureCountry>
      <ManufacturerItemDescription>שמפו עם מרכך כיף בוב ספוג 750 מ"ל</ManufacturerItemDescription>
      <UnitQty>מיליליטרים</UnitQty>
      <Quantity>750.00</Quantity>
      <UnitOfMeasure>100 מ"ל</UnitOfMeasure>
      <bIsWeighted>0</bIsWeighted>
      <QtyInPackage>1</QtyInPackage>
      <ItemPrice>10.90</ItemPrice>
      <UnitOfMeasurePrice>1.4533</UnitOfMeasurePrice>
      <AllowDiscount>1</AllowDiscount>
      <ItemStatus>1</ItemStatus>
      <ItemId>224958</ItemId>
    </Item>
    <Item>
      <PriceUpdateDate>2015-01-01 00:00:00</PriceUpdateDate>
      <ItemCode>7290011765446</ItemCode>
      <ItemType>0</ItemType>
      <ItemName>משחת שיניים אורביטול</ItemName>
      <ManufacturerName>טרופיקל דגיל</ManufacturerName>
      <ManufactureCountry>לא ידוע</ManufactureCountry>
      <ManufacturerItemDescription>משחת שיניים אורביטול</ManufacturerItemDescription>
      <UnitQty>גרמים</UnitQty>
      <Quantity>70.00</Quantity>
      <UnitOfMeasure>100 גרם</UnitOfMeasure>
      <bIsWeighted>0</bIsWeighted>
      <QtyInPackage>1</QtyInPackage>
      <ItemPrice>6.90</ItemPrice>
      <UnitOfMeasurePrice>9.8571</UnitOfMeasurePrice>
      <AllowDiscount>1</AllowDiscount>
      <ItemStatus>1</ItemStatus>
      <ItemId>224960</ItemId>
    </Item>
    <Item>
      <PriceUpdateDate>2016-07-10 11:50:31</PriceUpdateDate>
      <ItemCode>710069082229</ItemCode>
      <ItemType>0</ItemType>
      <ItemName>חרדל חום 340 גרם</ItemName>
      <ManufacturerName>,</ManufacturerName>
      <ManufactureCountry>לא ידוע</ManufactureCountry>
      <ManufacturerItemDescription>חרדל חום 340 גרם</ManufacturerItemDescription>
      <UnitQty>גרמים</UnitQty>
      <Quantity>340.00</Quantity>
      <UnitOfMeasure>100 גרם</UnitOfMeasure>
      <bIsWeighted>0</bIsWeighted>
      <QtyInPackage>1</QtyInPackage>
      <ItemPrice>9.90</ItemPrice>
      <UnitOfMeasurePrice>2.9118</UnitOfMeasurePrice>
      <AllowDiscount>1</AllowDiscount>
      <ItemStatus>1</ItemStatus>
      <ItemId>268822</ItemId>
    </Item>
    <Item>
      <PriceUpdateDate>2015-01-01 00:00:00</PriceUpdateDate>
      <ItemCode>7290011877101</ItemCode>
      <ItemType>0</ItemType>
      <ItemName>סנומוד נטול גז מאסק</ItemName>
      <ManufacturerName>סנו</ManufacturerName>
      <ManufactureCountry>לא ידוע</ManufactureCountry>
      <ManufacturerItemDescription>סנומוד נטול גז מאסק 150 מ"ל</ManufacturerItemDescription>
      <UnitQty>מיליליטרים</UnitQty>
      <Quantity>150.00</Quantity>
      <UnitOfMeasure>100 מ"ל</UnitOfMeasure>
      <bIsWeighted>0</bIsWeighted>
      <QtyInPackage>1</QtyInPackage>
      <ItemPrice>9.90</ItemPrice>
      <UnitOfMeasurePrice>6.6000</UnitOfMeasurePrice>
      <AllowDiscount>1</AllowDiscount>
      <ItemStatus>1</ItemStatus>
      <ItemId>224975</ItemId>
    </Item>
    <Item>
      <PriceUpdateDate>2015-01-01 00:00:00</PriceUpdateDate>
      <ItemCode>7290011977627</ItemCode>
      <ItemType>0</ItemType>
      <ItemName>סרדין בשמן צמחי 125</ItemName>
      <ManufacturerName>,</ManufacturerName>
      <ManufactureCountry>לא ידוע</ManufactureCountry>
      <ManufacturerItemDescription>סרדין בשמן צמחי 125 גרם</ManufacturerItemDescription>
      <UnitQty>גרמים</UnitQty>
      <Quantity>125.00</Quantity>
      <UnitOfMeasure>100 גרם</UnitOfMeasure>
      <bIsWeighted>0</bIsWeighted>
      <QtyInPackage>1</QtyInPackage>
      <ItemPrice>2.90</ItemPrice>
      <UnitOfMeasurePrice>2.3200</UnitOfMeasurePrice>
      <AllowDiscount>1</AllowDiscount>
      <ItemStatus>1</ItemStatus>
      <ItemId>225004</ItemId>
    </Item>
    <Item>
      <PriceUpdateDate>2015-01-01 00:00:00</PriceUpdateDate>
      <ItemCode>7290011977634</ItemCode>
      <ItemType>0</ItemType>
      <ItemName>סרדין פלפל חריף 125</ItemName>
      <ManufacturerName>,</ManufacturerName>
      <ManufactureCountry>לא ידוע</ManufactureCountry>
      <ManufacturerItemDescription>סרדין פלפל חריף 125 גרם</ManufacturerItemDescription>
      <UnitQty>גרמים</UnitQty>
      <Quantity>125.00</Quantity>
      <UnitOfMeasure>100 גרם</UnitOfMeasure>
      <bIsWeighted>0</bIsWeighted>
      <QtyInPackage>1</QtyInPackage>
      <ItemPrice>2.90</ItemPrice>
      <UnitOfMeasurePrice>2.3200</UnitOfMeasurePrice>
      <AllowDiscount>1</AllowDiscount>
      <ItemStatus>1</ItemStatus>
      <ItemId>225005</ItemId>
    </Item>
    <Item>
      <PriceUpdateDate>2015-01-01 00:00:00</PriceUpdateDate>
      <ItemCode>7290011977641</ItemCode>
      <ItemType>0</ItemType>
      <ItemName>סרדין בלימון 125 גרם</ItemName>
      <ManufacturerName>,</ManufacturerName>
      <ManufactureCountry>לא ידוע</ManufactureCountry>
      <ManufacturerItemDescription>סרדין בלימון 125 גרם</ManufacturerItemDescription>
      <UnitQty>גרמים</UnitQty>
      <Quantity>125.00</Quantity>
      <UnitOfMeasure>100 גרם</UnitOfMeasure>
      <bIsWeighted>0</bIsWeighted>
      <QtyInPackage>1</QtyInPackage>
      <ItemPrice>2.90</ItemPrice>
      <UnitOfMeasurePrice>2.3200</UnitOfMeasurePrice>
      <AllowDiscount>1</AllowDiscount>
      <ItemStatus>1</ItemStatus>
      <ItemId>225006</ItemId>
    </Item>
    <Item>
      <PriceUpdateDate>2016-04-05 12:41:22</PriceUpdateDate>
      <ItemCode>7290011154318</ItemCode>
      <ItemType>1</ItemType>
      <ItemName>סילאן טבעי 900 גרם ל</ItemName>
      <ManufacturerName>,</ManufacturerName>
      <ManufactureCountry>לא ידוע</ManufactureCountry>
      <ManufacturerItemDescription>סילאן טבעי 900 גרם ללא סוכר</ManufacturerItemDescription>
      <UnitQty>גרמים</UnitQty>
      <Quantity>900.00</Quantity>
      <UnitOfMeasure>100 גרם</UnitOfMeasure>
      <bIsWeighted>0</bIsWeighted>
      <QtyInPackage>1</QtyInPackage>
      <ItemPrice>24.90</ItemPrice>
      <UnitOfMeasurePrice>2.7667</UnitOfMeasurePrice>
      <AllowDiscount>1</AllowDiscount>
      <ItemStatus>1</ItemStatus>
      <ItemId>267747</ItemId>
    </Item>
    <Item>
      <PriceUpdateDate>2015-01-01 00:00:00</PriceUpdateDate>
      <ItemCode>7290011977665</ItemCode>
      <ItemType>0</ItemType>
      <ItemName>סרדין ברוטב עגבניות</ItemName>
      <ManufacturerName>,</ManufacturerName>
      <ManufactureCountry>לא ידוע</ManufactureCountry>
      <ManufacturerItemDescription>סרדין ברוטב עגבניות 125 גרם</ManufacturerItemDescription>
      <UnitQty>גרמים</UnitQty>
      <Quantity>125.00</Quantity>
      <UnitOfMeasure>100 גרם</UnitOfMeasure>
      <bIsWeighted>0</bIsWeighted>
      <QtyInPackage>1</QtyInPackage>
      <ItemPrice>2.90</ItemPrice>
      <UnitOfMeasurePrice>2.3200</UnitOfMeasurePrice>
      <AllowDiscount>1</AllowDiscount>
      <ItemStatus>1</ItemStatus>
      <ItemId>225008</ItemId>
    </Item>
    <Item>
      <PriceUpdateDate>2015-01-01 00:00:00</PriceUpdateDate>
      <ItemCode>7290011993009</ItemCode>
      <ItemType>0</ItemType>
      <ItemName>טחינה ירוקה 250 גרם</ItemName>
      <ManufacturerName>מעדני מיקי תעשיות מז</ManufacturerName>
      <ManufactureCountry>ישראל</ManufactureCountry>
      <ManufacturerItemDescription>טחינה ירוקה 250 גרם</ManufacturerItemDescription>
      <UnitQty>גרמים</UnitQty>
      <Quantity>250.00</Quantity>
      <UnitOfMeasure>100 גרם</UnitOfMeasure>
      <bIsWeighted>0</bIsWeighted>
      <QtyInPackage>1</QtyInPackage>
      <ItemPrice>9.50</ItemPrice>
      <UnitOfMeasurePrice>3.8000</UnitOfMeasurePrice>
      <AllowDiscount>1</AllowDiscount>
      <ItemStatus>1</ItemStatus>
      <ItemId>225010</ItemId>
    </Item>
    <Item>
      <PriceUpdateDate>2015-01-01 00:00:00</PriceUpdateDate>
      <ItemCode>7290011993016</ItemCode>
      <ItemType>0</ItemType>
      <ItemName>חציל תאילנדי 250 גרם</ItemName>
      <ManufacturerName>מעדני מיקי תעשיות מז</ManufacturerName>
      <ManufactureCountry>לא ידוע</ManufactureCountry>
      <ManufacturerItemDescription>חציל תאילנדי 250 גרם</ManufacturerItemDescription>
      <UnitQty>גרמים</UnitQty>
      <Quantity>250.00</Quantity>
      <UnitOfMeasure>100 גרם</UnitOfMeasure>
      <bIsWeighted>0</bIsWeighted>
      <QtyInPackage>1</QtyInPackage>
      <ItemPrice>9.50</ItemPrice>
      <UnitOfMeasurePrice>3.8000</UnitOfMeasurePrice>
      <AllowDiscount>1</AllowDiscount>
      <ItemStatus>1</ItemStatus>
      <ItemId>225011</ItemId>
    </Item>
    <Item>
      <PriceUpdateDate>2015-01-01 00:00:00</PriceUpdateDate>
      <ItemCode>7290011993023</ItemCode>
      <ItemType>0</ItemType>
      <ItemName>גזר מרוקאי 250 גרם</ItemName>
      <ManufacturerName>מעדני מיקי תעשיות מז</ManufacturerName>
      <ManufactureCountry>לא ידוע</ManufactureCountry>
      <ManufacturerItemDescription>גזר מרוקאי 250 גרם</ManufacturerItemDescription>
      <UnitQty>גרמים</UnitQty>
      <Quantity>250.00</Quantity>
      <UnitOfMeasure>100 גרם</UnitOfMeasure>
      <bIsWeighted>0</bIsWeighted>
      <QtyInPackage>1</QtyInPackage>
      <ItemPrice>9.50</ItemPrice>
      <UnitOfMeasurePrice>3.8000</UnitOfMeasurePrice>
      <AllowDiscount>1</AllowDiscount>
      <ItemStatus>1</ItemStatus>
      <ItemId>225012</ItemId>
    </Item>
    <Item>
      <PriceUpdateDate>2015-01-01 00:00:00</PriceUpdateDate>
      <ItemCode>7290011993030</ItemCode>
      <ItemType>0</ItemType>
      <ItemName>חציל על האש במיונז</ItemName>
      <ManufacturerName>מעדני מיקי תעשיות מז</ManufacturerName>
      <ManufactureCountry>ישראל</ManufactureCountry>
      <ManufacturerItemDescription>חציל על האש במיונז 250 גרם</ManufacturerItemDescription>
      <UnitQty>גרמים</UnitQty>
      <Quantity>250.00</Quantity>
      <UnitOfMeasure>100 גרם</UnitOfMeasure>
      <bIsWeighted>0</bIsWeighted>
      <QtyInPackage>1</QtyInPackage>
      <ItemPrice>9.50</ItemPrice>
      <UnitOfMeasurePrice>3.8000</UnitOfMeasurePrice>
      <AllowDiscount>1</AllowDiscount>
      <ItemStatus>1</ItemStatus>
      <ItemId>225013</ItemId>
    </Item>
    <Item>
      <PriceUpdateDate>2015-01-01 00:00:00</PriceUpdateDate>
      <ItemCode>7290011993054</ItemCode>
      <ItemType>0</ItemType>
      <ItemName>חומוס מסעדות 250 גרם</ItemName>
      <ManufacturerName>מעדני מיקי תעשיות מז</ManufacturerName>
      <ManufactureCountry>ישראל</ManufactureCountry>
      <ManufacturerItemDescription>חומוס מסעדות 250 גרם</ManufacturerItemDescription>
      <UnitQty>גרמים</UnitQty>
      <Quantity>250.00</Quantity>
      <UnitOfMeasure>100 גרם</UnitOfMeasure>
      <bIsWeighted>0</bIsWeighted>
      <QtyInPackage>1</QtyInPackage>
      <ItemPrice>9.50</ItemPrice>
      <UnitOfMeasurePrice>3.8000</UnitOfMeasurePrice>
      <AllowDiscount>1</AllowDiscount>
      <ItemStatus>1</ItemStatus>
      <ItemId>225014</ItemId>
    </Item>
    <Item>
      <PriceUpdateDate>2015-01-01 00:00:00</PriceUpdateDate>
      <ItemCode>7290011993092</ItemCode>
      <ItemType>0</ItemType>
      <ItemName>חציל על האש בירקות 2</ItemName>
      <ManufacturerName>מעדני מיקי תעשיות מז</ManufacturerName>
      <ManufactureCountry>לא ידוע</ManufactureCountry>
      <ManufacturerItemDescription>חציל על האש בירקות 250 גרם</ManufacturerItemDescription>
      <UnitQty>גרמים</UnitQty>
      <Quantity>250.00</Quantity>
      <UnitOfMeasure>100 גרם</UnitOfMeasure>
      <bIsWeighted>0</bIsWeighted>
      <QtyInPackage>1</QtyInPackage>
      <ItemPrice>9.50</ItemPrice>
      <UnitOfMeasurePrice>3.8000</UnitOfMeasurePrice>
      <AllowDiscount>1</AllowDiscount>
      <ItemStatus>1</ItemStatus>
      <ItemId>225015</ItemId>
    </Item>
    <Item>
      <PriceUpdateDate>2015-01-01 00:00:00</PriceUpdateDate>
      <ItemCode>7290011993108</ItemCode>
      <ItemType>0</ItemType>
      <ItemName>חציל פיקנטי 250 גרם</ItemName>
      <ManufacturerName>מעדני מיקי תעשיות מז</ManufacturerName>
      <ManufactureCountry>לא ידוע</ManufactureCountry>
      <ManufacturerItemDescription>חציל פיקנטי 250 גרם</ManufacturerItemDescription>
      <UnitQty>גרמים</UnitQty>
      <Quantity>250.00</Quantity>
      <UnitOfMeasure>100 גרם</UnitOfMeasure>
      <bIsWeighted>0</bIsWeighted>
      <QtyInPackage>1</QtyInPackage>
      <ItemPrice>9.50</ItemPrice>
      <UnitOfMeasurePrice>3.8000</UnitOfMeasurePrice>
      <AllowDiscount>1</AllowDiscount>
      <ItemStatus>1</ItemStatus>
      <ItemId>225016</ItemId>
    </Item>
    <Item>
      <PriceUpdateDate>2015-01-01 00:00:00</PriceUpdateDate>
      <ItemCode>7290011993115</ItemCode>
      <ItemType>0</ItemType>
      <ItemName>חציל בטעם כבד 250 גר</ItemName>
      <ManufacturerName>מעדני מיקי תעשיות מז</ManufacturerName>
      <ManufactureCountry>ישראל</ManufactureCountry>
      <ManufacturerItemDescription>חציל בטעם כבד 250 גרם</ManufacturerItemDescription>
      <UnitQty>גרמים</UnitQty>
      <Quantity>250.00</Quantity>
      <UnitOfMeasure>100 גרם</UnitOfMeasure>
      <bIsWeighted>0</bIsWeighted>
      <QtyInPackage>1</QtyInPackage>
      <ItemPrice>9.50</ItemPrice>
      <UnitOfMeasurePrice>3.8000</UnitOfMeasurePrice>
      <AllowDiscount>1</AllowDiscount>
      <ItemStatus>1</ItemStatus>
      <ItemId>225017</ItemId>
    </Item>
    <Item>
      <PriceUpdateDate>2015-01-01 00:00:00</PriceUpdateDate>
      <ItemCode>7290011993146</ItemCode>
      <ItemType>0</ItemType>
      <ItemName>סלט אבוקדו וביצים</ItemName>
      <ManufacturerName>מעדני מיקי תעשיות מז</ManufacturerName>
      <ManufactureCountry>ישראל</ManufactureCountry>
      <ManufacturerItemDescription>סלט אבוקדו וביצים</ManufacturerItemDescription>
      <UnitQty>גרמים</UnitQty>
      <Quantity>250.00</Quantity>
      <UnitOfMeasure>100 גרם</UnitOfMeasure>
      <bIsWeighted>0</bIsWeighted>
      <QtyInPackage>1</QtyInPackage>
      <ItemPrice>9.90</ItemPrice>
      <UnitOfMeasurePrice>3.9600</UnitOfMeasurePrice>
      <AllowDiscount>1</AllowDiscount>
      <ItemStatus>1</ItemStatus>
      <ItemId>225019</ItemId>
    </Item>
    <Item>
      <PriceUpdateDate>2015-01-01 00:00:00</PriceUpdateDate>
      <ItemCode>7290011993160</ItemCode>
      <ItemType>0</ItemType>
      <ItemName>סלט ביצים 250 גרם</ItemName>
      <ManufacturerName>מעדני מיקי תעשיות מז</ManufacturerName>
      <ManufactureCountry>ישראל</ManufactureCountry>
      <ManufacturerItemDescription>סלט ביצים 250 גרם</ManufacturerItemDescription>
      <UnitQty>גרמים</UnitQty>
      <Quantity>250.00</Quantity>
      <UnitOfMeasure>100 גרם</UnitOfMeasure>
      <bIsWeighted>0</bIsWeighted>
      <QtyInPackage>1</QtyInPackage>
      <ItemPrice>9.90</ItemPrice>
      <UnitOfMeasurePrice>3.9600</UnitOfMeasurePrice>
      <AllowDiscount>1</AllowDiscount>
      <ItemStatus>1</ItemStatus>
      <ItemId>225020</ItemId>
    </Item>
    <Item>
      <PriceUpdateDate>2015-01-01 00:00:00</PriceUpdateDate>
      <ItemCode>7290100240137</ItemCode>
      <ItemType>0</ItemType>
      <ItemName>בדין תרסיס מייבש כחו</ItemName>
      <ManufacturerName>זוהר דליה</ManufacturerName>
      <ManufactureCountry>ישראל</ManufactureCountry>
      <ManufacturerItemDescription>בדין תרסיס מייבש כחול 500 מל</ManufacturerItemDescription>
      <UnitQty>מיליליטרים</UnitQty>
      <Quantity>500.00</Quantity>
      <UnitOfMeasure>100 מ"ל</UnitOfMeasure>
      <bIsWeighted>0</bIsWeighted>
      <QtyInPackage>1</QtyInPackage>
      <ItemPrice>16.90</ItemPrice>
      <UnitOfMeasurePrice>3.3800</UnitOfMeasurePrice>
      <AllowDiscount>1</AllowDiscount>
      <ItemStatus>1</ItemStatus>
      <ItemId>225022</ItemId>
    </Item>
    <Item>
      <PriceUpdateDate>2015-01-01 00:00:00</PriceUpdateDate>
      <ItemCode>7290100240144</ItemCode>
      <ItemType>0</ItemType>
      <ItemName>בדין תרסיס מייבש ורו</ItemName>
      <ManufacturerName>זוהר דליה</ManufacturerName>
      <ManufactureCountry>ישראל</ManufactureCountry>
      <ManufacturerItemDescription>בדין תרסיס מייבש ורוד 500 מל</ManufacturerItemDescription>
      <UnitQty>מיליליטרים</UnitQty>
      <Quantity>500.00</Quantity>
      <UnitOfMeasure>100 מ"ל</UnitOfMeasure>
      <bIsWeighted>0</bIsWeighted>
      <QtyInPackage>1</QtyInPackage>
      <ItemPrice>16.90</ItemPrice>
      <UnitOfMeasurePrice>3.3800</UnitOfMeasurePrice>
      <AllowDiscount>1</AllowDiscount>
      <ItemStatus>1</ItemStatus>
      <ItemId>225023</ItemId>
    </Item>
    <Item>
      <PriceUpdateDate>2015-01-01 00:00:00</PriceUpdateDate>
      <ItemCode>7290100680155</ItemCode>
      <ItemType>0</ItemType>
      <ItemName>רוטב אלף האיים לייט</ItemName>
      <ManufacturerName>אסם</ManufacturerName>
      <ManufactureCountry>לא ידוע</ManufactureCountry>
      <ManufacturerItemDescription>רוטב אלף האיים לייט %5 600 מ"ל</ManufacturerItemDescription>
      <UnitQty>מיליליטרים</UnitQty>
      <Quantity>600.00</Quantity>
      <UnitOfMeasure>100 מ"ל</UnitOfMeasure>
      <bIsWeighted>0</bIsWeighted>
      <QtyInPackage>1</QtyInPackage>
      <ItemPrice>16.90</ItemPrice>
      <UnitOfMeasurePrice>2.8167</UnitOfMeasurePrice>
      <AllowDiscount>1</AllowDiscount>
      <ItemStatus>1</ItemStatus>
      <ItemId>225027</ItemId>
    </Item>
    <Item>
      <PriceUpdateDate>2015-09-21 08:18:19</PriceUpdateDate>
      <ItemCode>7290100680537</ItemCode>
      <ItemType>0</ItemType>
      <ItemName>ערגליות תות 900 גרם</ItemName>
      <ManufacturerName>אסם</ManufacturerName>
      <ManufactureCountry>לא ידוע</ManufactureCountry>
      <ManufacturerItemDescription>ערגליות תות 900 גרם</ManufacturerItemDescription>
      <UnitQty>גרמים</UnitQty>
      <Quantity>900.00</Quantity>
      <UnitOfMeasure>100 גרם</UnitOfMeasure>
      <bIsWeighted>0</bIsWeighted>
      <QtyInPackage>1</QtyInPackage>
      <ItemPrice>14.90</ItemPrice>
      <UnitOfMeasurePrice>1.6556</UnitOfMeasurePrice>
      <AllowDiscount>1</AllowDiscount>
      <ItemStatus>1</ItemStatus>
      <ItemId>225029</ItemId>
    </Item>
    <Item>
      <PriceUpdateDate>2015-12-02 10:25:03</PriceUpdateDate>
      <ItemCode>8076802085936</ItemCode>
      <ItemType>0</ItemType>
      <ItemName>פסטה ברילה קונצילה ר</ItemName>
      <ManufacturerName>ברילה</ManufacturerName>
      <ManufactureCountry>איטליה</ManufactureCountry>
      <ManufacturerItemDescription>פסטה ברילה קונצילה ריגטה 500 גרם</ManufacturerItemDescription>
      <UnitQty>גרמים</UnitQty>
      <Quantity>500.00</Quantity>
      <UnitOfMeasure>100 גרם</UnitOfMeasure>
      <bIsWeighted>0</bIsWeighted>
      <QtyInPackage>1</QtyInPackage>
      <ItemPrice>4.90</ItemPrice>
      <UnitOfMeasurePrice>0.9800</UnitOfMeasurePrice>
      <AllowDiscount>1</AllowDiscount>
      <ItemStatus>1</ItemStatus>
      <ItemId>255636</ItemId>
    </Item>
    <Item>
      <PriceUpdateDate>2015-01-01 00:00:00</PriceUpdateDate>
      <ItemCode>7290100680728</ItemCode>
      <ItemType>0</ItemType>
      <ItemName>פירורית רגילה 350 גר</ItemName>
      <ManufacturerName>אסם</ManufacturerName>
      <ManufactureCountry>לא ידוע</ManufactureCountry>
      <ManufacturerItemDescription>פירורית רגילה 350 גרם</ManufacturerItemDescription>
      <UnitQty>גרמים</UnitQty>
      <Quantity>350.00</Quantity>
      <UnitOfMeasure>100 גרם</UnitOfMeasure>
      <bIsWeighted>0</bIsWeighted>
      <QtyInPackage>1</QtyInPackage>
      <ItemPrice>6.90</ItemPrice>
      <UnitOfMeasurePrice>1.9714</UnitOfMeasurePrice>
      <AllowDiscount>1</AllowDiscount>
      <ItemStatus>1</ItemStatus>
      <ItemId>225031</ItemId>
    </Item>
    <Item>
      <PriceUpdateDate>2015-09-21 08:18:19</PriceUpdateDate>
      <ItemCode>7290100681015</ItemCode>
      <ItemType>0</ItemType>
      <ItemName>פודינג ריבת חלב 80 ג</ItemName>
      <ManufacturerName>אסם</ManufacturerName>
      <ManufactureCountry>לא ידוע</ManufactureCountry>
      <ManufacturerItemDescription>פודינג ריבת חלב 80 גרם</ManufacturerItemDescription>
      <UnitQty>גרמים</UnitQty>
      <Quantity>84.00</Quantity>
      <UnitOfMeasure>100 גרם</UnitOfMeasure>
      <bIsWeighted>0</bIsWeighted>
      <QtyInPackage>1</QtyInPackage>
      <ItemPrice>4.90</ItemPrice>
      <UnitOfMeasurePrice>5.8333</UnitOfMeasurePrice>
      <AllowDiscount>1</AllowDiscount>
      <ItemStatus>1</ItemStatus>
      <ItemId>225033</ItemId>
    </Item>
    <Item>
      <PriceUpdateDate>2015-01-01 00:00:00</PriceUpdateDate>
      <ItemCode>7290100681114</ItemCode>
      <ItemType>0</ItemType>
      <ItemName>רוטב סויה סיני 600 מ</ItemName>
      <ManufacturerName>אסם</ManufacturerName>
      <ManufactureCountry>לא ידוע</ManufactureCountry>
      <ManufacturerItemDescription>רוטב סויה סיני 600 מ"ל</ManufacturerItemDescription>
      <UnitQty>מיליליטרים</UnitQty>
      <Quantity>600.00</Quantity>
      <UnitOfMeasure>100 מ"ל</UnitOfMeasure>
      <bIsWeighted>0</bIsWeighted>
      <QtyInPackage>1</QtyInPackage>
      <ItemPrice>16.90</ItemPrice>
      <UnitOfMeasurePrice>2.8167</UnitOfMeasurePrice>
      <AllowDiscount>1</AllowDiscount>
      <ItemStatus>1</ItemStatus>
      <ItemId>225035</ItemId>
    </Item>
    <Item>
      <PriceUpdateDate>2016-03-31 11:58:35</PriceUpdateDate>
      <ItemCode>7290100681244</ItemCode>
      <ItemType>0</ItemType>
      <ItemName>רוטב שום 290 מ"ל  רב</ItemName>
      <ManufacturerName>,</ManufacturerName>
      <ManufactureCountry>לא ידוע</ManufactureCountry>
      <ManufacturerItemDescription>רוטב שום 290 מ"ל  רבנות</ManufacturerItemDescription>
      <UnitQty>גרמים</UnitQty>
      <Quantity>290.00</Quantity>
      <UnitOfMeasure>100 גרם</UnitOfMeasure>
      <bIsWeighted>0</bIsWeighted>
      <QtyInPackage>1</QtyInPackage>
      <ItemPrice>8.90</ItemPrice>
      <UnitOfMeasurePrice>3.0690</UnitOfMeasurePrice>
      <AllowDiscount>1</AllowDiscount>
      <ItemStatus>1</ItemStatus>
      <ItemId>225036</ItemId>
    </Item>
    <Item>
      <PriceUpdateDate>2015-11-01 10:54:14</PriceUpdateDate>
      <ItemCode>7290100681640</ItemCode>
      <ItemType>0</ItemType>
      <ItemName>לחמית בצל 230 גרם</ItemName>
      <ManufacturerName>אסם</ManufacturerName>
      <ManufactureCountry>לא ידוע</ManufactureCountry>
      <ManufacturerItemDescription>לחמית בצל 230 גרם</ManufacturerItemDescription>
      <UnitQty>גרמים</UnitQty>
      <Quantity>230.00</Quantity>
      <UnitOfMeasure>100 גרם</UnitOfMeasure>
      <bIsWeighted>0</bIsWeighted>
      <QtyInPackage>1</QtyInPackage>
      <ItemPrice>7.90</ItemPrice>
      <UnitOfMeasurePrice>3.4348</UnitOfMeasurePrice>
      <AllowDiscount>1</AllowDiscount>
      <ItemStatus>1</ItemStatus>
      <ItemId>225041</ItemId>
    </Item>
    <Item>
      <PriceUpdateDate>2015-09-21 08:15:30</PriceUpdateDate>
      <ItemCode>7290100683200</ItemCode>
      <ItemType>0</ItemType>
      <ItemName>רוטב ברביקיו 290 מ"ל</ItemName>
      <ManufacturerName>אסם</ManufacturerName>
      <ManufactureCountry>לא ידוע</ManufactureCountry>
      <ManufacturerItemDescription>רוטב ברביקיו 290 מ"ל</ManufacturerItemDescription>
      <UnitQty>גרמים</UnitQty>
      <Quantity>290.00</Quantity>
      <UnitOfMeasure>100 גרם</UnitOfMeasure>
      <bIsWeighted>0</bIsWeighted>
      <QtyInPackage>1</QtyInPackage>
      <ItemPrice>9.90</ItemPrice>
      <UnitOfMeasurePrice>3.4138</UnitOfMeasurePrice>
      <AllowDiscount>1</AllowDiscount>
      <ItemStatus>1</ItemStatus>
      <ItemId>225046</ItemId>
    </Item>
    <Item>
      <PriceUpdateDate>2015-01-01 00:00:00</PriceUpdateDate>
      <ItemCode>7290100683217</ItemCode>
      <ItemType>0</ItemType>
      <ItemName>סירופ ויטמנציק תפו"ע</ItemName>
      <ManufacturerName>בית השיטה עסיס תעשיו</ManufacturerName>
      <ManufactureCountry>לא ידוע</ManufactureCountry>
      <ManufacturerItemDescription>סירופ ויטמנציק תפו"ע 2 ליטר</ManufacturerItemDescription>
      <UnitQty>ליטרים</UnitQty>
      <Quantity>2.00</Quantity>
      <UnitOfMeasure>ליטר    </UnitOfMeasure>
      <bIsWeighted>0</bIsWeighted>
      <QtyInPackage>1</QtyInPackage>
      <ItemPrice>23.90</ItemPrice>
      <UnitOfMeasurePrice>11.9500</UnitOfMeasurePrice>
      <AllowDiscount>1</AllowDiscount>
      <ItemStatus>1</ItemStatus>
      <ItemId>225047</ItemId>
    </Item>
    <Item>
      <PriceUpdateDate>2015-05-28 17:25:03</PriceUpdateDate>
      <ItemCode>7290100683682</ItemCode>
      <ItemType>0</ItemType>
      <ItemName>פתיבר שוקולד 1.75 ק"</ItemName>
      <ManufacturerName>,</ManufacturerName>
      <ManufactureCountry>לא ידוע</ManufactureCountry>
      <ManufacturerItemDescription>פתיבר שוקולד 1.75 קג</ManufacturerItemDescription>
      <UnitQty>קילוגרמים</UnitQty>
      <Quantity>1.75</Quantity>
      <UnitOfMeasure>ק"ג     </UnitOfMeasure>
      <bIsWeighted>0</bIsWeighted>
      <QtyInPackage>1</QtyInPackage>
      <ItemPrice>19.90</ItemPrice>
      <UnitOfMeasurePrice>11.3714</UnitOfMeasurePrice>
      <AllowDiscount>1</AllowDiscount>
      <ItemStatus>1</ItemStatus>
      <ItemId>225051</ItemId>
    </Item>
    <Item>
      <PriceUpdateDate>2015-01-01 00:00:00</PriceUpdateDate>
      <ItemCode>7290100685136</ItemCode>
      <ItemType>0</ItemType>
      <ItemName>מרק טעם עוף 1 ק"ג</ItemName>
      <ManufacturerName>אסם</ManufacturerName>
      <ManufactureCountry>לא ידוע</ManufactureCountry>
      <ManufacturerItemDescription>מרק טעם עוף 1 ק"ג</ManufacturerItemDescription>
      <UnitQty>קילוגרמים</UnitQty>
      <Quantity>1.00</Quantity>
      <UnitOfMeasure>ק"ג     </UnitOfMeasure>
      <bIsWeighted>0</bIsWeighted>
      <QtyInPackage>1</QtyInPackage>
      <ItemPrice>11.90</ItemPrice>
      <UnitOfMeasurePrice>11.9000</UnitOfMeasurePrice>
      <AllowDiscount>1</AllowDiscount>
      <ItemStatus>1</ItemStatus>
      <ItemId>225057</ItemId>
    </Item>
    <Item>
      <PriceUpdateDate>2016-06-22 10:35:34</PriceUpdateDate>
      <ItemCode>7290016006223</ItemCode>
      <ItemType>0</ItemType>
      <ItemName>ספרינג דרגון פרוט אס</ItemName>
      <ManufacturerName>יפאורה תבורי</ManufacturerName>
      <ManufactureCountry>לא ידוע</ManufactureCountry>
      <ManufacturerItemDescription>ספרינג דרגון פרוט אסרולה 1.5 ליטר</ManufacturerItemDescription>
      <UnitQty>ליטרים</UnitQty>
      <Quantity>1.50</Quantity>
      <UnitOfMeasure>ליטר    </UnitOfMeasure>
      <bIsWeighted>0</bIsWeighted>
      <QtyInPackage>1</QtyInPackage>
      <ItemPrice>5.90</ItemPrice>
      <UnitOfMeasurePrice>3.9333</UnitOfMeasurePrice>
      <AllowDiscount>1</AllowDiscount>
      <ItemStatus>1</ItemStatus>
      <ItemId>268578</ItemId>
    </Item>
    <Item>
      <PriceUpdateDate>2015-01-01 00:00:00</PriceUpdateDate>
      <ItemCode>7290100685341</ItemCode>
      <ItemType>0</ItemType>
      <ItemName>מרק טעם עוף זך 400 ג</ItemName>
      <ManufacturerName>אסם</ManufacturerName>
      <ManufactureCountry>לא ידוע</ManufactureCountry>
      <ManufacturerItemDescription>מרק טעם עוף זך 400 גרם</ManufacturerItemDescription>
      <UnitQty>גרמים</UnitQty>
      <Quantity>400.00</Quantity>
      <UnitOfMeasure>100 גרם</UnitOfMeasure>
      <bIsWeighted>0</bIsWeighted>
      <QtyInPackage>1</QtyInPackage>
      <ItemPrice>13.90</ItemPrice>
      <UnitOfMeasurePrice>3.4750</UnitOfMeasurePrice>
      <AllowDiscount>1</AllowDiscount>
      <ItemStatus>1</ItemStatus>
      <ItemId>225059</ItemId>
    </Item>
    <Item>
      <PriceUpdateDate>2015-01-01 00:00:00</PriceUpdateDate>
      <ItemCode>7290100686164</ItemCode>
      <ItemType>0</ItemType>
      <ItemName>מארז ביסלי ברביקיו 6</ItemName>
      <ManufacturerName>אסם</ManufacturerName>
      <ManufactureCountry>לא ידוע</ManufactureCountry>
      <ManufacturerItemDescription>מארז ביסלי ברביקיו 6 יח</ManufacturerItemDescription>
      <UnitQty>גרמים</UnitQty>
      <Quantity>210.00</Quantity>
      <UnitOfMeasure>100 גרם</UnitOfMeasure>
      <bIsWeighted>0</bIsWeighted>
      <QtyInPackage>1</QtyInPackage>
      <ItemPrice>12.90</ItemPrice>
      <UnitOfMeasurePrice>6.1429</UnitOfMeasurePrice>
      <AllowDiscount>1</AllowDiscount>
      <ItemStatus>1</ItemStatus>
      <ItemId>225063</ItemId>
    </Item>
    <Item>
      <PriceUpdateDate>2015-01-01 00:00:00</PriceUpdateDate>
      <ItemCode>7290100686171</ItemCode>
      <ItemType>0</ItemType>
      <ItemName>מארז ביסלי גריל 6 יח</ItemName>
      <ManufacturerName>אסם</ManufacturerName>
      <ManufactureCountry>לא ידוע</ManufactureCountry>
      <ManufacturerItemDescription>מארז ביסלי גריל 6 יח</ManufacturerItemDescription>
      <UnitQty>גרמים</UnitQty>
      <Quantity>210.00</Quantity>
      <UnitOfMeasure>100 גרם</UnitOfMeasure>
      <bIsWeighted>0</bIsWeighted>
      <QtyInPackage>1</QtyInPackage>
      <ItemPrice>12.90</ItemPrice>
      <UnitOfMeasurePrice>6.1429</UnitOfMeasurePrice>
      <AllowDiscount>1</AllowDiscount>
      <ItemStatus>1</ItemStatus>
      <ItemId>225064</ItemId>
    </Item>
    <Item>
      <PriceUpdateDate>2015-01-01 00:00:00</PriceUpdateDate>
      <ItemCode>7290100687109</ItemCode>
      <ItemType>0</ItemType>
      <ItemName>במבה נוגט 60 גרם</ItemName>
      <ManufacturerName>אסם</ManufacturerName>
      <ManufactureCountry>לא ידוע</ManufactureCountry>
      <ManufacturerItemDescription>במבה נוגט 60 גרם</ManufacturerItemDescription>
      <UnitQty>גרמים</UnitQty>
      <Quantity>60.00</Quantity>
      <UnitOfMeasure>100 גרם</UnitOfMeasure>
      <bIsWeighted>0</bIsWeighted>
      <QtyInPackage>1</QtyInPackage>
      <ItemPrice>4.50</ItemPrice>
      <UnitOfMeasurePrice>7.5000</UnitOfMeasurePrice>
      <AllowDiscount>1</AllowDiscount>
      <ItemStatus>1</ItemStatus>
      <ItemId>225068</ItemId>
    </Item>
    <Item>
      <PriceUpdateDate>2015-01-01 00:00:00</PriceUpdateDate>
      <ItemCode>7290100700372</ItemCode>
      <ItemType>0</ItemType>
      <ItemName>אורז בסמטי מלא 1 קג</ItemName>
      <ManufacturerName>סוגת תעשיות בעמ</ManufacturerName>
      <ManufactureCountry>ישראל</ManufactureCountry>
      <ManufacturerItemDescription>אורז בסמטי מלא 1 קג</ManufacturerItemDescription>
      <UnitQty>קילוגרמים</UnitQty>
      <Quantity>1.00</Quantity>
      <UnitOfMeasure>ק"ג     </UnitOfMeasure>
      <bIsWeighted>0</bIsWeighted>
      <QtyInPackage>1</QtyInPackage>
      <ItemPrice>14.90</ItemPrice>
      <UnitOfMeasurePrice>14.9000</UnitOfMeasurePrice>
      <AllowDiscount>1</AllowDiscount>
      <ItemStatus>1</ItemStatus>
      <ItemId>225076</ItemId>
    </Item>
    <Item>
      <PriceUpdateDate>2016-01-12 12:27:05</PriceUpdateDate>
      <ItemCode>7290100850909</ItemCode>
      <ItemType>0</ItemType>
      <ItemName>דוריטוס נאצו מקסיקני</ItemName>
      <ManufacturerName>שטראוס</ManufacturerName>
      <ManufactureCountry>ישראל</ManufactureCountry>
      <ManufacturerItemDescription>דוריטוס נאצו מקסיקני 70 גרם בית יוסף</ManufacturerItemDescription>
      <UnitQty>גרמים</UnitQty>
      <Quantity>70.00</Quantity>
      <UnitOfMeasure>100 גרם</UnitOfMeasure>
      <bIsWeighted>0</bIsWeighted>
      <QtyInPackage>1</QtyInPackage>
      <ItemPrice>3.20</ItemPrice>
      <UnitOfMeasurePrice>4.5714</UnitOfMeasurePrice>
      <AllowDiscount>1</AllowDiscount>
      <ItemStatus>1</ItemStatus>
      <ItemId>225079</ItemId>
    </Item>
    <Item>
      <PriceUpdateDate>2016-01-12 12:27:12</PriceUpdateDate>
      <ItemCode>7290100850916</ItemCode>
      <ItemType>0</ItemType>
      <ItemName>דוריטוס חמוץ חריף 70</ItemName>
      <ManufacturerName>שטראוס</ManufacturerName>
      <ManufactureCountry>ישראל</ManufactureCountry>
      <ManufacturerItemDescription>דוריטוס חמוץ חריף 70 גרם</ManufacturerItemDescription>
      <UnitQty>גרמים</UnitQty>
      <Quantity>70.00</Quantity>
      <UnitOfMeasure>100 גרם</UnitOfMeasure>
      <bIsWeighted>0</bIsWeighted>
      <QtyInPackage>1</QtyInPackage>
      <ItemPrice>3.20</ItemPrice>
      <UnitOfMeasurePrice>4.5714</UnitOfMeasurePrice>
      <AllowDiscount>1</AllowDiscount>
      <ItemStatus>1</ItemStatus>
      <ItemId>225080</ItemId>
    </Item>
    <Item>
      <PriceUpdateDate>2016-01-12 12:27:20</PriceUpdateDate>
      <ItemCode>7290100850923</ItemCode>
      <ItemType>0</ItemType>
      <ItemName>דוריטוס גריל 70 גרם</ItemName>
      <ManufacturerName>שטראוס</ManufacturerName>
      <ManufactureCountry>ישראל</ManufactureCountry>
      <ManufacturerItemDescription>דוריטוס גריל 70 גרם</ManufacturerItemDescription>
      <UnitQty>גרמים</UnitQty>
      <Quantity>70.00</Quantity>
      <UnitOfMeasure>100 גרם</UnitOfMeasure>
      <bIsWeighted>0</bIsWeighted>
      <QtyInPackage>1</QtyInPackage>
      <ItemPrice>3.20</ItemPrice>
      <UnitOfMeasurePrice>4.5714</UnitOfMeasurePrice>
      <AllowDiscount>1</AllowDiscount>
      <ItemStatus>1</ItemStatus>
      <ItemId>225081</ItemId>
    </Item>
    <Item>
      <PriceUpdateDate>2016-01-12 12:27:31</PriceUpdateDate>
      <ItemCode>7290100850930</ItemCode>
      <ItemType>0</ItemType>
      <ItemName>דוריטוס טבעי 70 גרם</ItemName>
      <ManufacturerName>שטראוס</ManufacturerName>
      <ManufactureCountry>ישראל</ManufactureCountry>
      <ManufacturerItemDescription>דוריטוס טבעי 70 גרם</ManufacturerItemDescription>
      <UnitQty>גרמים</UnitQty>
      <Quantity>70.00</Quantity>
      <UnitOfMeasure>100 גרם</UnitOfMeasure>
      <bIsWeighted>0</bIsWeighted>
      <QtyInPackage>1</QtyInPackage>
      <ItemPrice>3.20</ItemPrice>
      <UnitOfMeasurePrice>4.5714</UnitOfMeasurePrice>
      <AllowDiscount>1</AllowDiscount>
      <ItemStatus>1</ItemStatus>
      <ItemId>225082</ItemId>
    </Item>
    <Item>
      <PriceUpdateDate>2015-09-21 08:44:42</PriceUpdateDate>
      <ItemCode>7290100853047</ItemCode>
      <ItemType>0</ItemType>
      <ItemName>שוקולד חלב אוורירי מ</ItemName>
      <ManufacturerName>,</ManufacturerName>
      <ManufactureCountry>לא ידוע</ManufactureCountry>
      <ManufacturerItemDescription>שוקולד חלב אוורירי מגדים 85 גרם</ManufacturerItemDescription>
      <UnitQty>גרמים</UnitQty>
      <Quantity>100.00</Quantity>
      <UnitOfMeasure>100 גרם</UnitOfMeasure>
      <bIsWeighted>0</bIsWeighted>
      <QtyInPackage>1</QtyInPackage>
      <ItemPrice>4.90</ItemPrice>
      <UnitOfMeasurePrice>4.9000</UnitOfMeasurePrice>
      <AllowDiscount>1</AllowDiscount>
      <ItemStatus>1</ItemStatus>
      <ItemId>225084</ItemId>
    </Item>
    <Item>
      <PriceUpdateDate>2015-11-01 10:54:16</PriceUpdateDate>
      <ItemCode>7290106572027</ItemCode>
      <ItemType>0</ItemType>
      <ItemName>לחמית חמישה דגנים</ItemName>
      <ManufacturerName>אסם</ManufacturerName>
      <ManufactureCountry>לא ידוע</ManufactureCountry>
      <ManufacturerItemDescription>לחמית חמישה דגנים 200 גרם</ManufacturerItemDescription>
      <UnitQty>גרמים</UnitQty>
      <Quantity>200.00</Quantity>
      <UnitOfMeasure>100 גרם</UnitOfMeasure>
      <bIsWeighted>0</bIsWeighted>
      <QtyInPackage>1</QtyInPackage>
      <ItemPrice>7.90</ItemPrice>
      <UnitOfMeasurePrice>3.9500</UnitOfMeasurePrice>
      <AllowDiscount>1</AllowDiscount>
      <ItemStatus>1</ItemStatus>
      <ItemId>244129</ItemId>
    </Item>
    <Item>
      <PriceUpdateDate>2015-09-21 08:44:42</PriceUpdateDate>
      <ItemCode>7290100853054</ItemCode>
      <ItemType>0</ItemType>
      <ItemName>שוקולד מריר אוורירי</ItemName>
      <ManufacturerName>,</ManufacturerName>
      <ManufactureCountry>לא ידוע</ManufactureCountry>
      <ManufacturerItemDescription>שוקולד מריר אוורירי מגדים 85 גרם</ManufacturerItemDescription>
      <UnitQty>גרמים</UnitQty>
      <Quantity>100.00</Quantity>
      <UnitOfMeasure>100 גרם</UnitOfMeasure>
      <bIsWeighted>0</bIsWeighted>
      <QtyInPackage>1</QtyInPackage>
      <ItemPrice>4.90</ItemPrice>
      <UnitOfMeasurePrice>4.9000</UnitOfMeasurePrice>
      <AllowDiscount>1</AllowDiscount>
      <ItemStatus>1</ItemStatus>
      <ItemId>225085</ItemId>
    </Item>
    <Item>
      <PriceUpdateDate>2016-03-14 12:15:52</PriceUpdateDate>
      <ItemCode>7290015347709</ItemCode>
      <ItemType>1</ItemType>
      <ItemName>אגוז מוסקט 70 גרם צנ</ItemName>
      <ManufacturerName>,</ManufacturerName>
      <ManufactureCountry>לא ידוע</ManufactureCountry>
      <ManufacturerItemDescription>אגוז מוסקט 70 גרם צנצנת</ManufacturerItemDescription>
      <UnitQty>גרמים</UnitQty>
      <Quantity>70.00</Quantity>
      <UnitOfMeasure>100 גרם</UnitOfMeasure>
      <bIsWeighted>0</bIsWeighted>
      <QtyInPackage>1</QtyInPackage>
      <ItemPrice>9.90</ItemPrice>
      <UnitOfMeasurePrice>14.1429</UnitOfMeasurePrice>
      <AllowDiscount>1</AllowDiscount>
      <ItemStatus>1</ItemStatus>
      <ItemId>267359</ItemId>
    </Item>
    <Item>
      <PriceUpdateDate>2015-09-21 08:44:42</PriceUpdateDate>
      <ItemCode>7290100854754</ItemCode>
      <ItemType>0</ItemType>
      <ItemName>שוקולד עדשים מגדים 1</ItemName>
      <ManufacturerName>עלית</ManufacturerName>
      <ManufactureCountry>לא ידוע</ManufactureCountry>
      <ManufacturerItemDescription>שוקולד עדשים מגדים 100 גרם</ManufacturerItemDescription>
      <UnitQty>גרמים</UnitQty>
      <Quantity>100.00</Quantity>
      <UnitOfMeasure>100 גרם</UnitOfMeasure>
      <bIsWeighted>0</bIsWeighted>
      <QtyInPackage>1</QtyInPackage>
      <ItemPrice>4.90</ItemPrice>
      <UnitOfMeasurePrice>4.9000</UnitOfMeasurePrice>
      <AllowDiscount>1</AllowDiscount>
      <ItemStatus>1</ItemStatus>
      <ItemId>225087</ItemId>
    </Item>
    <Item>
      <PriceUpdateDate>2015-07-16 11:50:50</PriceUpdateDate>
      <ItemCode>4120214</ItemCode>
      <ItemType>0</ItemType>
      <ItemName>שוקו שוק בשקית 150 מ</ItemName>
      <ManufacturerName>תנובה מרכז שיתופי לש</ManufacturerName>
      <ManufactureCountry>ישראל</ManufactureCountry>
      <ManufacturerItemDescription>שוקו שוק בשקית 150 מ"ל</ManufacturerItemDescription>
      <UnitQty>מיליליטרים</UnitQty>
      <Quantity>150.00</Quantity>
      <UnitOfMeasure>100 מ"ל</UnitOfMeasure>
      <bIsWeighted>0</bIsWeighted>
      <QtyInPackage>1</QtyInPackage>
      <ItemPrice>1.80</ItemPrice>
      <UnitOfMeasurePrice>1.2000</UnitOfMeasurePrice>
      <AllowDiscount>1</AllowDiscount>
      <ItemStatus>1</ItemStatus>
      <ItemId>264633</ItemId>
    </Item>
    <Item>
      <PriceUpdateDate>2016-06-22 10:35:34</PriceUpdateDate>
      <ItemCode>7290016006209</ItemCode>
      <ItemType>0</ItemType>
      <ItemName>ספרינג ליצי גויאבה 1</ItemName>
      <ManufacturerName>יפאורה תבורי</ManufacturerName>
      <ManufactureCountry>לא ידוע</ManufactureCountry>
      <ManufacturerItemDescription>ספרינג ליצי גויאבה 1.5 ליטר</ManufacturerItemDescription>
      <UnitQty>ליטרים</UnitQty>
      <Quantity>1.50</Quantity>
      <UnitOfMeasure>ליטר    </UnitOfMeasure>
      <bIsWeighted>0</bIsWeighted>
      <QtyInPackage>1</QtyInPackage>
      <ItemPrice>5.90</ItemPrice>
      <UnitOfMeasurePrice>3.9333</UnitOfMeasurePrice>
      <AllowDiscount>1</AllowDiscount>
      <ItemStatus>1</ItemStatus>
      <ItemId>268579</ItemId>
    </Item>
    <Item>
      <PriceUpdateDate>2015-09-21 08:44:42</PriceUpdateDate>
      <ItemCode>7290100858608</ItemCode>
      <ItemType>0</ItemType>
      <ItemName>קקאו עלית 500 גרם</ItemName>
      <ManufacturerName>שטראוס</ManufacturerName>
      <ManufactureCountry>ישראל</ManufactureCountry>
      <ManufacturerItemDescription>קקאו עלית 500 גרם</ManufacturerItemDescription>
      <UnitQty>גרמים</UnitQty>
      <Quantity>500.00</Quantity>
      <UnitOfMeasure>100 גרם</UnitOfMeasure>
      <bIsWeighted>0</bIsWeighted>
      <QtyInPackage>1</QtyInPackage>
      <ItemPrice>24.90</ItemPrice>
      <UnitOfMeasurePrice>4.9800</UnitOfMeasurePrice>
      <AllowDiscount>1</AllowDiscount>
      <ItemStatus>1</ItemStatus>
      <ItemId>225092</ItemId>
    </Item>
    <Item>
      <PriceUpdateDate>2015-09-21 08:44:42</PriceUpdateDate>
      <ItemCode>7290102032334</ItemCode>
      <ItemType>0</ItemType>
      <ItemName>קפה נמס וניל 200 גרם</ItemName>
      <ManufacturerName>עלית</ManufacturerName>
      <ManufactureCountry>לא ידוע</ManufactureCountry>
      <ManufacturerItemDescription>קפה נמס וניל 200 גרם</ManufacturerItemDescription>
      <UnitQty>גרמים</UnitQty>
      <Quantity>200.00</Quantity>
      <UnitOfMeasure>100 גרם</UnitOfMeasure>
      <bIsWeighted>0</bIsWeighted>
      <QtyInPackage>1</QtyInPackage>
      <ItemPrice>19.90</ItemPrice>
      <UnitOfMeasurePrice>9.9500</UnitOfMeasurePrice>
      <AllowDiscount>1</AllowDiscount>
      <ItemStatus>1</ItemStatus>
      <ItemId>225102</ItemId>
    </Item>
    <Item>
      <PriceUpdateDate>2016-06-01 17:41:07</PriceUpdateDate>
      <ItemCode>8714599513910</ItemCode>
      <ItemType>0</ItemType>
      <ItemName>קפה גיקובס קרוננג מי</ItemName>
      <ManufacturerName>גייקובס</ManufacturerName>
      <ManufactureCountry>לא ידוע</ManufactureCountry>
      <ManufacturerItemDescription>קפה גיקובס קרוננג מיובש בהקפאה 400 גרם</ManufacturerItemDescription>
      <UnitQty>גרמים</UnitQty>
      <Quantity>400.00</Quantity>
      <UnitOfMeasure>100 גרם</UnitOfMeasure>
      <bIsWeighted>0</bIsWeighted>
      <QtyInPackage>1</QtyInPackage>
      <ItemPrice>35.90</ItemPrice>
      <UnitOfMeasurePrice>8.9750</UnitOfMeasurePrice>
      <AllowDiscount>1</AllowDiscount>
      <ItemStatus>1</ItemStatus>
      <ItemId>268352</ItemId>
    </Item>
    <Item>
      <PriceUpdateDate>2015-01-01 00:00:00</PriceUpdateDate>
      <ItemCode>7290102390427</ItemCode>
      <ItemType>0</ItemType>
      <ItemName>מולר פרופ פרי תות 15</ItemName>
      <ManufacturerName>טרה</ManufacturerName>
      <ManufactureCountry>לא ידוע</ManufactureCountry>
      <ManufacturerItemDescription>מולר פרופ פרי תות 150 מ"ל</ManufacturerItemDescription>
      <UnitQty>מיליליטרים</UnitQty>
      <Quantity>150.00</Quantity>
      <UnitOfMeasure>100 מ"ל</UnitOfMeasure>
      <bIsWeighted>0</bIsWeighted>
      <QtyInPackage>1</QtyInPackage>
      <ItemPrice>4.80</ItemPrice>
      <UnitOfMeasurePrice>3.2000</UnitOfMeasurePrice>
      <AllowDiscount>1</AllowDiscount>
      <ItemStatus>1</ItemStatus>
      <ItemId>225109</ItemId>
    </Item>
    <Item>
      <PriceUpdateDate>2015-01-01 00:00:00</PriceUpdateDate>
      <ItemCode>7290102390465</ItemCode>
      <ItemType>0</ItemType>
      <ItemName>מולר פרופ פרי אפרסק</ItemName>
      <ManufacturerName>טרה</ManufacturerName>
      <ManufactureCountry>לא ידוע</ManufactureCountry>
      <ManufacturerItemDescription>מולר פרופ פרי אפרסק ופסיפלורה 150 גרם</ManufacturerItemDescription>
      <UnitQty>מיליליטרים</UnitQty>
      <Quantity>150.00</Quantity>
      <UnitOfMeasure>100 מ"ל</UnitOfMeasure>
      <bIsWeighted>0</bIsWeighted>
      <QtyInPackage>1</QtyInPackage>
      <ItemPrice>4.80</ItemPrice>
      <UnitOfMeasurePrice>3.2000</UnitOfMeasurePrice>
      <AllowDiscount>1</AllowDiscount>
      <ItemStatus>1</ItemStatus>
      <ItemId>225111</ItemId>
    </Item>
    <Item>
      <PriceUpdateDate>2015-01-01 00:00:00</PriceUpdateDate>
      <ItemCode>7290103150198</ItemCode>
      <ItemType>0</ItemType>
      <ItemName>מגש אובלי זהב 25 יח</ItemName>
      <ManufacturerName>ב פ תעשיות</ManufacturerName>
      <ManufactureCountry>לא ידוע</ManufactureCountry>
      <ManufacturerItemDescription>מגש אובלי זהב 25 יח</ManufacturerItemDescription>
      <UnitQty>Unknown </UnitQty>
      <Quantity>0.00</Quantity>
      <UnitOfMeasure>Unknown </UnitOfMeasure>
      <bIsWeighted>0</bIsWeighted>
      <QtyInPackage>1</QtyInPackage>
      <ItemPrice>14.90</ItemPrice>
      <UnitOfMeasurePrice>0.0000</UnitOfMeasurePrice>
      <AllowDiscount>1</AllowDiscount>
      <ItemStatus>1</ItemStatus>
      <ItemId>225121</ItemId>
    </Item>
    <Item>
      <PriceUpdateDate>2015-01-01 00:00:00</PriceUpdateDate>
      <ItemCode>7290103150242</ItemCode>
      <ItemType>0</ItemType>
      <ItemName>צלחות גדול קרם 50 יח</ItemName>
      <ManufacturerName>ב פ תעשיות</ManufacturerName>
      <ManufactureCountry>לא ידוע</ManufactureCountry>
      <ManufacturerItemDescription>צלחות גדול קרם 50 יח</ManufacturerItemDescription>
      <UnitQty>Unknown </UnitQty>
      <Quantity>0.00</Quantity>
      <UnitOfMeasure>Unknown </UnitOfMeasure>
      <bIsWeighted>0</bIsWeighted>
      <QtyInPackage>1</QtyInPackage>
      <ItemPrice>17.90</ItemPrice>
      <UnitOfMeasurePrice>0.0000</UnitOfMeasurePrice>
      <AllowDiscount>1</AllowDiscount>
      <ItemStatus>1</ItemStatus>
      <ItemId>225122</ItemId>
    </Item>
    <Item>
      <PriceUpdateDate>2015-01-01 00:00:00</PriceUpdateDate>
      <ItemCode>7290103150259</ItemCode>
      <ItemType>0</ItemType>
      <ItemName>צלחות ענק קרם 25 יח</ItemName>
      <ManufacturerName>ב פ תעשיות</ManufacturerName>
      <ManufactureCountry>לא ידוע</ManufactureCountry>
      <ManufacturerItemDescription>צלחות ענק קרם 25 יח</ManufacturerItemDescription>
      <UnitQty>Unknown </UnitQty>
      <Quantity>0.00</Quantity>
      <UnitOfMeasure>Unknown </UnitOfMeasure>
      <bIsWeighted>0</bIsWeighted>
      <QtyInPackage>1</QtyInPackage>
      <ItemPrice>14.90</ItemPrice>
      <UnitOfMeasurePrice>0.0000</UnitOfMeasurePrice>
      <AllowDiscount>1</AllowDiscount>
      <ItemStatus>1</ItemStatus>
      <ItemId>225123</ItemId>
    </Item>
    <Item>
      <PriceUpdateDate>2015-01-01 00:00:00</PriceUpdateDate>
      <ItemCode>7290103150280</ItemCode>
      <ItemType>0</ItemType>
      <ItemName>מגש אובלי קרם 25 יח</ItemName>
      <ManufacturerName>ב פ תעשיות</ManufacturerName>
      <ManufactureCountry>לא ידוע</ManufactureCountry>
      <ManufacturerItemDescription>מגש אובלי קרם 25 יח</ManufacturerItemDescription>
      <UnitQty>Unknown </UnitQty>
      <Quantity>0.00</Quantity>
      <UnitOfMeasure>Unknown </UnitOfMeasure>
      <bIsWeighted>0</bIsWeighted>
      <QtyInPackage>1</QtyInPackage>
      <ItemPrice>14.90</ItemPrice>
      <UnitOfMeasurePrice>0.0000</UnitOfMeasurePrice>
      <AllowDiscount>1</AllowDiscount>
      <ItemStatus>1</ItemStatus>
      <ItemId>225124</ItemId>
    </Item>
    <Item>
      <PriceUpdateDate>2015-01-01 00:00:00</PriceUpdateDate>
      <ItemCode>7290103150426</ItemCode>
      <ItemType>0</ItemType>
      <ItemName>צלחות גדול בורדו 50</ItemName>
      <ManufacturerName>סאם גלובאל</ManufacturerName>
      <ManufactureCountry>לא ידוע</ManufactureCountry>
      <ManufacturerItemDescription>צלחות גדול בורדו 50 יח</ManufacturerItemDescription>
      <UnitQty>Unknown </UnitQty>
      <Quantity>0.00</Quantity>
      <UnitOfMeasure>Unknown </UnitOfMeasure>
      <bIsWeighted>0</bIsWeighted>
      <QtyInPackage>1</QtyInPackage>
      <ItemPrice>17.90</ItemPrice>
      <UnitOfMeasurePrice>0.0000</UnitOfMeasurePrice>
      <AllowDiscount>1</AllowDiscount>
      <ItemStatus>1</ItemStatus>
      <ItemId>225125</ItemId>
    </Item>
    <Item>
      <PriceUpdateDate>2015-09-21 08:15:31</PriceUpdateDate>
      <ItemCode>72913</ItemCode>
      <ItemType>0</ItemType>
      <ItemName>רוטב שום לייט 290 מ"</ItemName>
      <ManufacturerName>אסם</ManufacturerName>
      <ManufactureCountry>לא ידוע</ManufactureCountry>
      <ManufacturerItemDescription>רוטב שום לייט 290 מ"ל</ManufacturerItemDescription>
      <UnitQty>מיליליטרים</UnitQty>
      <Quantity>290.00</Quantity>
      <UnitOfMeasure>100 מ"ל</UnitOfMeasure>
      <bIsWeighted>0</bIsWeighted>
      <QtyInPackage>1</QtyInPackage>
      <ItemPrice>9.90</ItemPrice>
      <UnitOfMeasurePrice>3.4138</UnitOfMeasurePrice>
      <AllowDiscount>1</AllowDiscount>
      <ItemStatus>1</ItemStatus>
      <ItemId>225130</ItemId>
    </Item>
    <Item>
      <PriceUpdateDate>2015-01-01 00:00:00</PriceUpdateDate>
      <ItemCode>72940754</ItemCode>
      <ItemType>0</ItemType>
      <ItemName>מעדן מילקי מעדן וניל</ItemName>
      <ManufacturerName>שטראוס</ManufacturerName>
      <ManufactureCountry>לא ידוע</ManufactureCountry>
      <ManufacturerItemDescription>מילקי מעדן וניל 170 מ"ל</ManufacturerItemDescription>
      <UnitQty>מיליליטרים</UnitQty>
      <Quantity>170.00</Quantity>
      <UnitOfMeasure>100 מ"ל</UnitOfMeasure>
      <bIsWeighted>0</bIsWeighted>
      <QtyInPackage>1</QtyInPackage>
      <ItemPrice>2.80</ItemPrice>
      <UnitOfMeasurePrice>1.6471</UnitOfMeasurePrice>
      <AllowDiscount>1</AllowDiscount>
      <ItemStatus>1</ItemStatus>
      <ItemId>225131</ItemId>
    </Item>
    <Item>
      <PriceUpdateDate>2015-01-01 00:00:00</PriceUpdateDate>
      <ItemCode>72940761</ItemCode>
      <ItemType>0</ItemType>
      <ItemName>מעדן מילקי שוקו 170</ItemName>
      <ManufacturerName>שטראוס</ManufacturerName>
      <ManufactureCountry>לא ידוע</ManufactureCountry>
      <ManufacturerItemDescription>מעדן מילקי מעדן שוקו 170 מ"ל מהדרין</ManufacturerItemDescription>
      <UnitQty>מיליליטרים</UnitQty>
      <Quantity>130.00</Quantity>
      <UnitOfMeasure>100 מ"ל</UnitOfMeasure>
      <bIsWeighted>0</bIsWeighted>
      <QtyInPackage>1</QtyInPackage>
      <ItemPrice>2.80</ItemPrice>
      <UnitOfMeasurePrice>2.1538</UnitOfMeasurePrice>
      <AllowDiscount>1</AllowDiscount>
      <ItemStatus>1</ItemStatus>
      <ItemId>225132</ItemId>
    </Item>
    <Item>
      <PriceUpdateDate>2015-01-01 00:00:00</PriceUpdateDate>
      <ItemCode>72945308</ItemCode>
      <ItemType>0</ItemType>
      <ItemName>קוביות שמרים לחים אפ</ItemName>
      <ManufacturerName>פאקא תעשיות בעמ</ManufacturerName>
      <ManufactureCountry>ישראל</ManufactureCountry>
      <ManufacturerItemDescription>קוביות שמרים לחים אפיה 50 גרם</ManufacturerItemDescription>
      <UnitQty>גרמים</UnitQty>
      <Quantity>50.00</Quantity>
      <UnitOfMeasure>100 גרם</UnitOfMeasure>
      <bIsWeighted>0</bIsWeighted>
      <QtyInPackage>1</QtyInPackage>
      <ItemPrice>2.90</ItemPrice>
      <UnitOfMeasurePrice>5.8000</UnitOfMeasurePrice>
      <AllowDiscount>1</AllowDiscount>
      <ItemStatus>1</ItemStatus>
      <ItemId>225134</ItemId>
    </Item>
    <Item>
      <PriceUpdateDate>2015-07-08 16:03:23</PriceUpdateDate>
      <ItemCode>72961209</ItemCode>
      <ItemType>0</ItemType>
      <ItemName>שמנת 200 מ"ל</ItemName>
      <ManufacturerName>תנובה מרכז שיתופי לש</ManufacturerName>
      <ManufactureCountry>לא ידוע</ManufactureCountry>
      <ManufacturerItemDescription>שמנת 200 מ"ל</ManufacturerItemDescription>
      <UnitQty>מיליליטרים</UnitQty>
      <Quantity>200.00</Quantity>
      <UnitOfMeasure>100 מ"ל</UnitOfMeasure>
      <bIsWeighted>0</bIsWeighted>
      <QtyInPackage>1</QtyInPackage>
      <ItemPrice>2.20</ItemPrice>
      <UnitOfMeasurePrice>1.1000</UnitOfMeasurePrice>
      <AllowDiscount>1</AllowDiscount>
      <ItemStatus>1</ItemStatus>
      <ItemId>225137</ItemId>
    </Item>
    <Item>
      <PriceUpdateDate>2015-10-01 08:18:53</PriceUpdateDate>
      <ItemCode>72961216</ItemCode>
      <ItemType>0</ItemType>
      <ItemName>אשד 200 מל</ItemName>
      <ManufacturerName>תנובה מרכז שיתופי לש</ManufacturerName>
      <ManufactureCountry>לא ידוע</ManufactureCountry>
      <ManufacturerItemDescription>אשד 200 מ"ל</ManufacturerItemDescription>
      <UnitQty>מיליליטרים</UnitQty>
      <Quantity>200.00</Quantity>
      <UnitOfMeasure>100 מ"ל</UnitOfMeasure>
      <bIsWeighted>0</bIsWeighted>
      <QtyInPackage>1</QtyInPackage>
      <ItemPrice>1.50</ItemPrice>
      <UnitOfMeasurePrice>0.7500</UnitOfMeasurePrice>
      <AllowDiscount>1</AllowDiscount>
      <ItemStatus>1</ItemStatus>
      <ItemId>225138</ItemId>
    </Item>
    <Item>
      <PriceUpdateDate>2016-02-11 13:41:44</PriceUpdateDate>
      <ItemCode>72961223</ItemCode>
      <ItemType>0</ItemType>
      <ItemName>גילה 200 מל</ItemName>
      <ManufacturerName>תנובה מרכז שיתופי לש</ManufacturerName>
      <ManufactureCountry>לא ידוע</ManufactureCountry>
      <ManufacturerItemDescription>גילה 200 מ"ל</ManufacturerItemDescription>
      <UnitQty>מיליליטרים</UnitQty>
      <Quantity>200.00</Quantity>
      <UnitOfMeasure>100 מ"ל</UnitOfMeasure>
      <bIsWeighted>0</bIsWeighted>
      <QtyInPackage>1</QtyInPackage>
      <ItemPrice>1.30</ItemPrice>
      <UnitOfMeasurePrice>0.6500</UnitOfMeasurePrice>
      <AllowDiscount>1</AllowDiscount>
      <ItemStatus>1</ItemStatus>
      <ItemId>225139</ItemId>
    </Item>
    <Item>
      <PriceUpdateDate>2015-01-01 00:00:00</PriceUpdateDate>
      <ItemCode>7296146007819</ItemCode>
      <ItemType>0</ItemType>
      <ItemName>פתילייט 50 יח</ItemName>
      <ManufacturerName>,</ManufacturerName>
      <ManufactureCountry>לא ידוע</ManufactureCountry>
      <ManufacturerItemDescription>פתילייט 50 יח</ManufacturerItemDescription>
      <UnitQty>Unknown </UnitQty>
      <Quantity>0.00</Quantity>
      <UnitOfMeasure>Unknown </UnitOfMeasure>
      <bIsWeighted>0</bIsWeighted>
      <QtyInPackage>1</QtyInPackage>
      <ItemPrice>1.90</ItemPrice>
      <UnitOfMeasurePrice>0.0000</UnitOfMeasurePrice>
      <AllowDiscount>1</AllowDiscount>
      <ItemStatus>1</ItemStatus>
      <ItemId>225141</ItemId>
    </Item>
    <Item>
      <PriceUpdateDate>2015-01-01 00:00:00</PriceUpdateDate>
      <ItemCode>7296146077775</ItemCode>
      <ItemType>0</ItemType>
      <ItemName>פתיל צף משושים</ItemName>
      <ManufacturerName>,</ManufacturerName>
      <ManufactureCountry>לא ידוע</ManufactureCountry>
      <ManufacturerItemDescription>פתיל צף משושים</ManufacturerItemDescription>
      <UnitQty>Unknown </UnitQty>
      <Quantity>0.00</Quantity>
      <UnitOfMeasure>Unknown </UnitOfMeasure>
      <bIsWeighted>0</bIsWeighted>
      <QtyInPackage>1</QtyInPackage>
      <ItemPrice>2.90</ItemPrice>
      <UnitOfMeasurePrice>0.0000</UnitOfMeasurePrice>
      <AllowDiscount>1</AllowDiscount>
      <ItemStatus>1</ItemStatus>
      <ItemId>225142</ItemId>
    </Item>
    <Item>
      <PriceUpdateDate>2015-01-01 00:00:00</PriceUpdateDate>
      <ItemCode>7296146077799</ItemCode>
      <ItemType>0</ItemType>
      <ItemName>פתילונר</ItemName>
      <ManufacturerName>,</ManufacturerName>
      <ManufactureCountry>לא ידוע</ManufactureCountry>
      <ManufacturerItemDescription>פתילונר</ManufacturerItemDescription>
      <UnitQty>Unknown </UnitQty>
      <Quantity>0.00</Quantity>
      <UnitOfMeasure>Unknown </UnitOfMeasure>
      <bIsWeighted>0</bIsWeighted>
      <QtyInPackage>1</QtyInPackage>
      <ItemPrice>1.90</ItemPrice>
      <UnitOfMeasurePrice>0.0000</UnitOfMeasurePrice>
      <AllowDiscount>1</AllowDiscount>
      <ItemStatus>1</ItemStatus>
      <ItemId>225143</ItemId>
    </Item>
    <Item>
      <PriceUpdateDate>2015-01-01 00:00:00</PriceUpdateDate>
      <ItemCode>7296146078246</ItemCode>
      <ItemType>0</ItemType>
      <ItemName>זוג הידורית + פתיל</ItemName>
      <ManufacturerName>,</ManufacturerName>
      <ManufactureCountry>לא ידוע</ManufactureCountry>
      <ManufacturerItemDescription>זוג הידורית + פתיל</ManufacturerItemDescription>
      <UnitQty>Unknown </UnitQty>
      <Quantity>0.00</Quantity>
      <UnitOfMeasure>Unknown </UnitOfMeasure>
      <bIsWeighted>0</bIsWeighted>
      <QtyInPackage>1</QtyInPackage>
      <ItemPrice>27.90</ItemPrice>
      <UnitOfMeasurePrice>0.0000</UnitOfMeasurePrice>
      <AllowDiscount>1</AllowDiscount>
      <ItemStatus>1</ItemStatus>
      <ItemId>225146</ItemId>
    </Item>
    <Item>
      <PriceUpdateDate>2015-01-01 00:00:00</PriceUpdateDate>
      <ItemCode>72961506</ItemCode>
      <ItemType>0</ItemType>
      <ItemName>פרילי תות 125 מל</ItemName>
      <ManufacturerName>תנובה מרכז שיתופי לש</ManufacturerName>
      <ManufactureCountry>לא ידוע</ManufactureCountry>
      <ManufacturerItemDescription>פרילי תות 125 מ"ל</ManufacturerItemDescription>
      <UnitQty>מיליליטרים</UnitQty>
      <Quantity>125.00</Quantity>
      <UnitOfMeasure>100 מ"ל</UnitOfMeasure>
      <bIsWeighted>0</bIsWeighted>
      <QtyInPackage>1</QtyInPackage>
      <ItemPrice>3.30</ItemPrice>
      <UnitOfMeasurePrice>2.6400</UnitOfMeasurePrice>
      <AllowDiscount>1</AllowDiscount>
      <ItemStatus>1</ItemStatus>
      <ItemId>225147</ItemId>
    </Item>
    <Item>
      <PriceUpdateDate>2016-01-24 11:50:48</PriceUpdateDate>
      <ItemCode>25675265011</ItemCode>
      <ItemType>1</ItemType>
      <ItemName>עוגיות סנדוויץ שוקול</ItemName>
      <ManufacturerName>,</ManufacturerName>
      <ManufactureCountry>לא ידוע</ManufactureCountry>
      <ManufacturerItemDescription>עוגיות סנדוויץ שוקולד פשקעס 454 גרם</ManufacturerItemDescription>
      <UnitQty>גרמים</UnitQty>
      <Quantity>454.00</Quantity>
      <UnitOfMeasure>100 גרם</UnitOfMeasure>
      <bIsWeighted>0</bIsWeighted>
      <QtyInPackage>1</QtyInPackage>
      <ItemPrice>7.90</ItemPrice>
      <UnitOfMeasurePrice>1.7401</UnitOfMeasurePrice>
      <AllowDiscount>1</AllowDiscount>
      <ItemStatus>1</ItemStatus>
      <ItemId>266637</ItemId>
    </Item>
    <Item>
      <PriceUpdateDate>2015-01-01 00:00:00</PriceUpdateDate>
      <ItemCode>72961513</ItemCode>
      <ItemType>0</ItemType>
      <ItemName>פרילי משמש 125 מל</ItemName>
      <ManufacturerName>תנובה</ManufacturerName>
      <ManufactureCountry>לא ידוע</ManufactureCountry>
      <ManufacturerItemDescription>פרילי משמש 125 מ"ל</ManufacturerItemDescription>
      <UnitQty>מיליליטרים</UnitQty>
      <Quantity>125.00</Quantity>
      <UnitOfMeasure>100 מ"ל</UnitOfMeasure>
      <bIsWeighted>0</bIsWeighted>
      <QtyInPackage>1</QtyInPackage>
      <ItemPrice>3.30</ItemPrice>
      <UnitOfMeasurePrice>2.6400</UnitOfMeasurePrice>
      <AllowDiscount>1</AllowDiscount>
      <ItemStatus>1</ItemStatus>
      <ItemId>225148</ItemId>
    </Item>
    <Item>
      <PriceUpdateDate>2015-01-01 00:00:00</PriceUpdateDate>
      <ItemCode>72961520</ItemCode>
      <ItemType>0</ItemType>
      <ItemName>פרילי אננס 125 מל</ItemName>
      <ManufacturerName>תנובה מרכז שיתופי לש</ManufacturerName>
      <ManufactureCountry>לא ידוע</ManufactureCountry>
      <ManufacturerItemDescription>פרילי אננס 125 מ"ל</ManufacturerItemDescription>
      <UnitQty>מיליליטרים</UnitQty>
      <Quantity>125.00</Quantity>
      <UnitOfMeasure>100 מ"ל</UnitOfMeasure>
      <bIsWeighted>0</bIsWeighted>
      <QtyInPackage>1</QtyInPackage>
      <ItemPrice>3.30</ItemPrice>
      <UnitOfMeasurePrice>2.6400</UnitOfMeasurePrice>
      <AllowDiscount>1</AllowDiscount>
      <ItemStatus>1</ItemStatus>
      <ItemId>225149</ItemId>
    </Item>
    <Item>
      <PriceUpdateDate>2015-01-01 00:00:00</PriceUpdateDate>
      <ItemCode>72961834</ItemCode>
      <ItemType>0</ItemType>
      <ItemName>באדי אפרסק 125 מ"ל</ItemName>
      <ManufacturerName>תנובה מרכז שיתופי לש</ManufacturerName>
      <ManufactureCountry>לא ידוע</ManufactureCountry>
      <ManufacturerItemDescription>באדי אפרסק 125 מ"ל</ManufacturerItemDescription>
      <UnitQty>מיליליטרים</UnitQty>
      <Quantity>125.00</Quantity>
      <UnitOfMeasure>100 מ"ל</UnitOfMeasure>
      <bIsWeighted>0</bIsWeighted>
      <QtyInPackage>1</QtyInPackage>
      <ItemPrice>1.90</ItemPrice>
      <UnitOfMeasurePrice>1.5200</UnitOfMeasurePrice>
      <AllowDiscount>1</AllowDiscount>
      <ItemStatus>1</ItemStatus>
      <ItemId>225150</ItemId>
    </Item>
    <Item>
      <PriceUpdateDate>2016-02-11 13:41:45</PriceUpdateDate>
      <ItemCode>72963128</ItemCode>
      <ItemType>0</ItemType>
      <ItemName>חמאה מהדרין 100 גרם</ItemName>
      <ManufacturerName>תנובה מרכז שיתופי לש</ManufacturerName>
      <ManufactureCountry>לא ידוע</ManufactureCountry>
      <ManufacturerItemDescription>חמאה מהדרין 100 גרם</ManufacturerItemDescription>
      <UnitQty>גרמים</UnitQty>
      <Quantity>100.00</Quantity>
      <UnitOfMeasure>100 גרם</UnitOfMeasure>
      <bIsWeighted>0</bIsWeighted>
      <QtyInPackage>1</QtyInPackage>
      <ItemPrice>3.80</ItemPrice>
      <UnitOfMeasurePrice>3.8000</UnitOfMeasurePrice>
      <AllowDiscount>1</AllowDiscount>
      <ItemStatus>1</ItemStatus>
      <ItemId>225151</ItemId>
    </Item>
    <Item>
      <PriceUpdateDate>2016-02-11 13:41:46</PriceUpdateDate>
      <ItemCode>72963753</ItemCode>
      <ItemType>0</ItemType>
      <ItemName>שמנת של פעם 200 מל</ItemName>
      <ManufacturerName>תנובה מרכז שיתופי לש</ManufacturerName>
      <ManufactureCountry>לא ידוע</ManufactureCountry>
      <ManufacturerItemDescription>שמנת של פעם 200 מ"ל</ManufacturerItemDescription>
      <UnitQty>מיליליטרים</UnitQty>
      <Quantity>200.00</Quantity>
      <UnitOfMeasure>100 מ"ל</UnitOfMeasure>
      <bIsWeighted>0</bIsWeighted>
      <QtyInPackage>1</QtyInPackage>
      <ItemPrice>3.80</ItemPrice>
      <UnitOfMeasurePrice>1.9000</UnitOfMeasurePrice>
      <AllowDiscount>1</AllowDiscount>
      <ItemStatus>1</ItemStatus>
      <ItemId>225152</ItemId>
    </Item>
    <Item>
      <PriceUpdateDate>2015-01-01 00:00:00</PriceUpdateDate>
      <ItemCode>72963920</ItemCode>
      <ItemType>0</ItemType>
      <ItemName>דנובה גביע 200 מל</ItemName>
      <ManufacturerName>תנובה מרכז שיתופי לש</ManufacturerName>
      <ManufactureCountry>לא ידוע</ManufactureCountry>
      <ManufacturerItemDescription>דנובה גביע 200 מ"ל</ManufacturerItemDescription>
      <UnitQty>מיליליטרים</UnitQty>
      <Quantity>200.00</Quantity>
      <UnitOfMeasure>100 מ"ל</UnitOfMeasure>
      <bIsWeighted>0</bIsWeighted>
      <QtyInPackage>1</QtyInPackage>
      <ItemPrice>3.20</ItemPrice>
      <UnitOfMeasurePrice>1.6000</UnitOfMeasurePrice>
      <AllowDiscount>1</AllowDiscount>
      <ItemStatus>1</ItemStatus>
      <ItemId>225153</ItemId>
    </Item>
    <Item>
      <PriceUpdateDate>2015-01-01 00:00:00</PriceUpdateDate>
      <ItemCode>72964132</ItemCode>
      <ItemType>0</ItemType>
      <ItemName>טבעגורט עם גרנולה</ItemName>
      <ManufacturerName>תנובה מרכז שיתופי לש</ManufacturerName>
      <ManufactureCountry>לא ידוע</ManufactureCountry>
      <ManufacturerItemDescription>טבעגורט עם גרנולה 200 מ"ל</ManufacturerItemDescription>
      <UnitQty>מיליליטרים</UnitQty>
      <Quantity>200.00</Quantity>
      <UnitOfMeasure>100 מ"ל</UnitOfMeasure>
      <bIsWeighted>0</bIsWeighted>
      <QtyInPackage>1</QtyInPackage>
      <ItemPrice>4.50</ItemPrice>
      <UnitOfMeasurePrice>2.2500</UnitOfMeasurePrice>
      <AllowDiscount>1</AllowDiscount>
      <ItemStatus>1</ItemStatus>
      <ItemId>225154</ItemId>
    </Item>
    <Item>
      <PriceUpdateDate>2015-01-01 00:00:00</PriceUpdateDate>
      <ItemCode>7290012454271</ItemCode>
      <ItemType>0</ItemType>
      <ItemName>פופקורן למיקרוגל בטע</ItemName>
      <ManufacturerName>,</ManufacturerName>
      <ManufactureCountry>לא ידוע</ManufactureCountry>
      <ManufacturerItemDescription>פופקורן למיקרוגל בטעם טבעי 500 גרם</ManufacturerItemDescription>
      <UnitQty>גרמים</UnitQty>
      <Quantity>500.00</Quantity>
      <UnitOfMeasure>100 גרם</UnitOfMeasure>
      <bIsWeighted>0</bIsWeighted>
      <QtyInPackage>1</QtyInPackage>
      <ItemPrice>11.90</ItemPrice>
      <UnitOfMeasurePrice>2.3800</UnitOfMeasurePrice>
      <AllowDiscount>1</AllowDiscount>
      <ItemStatus>1</ItemStatus>
      <ItemId>248778</ItemId>
    </Item>
    <Item>
      <PriceUpdateDate>2015-01-01 00:00:00</PriceUpdateDate>
      <ItemCode>7297395000026</ItemCode>
      <ItemType>0</ItemType>
      <ItemName>בדית שלישייה</ItemName>
      <ManufacturerName>,</ManufacturerName>
      <ManufactureCountry>לא ידוע</ManufactureCountry>
      <ManufacturerItemDescription>בדית שלישייה</ManufacturerItemDescription>
      <UnitQty>Unknown </UnitQty>
      <Quantity>0.00</Quantity>
      <UnitOfMeasure>Unknown </UnitOfMeasure>
      <bIsWeighted>0</bIsWeighted>
      <QtyInPackage>1</QtyInPackage>
      <ItemPrice>15.50</ItemPrice>
      <UnitOfMeasurePrice>0.0000</UnitOfMeasurePrice>
      <AllowDiscount>1</AllowDiscount>
      <ItemStatus>1</ItemStatus>
      <ItemId>225195</ItemId>
    </Item>
    <Item>
      <PriceUpdateDate>2015-01-01 00:00:00</PriceUpdateDate>
      <ItemCode>2739906</ItemCode>
      <ItemType>0</ItemType>
      <ItemName>עצמות עוף למרק קפוא</ItemName>
      <ManufacturerName>,</ManufacturerName>
      <ManufactureCountry>לא ידוע</ManufactureCountry>
      <ManufacturerItemDescription>עצמות עוף למרק קפוא קהילות</ManufacturerItemDescription>
      <UnitQty>קילוגרמים</UnitQty>
      <Quantity>1.00</Quantity>
      <UnitOfMeasure>ק"ג</UnitOfMeasure>
      <bIsWeighted>1</bIsWeighted>
      <QtyInPackage>לא ידוע</QtyInPackage>
      <ItemPrice>6.90</ItemPrice>
      <UnitOfMeasurePrice>6.9000</UnitOfMeasurePrice>
      <AllowDiscount>1</AllowDiscount>
      <ItemStatus>1</ItemStatus>
      <ItemId>249694</ItemId>
    </Item>
    <Item>
      <PriceUpdateDate>2015-06-28 10:55:09</PriceUpdateDate>
      <ItemCode>73415</ItemCode>
      <ItemType>0</ItemType>
      <ItemName>מנה חמה פסטה רוטב פי</ItemName>
      <ManufacturerName>אסם</ManufacturerName>
      <ManufactureCountry>לא ידוע</ManufactureCountry>
      <ManufacturerItemDescription>מנה חמה פסטה רוטב פיצה 61 גרם</ManufacturerItemDescription>
      <UnitQty>גרמים</UnitQty>
      <Quantity>61.00</Quantity>
      <UnitOfMeasure>100 גרם</UnitOfMeasure>
      <bIsWeighted>0</bIsWeighted>
      <QtyInPackage>1</QtyInPackage>
      <ItemPrice>4.10</ItemPrice>
      <UnitOfMeasurePrice>6.7213</UnitOfMeasurePrice>
      <AllowDiscount>1</AllowDiscount>
      <ItemStatus>1</ItemStatus>
      <ItemId>225234</ItemId>
    </Item>
    <Item>
      <PriceUpdateDate>2015-06-28 10:55:09</PriceUpdateDate>
      <ItemCode>73767</ItemCode>
      <ItemType>0</ItemType>
      <ItemName>מנה חמה נודלס ירקות</ItemName>
      <ManufacturerName>טאי רזידנט</ManufacturerName>
      <ManufactureCountry>לא ידוע</ManufactureCountry>
      <ManufacturerItemDescription>מנה חמה נודלס ירקות בקר</ManufacturerItemDescription>
      <UnitQty>גרמים</UnitQty>
      <Quantity>76.00</Quantity>
      <UnitOfMeasure>100 גרם</UnitOfMeasure>
      <bIsWeighted>0</bIsWeighted>
      <QtyInPackage>1</QtyInPackage>
      <ItemPrice>4.10</ItemPrice>
      <UnitOfMeasurePrice>5.3947</UnitOfMeasurePrice>
      <AllowDiscount>1</AllowDiscount>
      <ItemStatus>1</ItemStatus>
      <ItemId>225239</ItemId>
    </Item>
    <Item>
      <PriceUpdateDate>2015-01-01 00:00:00</PriceUpdateDate>
      <ItemCode>74245</ItemCode>
      <ItemType>0</ItemType>
      <ItemName>קרם קרקר 250 גרם</ItemName>
      <ManufacturerName>אסם</ManufacturerName>
      <ManufactureCountry>לא ידוע</ManufactureCountry>
      <ManufacturerItemDescription>קרם קרקר 250 גרם</ManufacturerItemDescription>
      <UnitQty>גרמים</UnitQty>
      <Quantity>250.00</Quantity>
      <UnitOfMeasure>100 גרם</UnitOfMeasure>
      <bIsWeighted>0</bIsWeighted>
      <QtyInPackage>1</QtyInPackage>
      <ItemPrice>7.80</ItemPrice>
      <UnitOfMeasurePrice>3.1200</UnitOfMeasurePrice>
      <AllowDiscount>1</AllowDiscount>
      <ItemStatus>1</ItemStatus>
      <ItemId>225242</ItemId>
    </Item>
    <Item>
      <PriceUpdateDate>2015-11-01 10:54:15</PriceUpdateDate>
      <ItemCode>74252</ItemCode>
      <ItemType>0</ItemType>
      <ItemName>קרקר שומשום 250 גרם</ItemName>
      <ManufacturerName>אסם</ManufacturerName>
      <ManufactureCountry>לא ידוע</ManufactureCountry>
      <ManufacturerItemDescription>קרקר שומשום 250 גרם</ManufacturerItemDescription>
      <UnitQty>גרמים</UnitQty>
      <Quantity>250.00</Quantity>
      <UnitOfMeasure>100 גרם</UnitOfMeasure>
      <bIsWeighted>0</bIsWeighted>
      <QtyInPackage>1</QtyInPackage>
      <ItemPrice>7.90</ItemPrice>
      <UnitOfMeasurePrice>3.1600</UnitOfMeasurePrice>
      <AllowDiscount>1</AllowDiscount>
      <ItemStatus>1</ItemStatus>
      <ItemId>225243</ItemId>
    </Item>
    <Item>
      <PriceUpdateDate>2015-01-01 00:00:00</PriceUpdateDate>
      <ItemCode>74276</ItemCode>
      <ItemType>0</ItemType>
      <ItemName>קרקר טבעון פיקנטי</ItemName>
      <ManufacturerName>אסם</ManufacturerName>
      <ManufactureCountry>לא ידוע</ManufactureCountry>
      <ManufacturerItemDescription>קרקר טבעון פיקנטי 250 גרם</ManufacturerItemDescription>
      <UnitQty>גרמים</UnitQty>
      <Quantity>250.00</Quantity>
      <UnitOfMeasure>100 גרם</UnitOfMeasure>
      <bIsWeighted>0</bIsWeighted>
      <QtyInPackage>1</QtyInPackage>
      <ItemPrice>8.90</ItemPrice>
      <UnitOfMeasurePrice>3.5600</UnitOfMeasurePrice>
      <AllowDiscount>1</AllowDiscount>
      <ItemStatus>1</ItemStatus>
      <ItemId>225244</ItemId>
    </Item>
    <Item>
      <PriceUpdateDate>2015-11-01 10:54:15</PriceUpdateDate>
      <ItemCode>74290</ItemCode>
      <ItemType>0</ItemType>
      <ItemName>לחמית סובין 250 גרם</ItemName>
      <ManufacturerName>אסם</ManufacturerName>
      <ManufactureCountry>לא ידוע</ManufactureCountry>
      <ManufacturerItemDescription>לחמית סובין 250 גרם</ManufacturerItemDescription>
      <UnitQty>גרמים</UnitQty>
      <Quantity>250.00</Quantity>
      <UnitOfMeasure>100 גרם</UnitOfMeasure>
      <bIsWeighted>0</bIsWeighted>
      <QtyInPackage>1</QtyInPackage>
      <ItemPrice>7.90</ItemPrice>
      <UnitOfMeasurePrice>3.1600</UnitOfMeasurePrice>
      <AllowDiscount>1</AllowDiscount>
      <ItemStatus>1</ItemStatus>
      <ItemId>225245</ItemId>
    </Item>
    <Item>
      <PriceUpdateDate>2015-01-01 00:00:00</PriceUpdateDate>
      <ItemCode>74375</ItemCode>
      <ItemType>0</ItemType>
      <ItemName>קרקר זהב 150 גרם</ItemName>
      <ManufacturerName>אסם</ManufacturerName>
      <ManufactureCountry>לא ידוע</ManufactureCountry>
      <ManufacturerItemDescription>קרקר זהב 150 גרם</ManufacturerItemDescription>
      <UnitQty>גרמים</UnitQty>
      <Quantity>150.00</Quantity>
      <UnitOfMeasure>100 גרם</UnitOfMeasure>
      <bIsWeighted>0</bIsWeighted>
      <QtyInPackage>1</QtyInPackage>
      <ItemPrice>6.50</ItemPrice>
      <UnitOfMeasurePrice>4.3333</UnitOfMeasurePrice>
      <AllowDiscount>1</AllowDiscount>
      <ItemStatus>1</ItemStatus>
      <ItemId>225246</ItemId>
    </Item>
    <Item>
      <PriceUpdateDate>2015-09-21 08:18:19</PriceUpdateDate>
      <ItemCode>74696</ItemCode>
      <ItemType>0</ItemType>
      <ItemName>קרם קרקר 1 קג</ItemName>
      <ManufacturerName>אסם</ManufacturerName>
      <ManufactureCountry>לא ידוע</ManufactureCountry>
      <ManufacturerItemDescription>קרם קרקר 1 ק"ג</ManufacturerItemDescription>
      <UnitQty>קילוגרמים</UnitQty>
      <Quantity>1.00</Quantity>
      <UnitOfMeasure>ק"ג     </UnitOfMeasure>
      <bIsWeighted>0</bIsWeighted>
      <QtyInPackage>1</QtyInPackage>
      <ItemPrice>25.90</ItemPrice>
      <UnitOfMeasurePrice>25.9000</UnitOfMeasurePrice>
      <AllowDiscount>1</AllowDiscount>
      <ItemStatus>1</ItemStatus>
      <ItemId>225247</ItemId>
    </Item>
    <Item>
      <PriceUpdateDate>2015-01-01 00:00:00</PriceUpdateDate>
      <ItemCode>74702</ItemCode>
      <ItemType>0</ItemType>
      <ItemName>קרקר שומשום 1 ק"ג</ItemName>
      <ManufacturerName>אסם</ManufacturerName>
      <ManufactureCountry>לא ידוע</ManufactureCountry>
      <ManufacturerItemDescription>קרקר שומשום 1 ק"ג</ManufacturerItemDescription>
      <UnitQty>קילוגרמים</UnitQty>
      <Quantity>1.00</Quantity>
      <UnitOfMeasure>ק"ג     </UnitOfMeasure>
      <bIsWeighted>0</bIsWeighted>
      <QtyInPackage>1</QtyInPackage>
      <ItemPrice>25.90</ItemPrice>
      <UnitOfMeasurePrice>25.9000</UnitOfMeasurePrice>
      <AllowDiscount>1</AllowDiscount>
      <ItemStatus>1</ItemStatus>
      <ItemId>225248</ItemId>
    </Item>
    <Item>
      <PriceUpdateDate>2015-01-01 00:00:00</PriceUpdateDate>
      <ItemCode>74733</ItemCode>
      <ItemType>0</ItemType>
      <ItemName>לחמית סובין 920 גרם</ItemName>
      <ManufacturerName>אסם</ManufacturerName>
      <ManufactureCountry>לא ידוע</ManufactureCountry>
      <ManufacturerItemDescription>לחמית סובין 920 גרם</ManufacturerItemDescription>
      <UnitQty>גרמים</UnitQty>
      <Quantity>920.00</Quantity>
      <UnitOfMeasure>100 גרם</UnitOfMeasure>
      <bIsWeighted>0</bIsWeighted>
      <QtyInPackage>1</QtyInPackage>
      <ItemPrice>23.90</ItemPrice>
      <UnitOfMeasurePrice>2.5978</UnitOfMeasurePrice>
      <AllowDiscount>1</AllowDiscount>
      <ItemStatus>1</ItemStatus>
      <ItemId>225249</ItemId>
    </Item>
    <Item>
      <PriceUpdateDate>2015-01-01 00:00:00</PriceUpdateDate>
      <ItemCode>74740</ItemCode>
      <ItemType>0</ItemType>
      <ItemName>לחמית חיטה מלאה חסכו</ItemName>
      <ManufacturerName>אסם</ManufacturerName>
      <ManufactureCountry>לא ידוע</ManufactureCountry>
      <ManufacturerItemDescription>לחמית חיטה מלאה חסכון 1 ק"ג</ManufacturerItemDescription>
      <UnitQty>קילוגרמים</UnitQty>
      <Quantity>1.00</Quantity>
      <UnitOfMeasure>ק"ג     </UnitOfMeasure>
      <bIsWeighted>0</bIsWeighted>
      <QtyInPackage>1</QtyInPackage>
      <ItemPrice>23.90</ItemPrice>
      <UnitOfMeasurePrice>23.9000</UnitOfMeasurePrice>
      <AllowDiscount>1</AllowDiscount>
      <ItemStatus>1</ItemStatus>
      <ItemId>225250</ItemId>
    </Item>
    <Item>
      <PriceUpdateDate>2016-06-22 10:35:34</PriceUpdateDate>
      <ItemCode>7290016006216</ItemCode>
      <ItemType>0</ItemType>
      <ItemName>ספרינג פפאיה קרמבולה</ItemName>
      <ManufacturerName>יפאורה תבורי</ManufacturerName>
      <ManufactureCountry>לא ידוע</ManufactureCountry>
      <ManufacturerItemDescription>ספרינג פפאיה קרמבולה 1.5 ליטר</ManufacturerItemDescription>
      <UnitQty>ליטרים</UnitQty>
      <Quantity>1.50</Quantity>
      <UnitOfMeasure>ליטר    </UnitOfMeasure>
      <bIsWeighted>0</bIsWeighted>
      <QtyInPackage>1</QtyInPackage>
      <ItemPrice>5.90</ItemPrice>
      <UnitOfMeasurePrice>3.9333</UnitOfMeasurePrice>
      <AllowDiscount>1</AllowDiscount>
      <ItemStatus>1</ItemStatus>
      <ItemId>268580</ItemId>
    </Item>
    <Item>
      <PriceUpdateDate>2015-09-21 08:18:19</PriceUpdateDate>
      <ItemCode>74764</ItemCode>
      <ItemType>0</ItemType>
      <ItemName>קרקר זהב 900 גרם</ItemName>
      <ManufacturerName>אסם</ManufacturerName>
      <ManufactureCountry>לא ידוע</ManufactureCountry>
      <ManufacturerItemDescription>קרקר זהב 900 גרם</ManufacturerItemDescription>
      <UnitQty>גרמים</UnitQty>
      <Quantity>900.00</Quantity>
      <UnitOfMeasure>100 גרם</UnitOfMeasure>
      <bIsWeighted>0</bIsWeighted>
      <QtyInPackage>1</QtyInPackage>
      <ItemPrice>25.90</ItemPrice>
      <UnitOfMeasurePrice>2.8778</UnitOfMeasurePrice>
      <AllowDiscount>1</AllowDiscount>
      <ItemStatus>1</ItemStatus>
      <ItemId>225251</ItemId>
    </Item>
    <Item>
      <PriceUpdateDate>2016-05-19 08:13:41</PriceUpdateDate>
      <ItemCode>9007503</ItemCode>
      <ItemType>0</ItemType>
      <ItemName>ערמונים</ItemName>
      <ManufacturerName>,</ManufacturerName>
      <ManufactureCountry>לא ידוע</ManufactureCountry>
      <ManufacturerItemDescription>ערמונים</ManufacturerItemDescription>
      <UnitQty>קילוגרמים</UnitQty>
      <Quantity>1.00</Quantity>
      <UnitOfMeasure>ק"ג</UnitOfMeasure>
      <bIsWeighted>1</bIsWeighted>
      <QtyInPackage>לא ידוע</QtyInPackage>
      <ItemPrice>5.90</ItemPrice>
      <UnitOfMeasurePrice>5.9000</UnitOfMeasurePrice>
      <AllowDiscount>1</AllowDiscount>
      <ItemStatus>1</ItemStatus>
      <ItemId>225252</ItemId>
    </Item>
    <Item>
      <PriceUpdateDate>2015-11-01 10:54:15</PriceUpdateDate>
      <ItemCode>75204</ItemCode>
      <ItemType>0</ItemType>
      <ItemName>לחמית חיטה מלאה 250</ItemName>
      <ManufacturerName>אסם</ManufacturerName>
      <ManufactureCountry>לא ידוע</ManufactureCountry>
      <ManufacturerItemDescription>לחמית חיטה מלאה 250 גרם</ManufacturerItemDescription>
      <UnitQty>גרמים</UnitQty>
      <Quantity>250.00</Quantity>
      <UnitOfMeasure>100 גרם</UnitOfMeasure>
      <bIsWeighted>0</bIsWeighted>
      <QtyInPackage>1</QtyInPackage>
      <ItemPrice>7.90</ItemPrice>
      <UnitOfMeasurePrice>3.1600</UnitOfMeasurePrice>
      <AllowDiscount>1</AllowDiscount>
      <ItemStatus>1</ItemStatus>
      <ItemId>225254</ItemId>
    </Item>
    <Item>
      <PriceUpdateDate>2015-01-01 00:00:00</PriceUpdateDate>
      <ItemCode>75442100229</ItemCode>
      <ItemType>0</ItemType>
      <ItemName>בונבוניירה פרוגרס דו</ItemName>
      <ManufacturerName>תות ממתקי איכות</ManufacturerName>
      <ManufactureCountry>לא ידוע</ManufactureCountry>
      <ManufacturerItemDescription>בונבוניירה פרוגרס דובדבן 135 גרם</ManufacturerItemDescription>
      <UnitQty>גרמים</UnitQty>
      <Quantity>135.00</Quantity>
      <UnitOfMeasure>100 גרם</UnitOfMeasure>
      <bIsWeighted>0</bIsWeighted>
      <QtyInPackage>1</QtyInPackage>
      <ItemPrice>13.90</ItemPrice>
      <UnitOfMeasurePrice>10.2963</UnitOfMeasurePrice>
      <AllowDiscount>1</AllowDiscount>
      <ItemStatus>1</ItemStatus>
      <ItemId>225256</ItemId>
    </Item>
    <Item>
      <PriceUpdateDate>2016-06-22 10:35:34</PriceUpdateDate>
      <ItemCode>7290107643917</ItemCode>
      <ItemType>0</ItemType>
      <ItemName>ריבועי ברנפלקס קינמו</ItemName>
      <ManufacturerName>יוניליוור</ManufacturerName>
      <ManufactureCountry>לא ידוע</ManufactureCountry>
      <ManufacturerItemDescription>ריבועי ברנפלקס קינמון 400 גרם</ManufacturerItemDescription>
      <UnitQty>גרמים</UnitQty>
      <Quantity>375.00</Quantity>
      <UnitOfMeasure>100 גרם</UnitOfMeasure>
      <bIsWeighted>0</bIsWeighted>
      <QtyInPackage>1</QtyInPackage>
      <ItemPrice>21.90</ItemPrice>
      <UnitOfMeasurePrice>5.8400</UnitOfMeasurePrice>
      <AllowDiscount>1</AllowDiscount>
      <ItemStatus>1</ItemStatus>
      <ItemId>268581</ItemId>
    </Item>
    <Item>
      <PriceUpdateDate>2015-09-21 08:15:31</PriceUpdateDate>
      <ItemCode>76133</ItemCode>
      <ItemType>0</ItemType>
      <ItemName>בייגלה שמיניות קטנות</ItemName>
      <ManufacturerName>אסם</ManufacturerName>
      <ManufactureCountry>לא ידוע</ManufactureCountry>
      <ManufacturerItemDescription>בייגלה שמיניות קטנות 400 גרם</ManufacturerItemDescription>
      <UnitQty>גרמים</UnitQty>
      <Quantity>400.00</Quantity>
      <UnitOfMeasure>100 גרם</UnitOfMeasure>
      <bIsWeighted>0</bIsWeighted>
      <QtyInPackage>1</QtyInPackage>
      <ItemPrice>8.90</ItemPrice>
      <UnitOfMeasurePrice>2.2250</UnitOfMeasurePrice>
      <AllowDiscount>1</AllowDiscount>
      <ItemStatus>1</ItemStatus>
      <ItemId>225260</ItemId>
    </Item>
    <Item>
      <PriceUpdateDate>2015-01-01 00:00:00</PriceUpdateDate>
      <ItemCode>768668000212</ItemCode>
      <ItemType>0</ItemType>
      <ItemName>תות שדה מוקפא 454 גר</ItemName>
      <ManufacturerName>,</ManufacturerName>
      <ManufactureCountry>לא ידוע</ManufactureCountry>
      <ManufacturerItemDescription>תות שדה מוקפא 454 גרם</ManufacturerItemDescription>
      <UnitQty>גרמים</UnitQty>
      <Quantity>454.00</Quantity>
      <UnitOfMeasure>100 גרם</UnitOfMeasure>
      <bIsWeighted>0</bIsWeighted>
      <QtyInPackage>1</QtyInPackage>
      <ItemPrice>25.90</ItemPrice>
      <UnitOfMeasurePrice>5.7048</UnitOfMeasurePrice>
      <AllowDiscount>1</AllowDiscount>
      <ItemStatus>1</ItemStatus>
      <ItemId>225266</ItemId>
    </Item>
    <Item>
      <PriceUpdateDate>2015-01-01 00:00:00</PriceUpdateDate>
      <ItemCode>768668000311</ItemCode>
      <ItemType>0</ItemType>
      <ItemName>ברוקולי בודק 907 גרם</ItemName>
      <ManufacturerName>,</ManufacturerName>
      <ManufactureCountry>לא ידוע</ManufactureCountry>
      <ManufacturerItemDescription>ברוקולי בודק 907 גרם</ManufacturerItemDescription>
      <UnitQty>גרמים</UnitQty>
      <Quantity>907.00</Quantity>
      <UnitOfMeasure>100 גרם</UnitOfMeasure>
      <bIsWeighted>0</bIsWeighted>
      <QtyInPackage>1</QtyInPackage>
      <ItemPrice>26.90</ItemPrice>
      <UnitOfMeasurePrice>2.9658</UnitOfMeasurePrice>
      <AllowDiscount>1</AllowDiscount>
      <ItemStatus>1</ItemStatus>
      <ItemId>225267</ItemId>
    </Item>
    <Item>
      <PriceUpdateDate>2015-01-01 00:00:00</PriceUpdateDate>
      <ItemCode>768668000328</ItemCode>
      <ItemType>0</ItemType>
      <ItemName>כרובית בודק 907 גרם</ItemName>
      <ManufacturerName>,</ManufacturerName>
      <ManufactureCountry>לא ידוע</ManufactureCountry>
      <ManufacturerItemDescription>כרובית בודק 907 גרם</ManufacturerItemDescription>
      <UnitQty>גרמים</UnitQty>
      <Quantity>907.00</Quantity>
      <UnitOfMeasure>100 גרם</UnitOfMeasure>
      <bIsWeighted>0</bIsWeighted>
      <QtyInPackage>1</QtyInPackage>
      <ItemPrice>26.90</ItemPrice>
      <UnitOfMeasurePrice>2.9658</UnitOfMeasurePrice>
      <AllowDiscount>1</AllowDiscount>
      <ItemStatus>1</ItemStatus>
      <ItemId>225268</ItemId>
    </Item>
    <Item>
      <PriceUpdateDate>2015-01-01 00:00:00</PriceUpdateDate>
      <ItemCode>768668000335</ItemCode>
      <ItemType>0</ItemType>
      <ItemName>לקט ירקות קליפורניה</ItemName>
      <ManufacturerName>,</ManufacturerName>
      <ManufactureCountry>לא ידוע</ManufactureCountry>
      <ManufacturerItemDescription>לקט ירקות קליפורניה בודק 907 גרם</ManufacturerItemDescription>
      <UnitQty>גרמים</UnitQty>
      <Quantity>907.00</Quantity>
      <UnitOfMeasure>100 גרם</UnitOfMeasure>
      <bIsWeighted>0</bIsWeighted>
      <QtyInPackage>1</QtyInPackage>
      <ItemPrice>26.90</ItemPrice>
      <UnitOfMeasurePrice>2.9658</UnitOfMeasurePrice>
      <AllowDiscount>1</AllowDiscount>
      <ItemStatus>1</ItemStatus>
      <ItemId>225269</ItemId>
    </Item>
    <Item>
      <PriceUpdateDate>2015-01-01 00:00:00</PriceUpdateDate>
      <ItemCode>768668000359</ItemCode>
      <ItemType>0</ItemType>
      <ItemName>תרד קצוץ וחתוך 907 ג</ItemName>
      <ManufacturerName>,</ManufacturerName>
      <ManufactureCountry>לא ידוע</ManufactureCountry>
      <ManufacturerItemDescription>תרד קצוץ וחתוך 907 גרם</ManufacturerItemDescription>
      <UnitQty>גרמים</UnitQty>
      <Quantity>907.00</Quantity>
      <UnitOfMeasure>100 גרם</UnitOfMeasure>
      <bIsWeighted>0</bIsWeighted>
      <QtyInPackage>1</QtyInPackage>
      <ItemPrice>26.90</ItemPrice>
      <UnitOfMeasurePrice>2.9658</UnitOfMeasurePrice>
      <AllowDiscount>1</AllowDiscount>
      <ItemStatus>1</ItemStatus>
      <ItemId>225270</ItemId>
    </Item>
    <Item>
      <PriceUpdateDate>2015-01-01 00:00:00</PriceUpdateDate>
      <ItemCode>768668000557</ItemCode>
      <ItemType>0</ItemType>
      <ItemName>אוכמניות 340 גרם</ItemName>
      <ManufacturerName>,</ManufacturerName>
      <ManufactureCountry>לא ידוע</ManufactureCountry>
      <ManufacturerItemDescription>אוכמניות 341 גרם</ManufacturerItemDescription>
      <UnitQty>גרמים</UnitQty>
      <Quantity>340.00</Quantity>
      <UnitOfMeasure>100 גרם</UnitOfMeasure>
      <bIsWeighted>0</bIsWeighted>
      <QtyInPackage>1</QtyInPackage>
      <ItemPrice>25.90</ItemPrice>
      <UnitOfMeasurePrice>7.6176</UnitOfMeasurePrice>
      <AllowDiscount>1</AllowDiscount>
      <ItemStatus>1</ItemStatus>
      <ItemId>225271</ItemId>
    </Item>
    <Item>
      <PriceUpdateDate>2015-01-01 00:00:00</PriceUpdateDate>
      <ItemCode>768668001233</ItemCode>
      <ItemType>0</ItemType>
      <ItemName>ברוקולי פרחים 907 גר</ItemName>
      <ManufacturerName>,</ManufacturerName>
      <ManufactureCountry>לא ידוע</ManufactureCountry>
      <ManufacturerItemDescription>ברוקולי פרחים 907 גרם</ManufacturerItemDescription>
      <UnitQty>גרמים</UnitQty>
      <Quantity>709.00</Quantity>
      <UnitOfMeasure>100 גרם</UnitOfMeasure>
      <bIsWeighted>0</bIsWeighted>
      <QtyInPackage>1</QtyInPackage>
      <ItemPrice>29.90</ItemPrice>
      <UnitOfMeasurePrice>4.2172</UnitOfMeasurePrice>
      <AllowDiscount>1</AllowDiscount>
      <ItemStatus>1</ItemStatus>
      <ItemId>225273</ItemId>
    </Item>
    <Item>
      <PriceUpdateDate>2015-01-01 00:00:00</PriceUpdateDate>
      <ItemCode>768668001790</ItemCode>
      <ItemType>0</ItemType>
      <ItemName>כרובית בודק 900 גרם</ItemName>
      <ManufacturerName>,</ManufacturerName>
      <ManufactureCountry>לא ידוע</ManufactureCountry>
      <ManufacturerItemDescription>כרובית בודק 900 גרם</ManufacturerItemDescription>
      <UnitQty>גרמים</UnitQty>
      <Quantity>900.00</Quantity>
      <UnitOfMeasure>100 גרם</UnitOfMeasure>
      <bIsWeighted>0</bIsWeighted>
      <QtyInPackage>1</QtyInPackage>
      <ItemPrice>26.90</ItemPrice>
      <UnitOfMeasurePrice>2.9889</UnitOfMeasurePrice>
      <AllowDiscount>1</AllowDiscount>
      <ItemStatus>1</ItemStatus>
      <ItemId>225274</ItemId>
    </Item>
    <Item>
      <PriceUpdateDate>2015-09-21 08:15:31</PriceUpdateDate>
      <ItemCode>77017</ItemCode>
      <ItemType>0</ItemType>
      <ItemName>עוגיות קרמוגית ממולא</ItemName>
      <ManufacturerName>אסם</ManufacturerName>
      <ManufactureCountry>לא ידוע</ManufactureCountry>
      <ManufacturerItemDescription>עוגיות קרמוגית ממולא שוקולד 200 גרם</ManufacturerItemDescription>
      <UnitQty>גרמים</UnitQty>
      <Quantity>200.00</Quantity>
      <UnitOfMeasure>100 גרם</UnitOfMeasure>
      <bIsWeighted>0</bIsWeighted>
      <QtyInPackage>1</QtyInPackage>
      <ItemPrice>10.90</ItemPrice>
      <UnitOfMeasurePrice>5.4500</UnitOfMeasurePrice>
      <AllowDiscount>1</AllowDiscount>
      <ItemStatus>1</ItemStatus>
      <ItemId>225276</ItemId>
    </Item>
    <Item>
      <PriceUpdateDate>2015-01-01 00:00:00</PriceUpdateDate>
      <ItemCode>77245110597</ItemCode>
      <ItemType>0</ItemType>
      <ItemName>סוכריות מאסט לימון 8</ItemName>
      <ManufacturerName>שטראוס</ManufacturerName>
      <ManufactureCountry>פולין</ManufactureCountry>
      <ManufacturerItemDescription>סוכריות מאסט לימון 80 גרם מנצסטר</ManufacturerItemDescription>
      <UnitQty>גרמים</UnitQty>
      <Quantity>80.00</Quantity>
      <UnitOfMeasure>100 גרם</UnitOfMeasure>
      <bIsWeighted>0</bIsWeighted>
      <QtyInPackage>1</QtyInPackage>
      <ItemPrice>6.90</ItemPrice>
      <UnitOfMeasurePrice>8.6250</UnitOfMeasurePrice>
      <AllowDiscount>1</AllowDiscount>
      <ItemStatus>1</ItemStatus>
      <ItemId>225279</ItemId>
    </Item>
    <Item>
      <PriceUpdateDate>2015-01-01 00:00:00</PriceUpdateDate>
      <ItemCode>77245110610</ItemCode>
      <ItemType>0</ItemType>
      <ItemName>סוכריות מאסט מנטה 80</ItemName>
      <ManufacturerName>שטראוס</ManufacturerName>
      <ManufactureCountry>פולין</ManufactureCountry>
      <ManufacturerItemDescription>סוכריות מאסט מנטה 80 גרם מנצאסטר</ManufacturerItemDescription>
      <UnitQty>גרמים</UnitQty>
      <Quantity>80.00</Quantity>
      <UnitOfMeasure>100 גרם</UnitOfMeasure>
      <bIsWeighted>0</bIsWeighted>
      <QtyInPackage>1</QtyInPackage>
      <ItemPrice>6.90</ItemPrice>
      <UnitOfMeasurePrice>8.6250</UnitOfMeasurePrice>
      <AllowDiscount>1</AllowDiscount>
      <ItemStatus>1</ItemStatus>
      <ItemId>225281</ItemId>
    </Item>
    <Item>
      <PriceUpdateDate>2015-01-01 00:00:00</PriceUpdateDate>
      <ItemCode>77245111136</ItemCode>
      <ItemType>0</ItemType>
      <ItemName>סוכריות מאסט ריבת חל</ItemName>
      <ManufacturerName>שטראוס</ManufacturerName>
      <ManufactureCountry>פולין</ManufactureCountry>
      <ManufacturerItemDescription>סוכריות מאסט ריבת חלב 80 גרם מנצסטר</ManufacturerItemDescription>
      <UnitQty>גרמים</UnitQty>
      <Quantity>80.00</Quantity>
      <UnitOfMeasure>100 גרם</UnitOfMeasure>
      <bIsWeighted>0</bIsWeighted>
      <QtyInPackage>1</QtyInPackage>
      <ItemPrice>6.90</ItemPrice>
      <UnitOfMeasurePrice>8.6250</UnitOfMeasurePrice>
      <AllowDiscount>1</AllowDiscount>
      <ItemStatus>1</ItemStatus>
      <ItemId>225283</ItemId>
    </Item>
    <Item>
      <PriceUpdateDate>2015-01-01 00:00:00</PriceUpdateDate>
      <ItemCode>77245111402</ItemCode>
      <ItemType>0</ItemType>
      <ItemName>סוכריות מאסט אניס 80</ItemName>
      <ManufacturerName>שטראוס</ManufacturerName>
      <ManufactureCountry>לא ידוע</ManufactureCountry>
      <ManufacturerItemDescription>סוכריות מאסט אניס 80 גרם  מנצסטר</ManufacturerItemDescription>
      <UnitQty>גרמים</UnitQty>
      <Quantity>80.00</Quantity>
      <UnitOfMeasure>100 גרם</UnitOfMeasure>
      <bIsWeighted>0</bIsWeighted>
      <QtyInPackage>1</QtyInPackage>
      <ItemPrice>6.90</ItemPrice>
      <UnitOfMeasurePrice>8.6250</UnitOfMeasurePrice>
      <AllowDiscount>1</AllowDiscount>
      <ItemStatus>1</ItemStatus>
      <ItemId>225285</ItemId>
    </Item>
    <Item>
      <PriceUpdateDate>2015-01-01 00:00:00</PriceUpdateDate>
      <ItemCode>77642</ItemCode>
      <ItemType>0</ItemType>
      <ItemName>גלי תות 1 ק"ג</ItemName>
      <ManufacturerName>אסם</ManufacturerName>
      <ManufactureCountry>לא ידוע</ManufactureCountry>
      <ManufacturerItemDescription>גלי תות 1 ק"ג</ManufacturerItemDescription>
      <UnitQty>קילוגרמים</UnitQty>
      <Quantity>1.00</Quantity>
      <UnitOfMeasure>ק"ג     </UnitOfMeasure>
      <bIsWeighted>0</bIsWeighted>
      <QtyInPackage>1</QtyInPackage>
      <ItemPrice>29.90</ItemPrice>
      <UnitOfMeasurePrice>29.9000</UnitOfMeasurePrice>
      <AllowDiscount>1</AllowDiscount>
      <ItemStatus>1</ItemStatus>
      <ItemId>225286</ItemId>
    </Item>
    <Item>
      <PriceUpdateDate>2015-01-01 00:00:00</PriceUpdateDate>
      <ItemCode>7790580300500</ItemCode>
      <ItemType>0</ItemType>
      <ItemName>בונבוניירה בון בון</ItemName>
      <ManufacturerName>ארקור</ManufacturerName>
      <ManufactureCountry>לא ידוע</ManufactureCountry>
      <ManufacturerItemDescription>בונבוניירה בון בון חום 306 גרם</ManufacturerItemDescription>
      <UnitQty>גרמים</UnitQty>
      <Quantity>306.00</Quantity>
      <UnitOfMeasure>100 גרם</UnitOfMeasure>
      <bIsWeighted>0</bIsWeighted>
      <QtyInPackage>1</QtyInPackage>
      <ItemPrice>16.90</ItemPrice>
      <UnitOfMeasurePrice>5.5229</UnitOfMeasurePrice>
      <AllowDiscount>1</AllowDiscount>
      <ItemStatus>1</ItemStatus>
      <ItemId>225289</ItemId>
    </Item>
    <Item>
      <PriceUpdateDate>2016-05-18 16:53:45</PriceUpdateDate>
      <ItemCode>80</ItemCode>
      <ItemType>0</ItemType>
      <ItemName>צנונית יח</ItemName>
      <ManufacturerName>,</ManufacturerName>
      <ManufactureCountry>לא ידוע</ManufactureCountry>
      <ManufacturerItemDescription>צנונית יח</ManufacturerItemDescription>
      <UnitQty>Unknown </UnitQty>
      <Quantity>0.00</Quantity>
      <UnitOfMeasure>Unknown </UnitOfMeasure>
      <bIsWeighted>0</bIsWeighted>
      <QtyInPackage>1</QtyInPackage>
      <ItemPrice>4.90</ItemPrice>
      <UnitOfMeasurePrice>0.0000</UnitOfMeasurePrice>
      <AllowDiscount>1</AllowDiscount>
      <ItemStatus>1</ItemStatus>
      <ItemId>225298</ItemId>
    </Item>
    <Item>
      <PriceUpdateDate>2015-08-11 16:48:10</PriceUpdateDate>
      <ItemCode>9008005</ItemCode>
      <ItemType>0</ItemType>
      <ItemName>תאנים</ItemName>
      <ManufacturerName>,</ManufacturerName>
      <ManufactureCountry>לא ידוע</ManufactureCountry>
      <ManufacturerItemDescription>תאנים</ManufacturerItemDescription>
      <UnitQty>קילוגרמים</UnitQty>
      <Quantity>1.00</Quantity>
      <UnitOfMeasure>ק"ג</UnitOfMeasure>
      <bIsWeighted>1</bIsWeighted>
      <QtyInPackage>לא ידוע</QtyInPackage>
      <ItemPrice>11.90</ItemPrice>
      <UnitOfMeasurePrice>11.9000</UnitOfMeasurePrice>
      <AllowDiscount>1</AllowDiscount>
      <ItemStatus>1</ItemStatus>
      <ItemId>225299</ItemId>
    </Item>
    <Item>
      <PriceUpdateDate>2015-01-01 00:00:00</PriceUpdateDate>
      <ItemCode>80000</ItemCode>
      <ItemType>0</ItemType>
      <ItemName>תבשיל אורז סגנון ספר</ItemName>
      <ManufacturerName>אסם</ManufacturerName>
      <ManufactureCountry>לא ידוע</ManufactureCountry>
      <ManufacturerItemDescription>תבשיל אורז סגנון ספרדי 140 גרם</ManufacturerItemDescription>
      <UnitQty>גרמים</UnitQty>
      <Quantity>140.00</Quantity>
      <UnitOfMeasure>100 גרם</UnitOfMeasure>
      <bIsWeighted>0</bIsWeighted>
      <QtyInPackage>1</QtyInPackage>
      <ItemPrice>10.70</ItemPrice>
      <UnitOfMeasurePrice>7.6429</UnitOfMeasurePrice>
      <AllowDiscount>1</AllowDiscount>
      <ItemStatus>1</ItemStatus>
      <ItemId>225300</ItemId>
    </Item>
    <Item>
      <PriceUpdateDate>2015-09-20 12:48:03</PriceUpdateDate>
      <ItemCode>8018654</ItemCode>
      <ItemType>0</ItemType>
      <ItemName>שמפו פינוק לילדים</ItemName>
      <ManufacturerName>יוניליוור</ManufacturerName>
      <ManufactureCountry>לא ידוע</ManufactureCountry>
      <ManufacturerItemDescription>שמפו פינוק לילדים 700 מ"ל</ManufacturerItemDescription>
      <UnitQty>מיליליטרים</UnitQty>
      <Quantity>700.00</Quantity>
      <UnitOfMeasure>100 מ"ל</UnitOfMeasure>
      <bIsWeighted>0</bIsWeighted>
      <QtyInPackage>1</QtyInPackage>
      <ItemPrice>8.30</ItemPrice>
      <UnitOfMeasurePrice>1.1857</UnitOfMeasurePrice>
      <AllowDiscount>1</AllowDiscount>
      <ItemStatus>1</ItemStatus>
      <ItemId>225308</ItemId>
    </Item>
    <Item>
      <PriceUpdateDate>2015-09-20 12:48:04</PriceUpdateDate>
      <ItemCode>8018661</ItemCode>
      <ItemType>0</ItemType>
      <ItemName>מרכך פינוק לילדים 70</ItemName>
      <ManufacturerName>יוניליוור</ManufacturerName>
      <ManufactureCountry>ישראל</ManufactureCountry>
      <ManufacturerItemDescription>מרכך פינוק לילדים 700 מל</ManufacturerItemDescription>
      <UnitQty>מיליליטרים</UnitQty>
      <Quantity>700.00</Quantity>
      <UnitOfMeasure>100 מ"ל</UnitOfMeasure>
      <bIsWeighted>0</bIsWeighted>
      <QtyInPackage>1</QtyInPackage>
      <ItemPrice>8.30</ItemPrice>
      <UnitOfMeasurePrice>1.1857</UnitOfMeasurePrice>
      <AllowDiscount>1</AllowDiscount>
      <ItemStatus>1</ItemStatus>
      <ItemId>225309</ItemId>
    </Item>
    <Item>
      <PriceUpdateDate>2015-09-20 12:48:04</PriceUpdateDate>
      <ItemCode>8018678</ItemCode>
      <ItemType>0</ItemType>
      <ItemName>שמפו פינוק 2 ב-1 ליל</ItemName>
      <ManufacturerName>יוניליוור</ManufacturerName>
      <ManufactureCountry>ישראל</ManufactureCountry>
      <ManufacturerItemDescription>שמפו פינוק 2ב-1 לילדים 700 מל</ManufacturerItemDescription>
      <UnitQty>מיליליטרים</UnitQty>
      <Quantity>700.00</Quantity>
      <UnitOfMeasure>100 מ"ל</UnitOfMeasure>
      <bIsWeighted>0</bIsWeighted>
      <QtyInPackage>1</QtyInPackage>
      <ItemPrice>8.30</ItemPrice>
      <UnitOfMeasurePrice>1.1857</UnitOfMeasurePrice>
      <AllowDiscount>1</AllowDiscount>
      <ItemStatus>1</ItemStatus>
      <ItemId>225310</ItemId>
    </Item>
    <Item>
      <PriceUpdateDate>2015-01-01 00:00:00</PriceUpdateDate>
      <ItemCode>8021043</ItemCode>
      <ItemType>0</ItemType>
      <ItemName>שמפו פינוק רגיל 700</ItemName>
      <ManufacturerName>יוניליוור</ManufacturerName>
      <ManufactureCountry>ישראל</ManufactureCountry>
      <ManufacturerItemDescription>שמפו פינוק רגיל 700 מל</ManufacturerItemDescription>
      <UnitQty>מיליליטרים</UnitQty>
      <Quantity>700.00</Quantity>
      <UnitOfMeasure>100 מ"ל</UnitOfMeasure>
      <bIsWeighted>0</bIsWeighted>
      <QtyInPackage>1</QtyInPackage>
      <ItemPrice>8.30</ItemPrice>
      <UnitOfMeasurePrice>1.1857</UnitOfMeasurePrice>
      <AllowDiscount>1</AllowDiscount>
      <ItemStatus>1</ItemStatus>
      <ItemId>225311</ItemId>
    </Item>
    <Item>
      <PriceUpdateDate>2015-01-01 00:00:00</PriceUpdateDate>
      <ItemCode>8021050</ItemCode>
      <ItemType>0</ItemType>
      <ItemName>שמפו פינוק יבש/יבש ב</ItemName>
      <ManufacturerName>יוניליוור</ManufacturerName>
      <ManufactureCountry>ישראל</ManufactureCountry>
      <ManufacturerItemDescription>שמפו פינוק יבש/יבש במיוחד 700 מל</ManufacturerItemDescription>
      <UnitQty>מיליליטרים</UnitQty>
      <Quantity>700.00</Quantity>
      <UnitOfMeasure>100 מ"ל</UnitOfMeasure>
      <bIsWeighted>0</bIsWeighted>
      <QtyInPackage>1</QtyInPackage>
      <ItemPrice>8.30</ItemPrice>
      <UnitOfMeasurePrice>1.1857</UnitOfMeasurePrice>
      <AllowDiscount>1</AllowDiscount>
      <ItemStatus>1</ItemStatus>
      <ItemId>225312</ItemId>
    </Item>
    <Item>
      <PriceUpdateDate>2015-01-01 00:00:00</PriceUpdateDate>
      <ItemCode>8021098</ItemCode>
      <ItemType>0</ItemType>
      <ItemName>שמפו פינוק קשקשים 70</ItemName>
      <ManufacturerName>יוניליוור</ManufacturerName>
      <ManufactureCountry>ישראל</ManufactureCountry>
      <ManufacturerItemDescription>שמפו פינוק קשקשים 700 מל</ManufacturerItemDescription>
      <UnitQty>מיליליטרים</UnitQty>
      <Quantity>700.00</Quantity>
      <UnitOfMeasure>100 מ"ל</UnitOfMeasure>
      <bIsWeighted>0</bIsWeighted>
      <QtyInPackage>1</QtyInPackage>
      <ItemPrice>8.30</ItemPrice>
      <UnitOfMeasurePrice>1.1857</UnitOfMeasurePrice>
      <AllowDiscount>1</AllowDiscount>
      <ItemStatus>1</ItemStatus>
      <ItemId>225313</ItemId>
    </Item>
    <Item>
      <PriceUpdateDate>2015-01-01 00:00:00</PriceUpdateDate>
      <ItemCode>8021104</ItemCode>
      <ItemType>0</ItemType>
      <ItemName>מרכך פינוק רגיל 700</ItemName>
      <ManufacturerName>יוניליוור</ManufacturerName>
      <ManufactureCountry>ישראל</ManufactureCountry>
      <ManufacturerItemDescription>מרכך פינוק רגיל 700 מל</ManufacturerItemDescription>
      <UnitQty>מיליליטרים</UnitQty>
      <Quantity>700.00</Quantity>
      <UnitOfMeasure>100 מ"ל</UnitOfMeasure>
      <bIsWeighted>0</bIsWeighted>
      <QtyInPackage>1</QtyInPackage>
      <ItemPrice>8.30</ItemPrice>
      <UnitOfMeasurePrice>1.1857</UnitOfMeasurePrice>
      <AllowDiscount>1</AllowDiscount>
      <ItemStatus>1</ItemStatus>
      <ItemId>225314</ItemId>
    </Item>
    <Item>
      <PriceUpdateDate>2015-01-01 00:00:00</PriceUpdateDate>
      <ItemCode>8021111</ItemCode>
      <ItemType>0</ItemType>
      <ItemName>מרכך פינוק יבש מאוד</ItemName>
      <ManufacturerName>יוניליוור</ManufacturerName>
      <ManufactureCountry>ישראל</ManufactureCountry>
      <ManufacturerItemDescription>מרכך פינוק יבש מאוד 700 מל</ManufacturerItemDescription>
      <UnitQty>מיליליטרים</UnitQty>
      <Quantity>700.00</Quantity>
      <UnitOfMeasure>100 מ"ל</UnitOfMeasure>
      <bIsWeighted>0</bIsWeighted>
      <QtyInPackage>1</QtyInPackage>
      <ItemPrice>8.30</ItemPrice>
      <UnitOfMeasurePrice>1.1857</UnitOfMeasurePrice>
      <AllowDiscount>1</AllowDiscount>
      <ItemStatus>1</ItemStatus>
      <ItemId>225315</ItemId>
    </Item>
    <Item>
      <PriceUpdateDate>2015-01-01 00:00:00</PriceUpdateDate>
      <ItemCode>8021135</ItemCode>
      <ItemType>0</ItemType>
      <ItemName>שמפו פינוק 2ב-1 רגיל</ItemName>
      <ManufacturerName>יוניליוור</ManufacturerName>
      <ManufactureCountry>ישראל</ManufactureCountry>
      <ManufacturerItemDescription>שמפו פינוק 2ב-1 רגיל 700 מל</ManufacturerItemDescription>
      <UnitQty>מיליליטרים</UnitQty>
      <Quantity>700.00</Quantity>
      <UnitOfMeasure>100 מ"ל</UnitOfMeasure>
      <bIsWeighted>0</bIsWeighted>
      <QtyInPackage>1</QtyInPackage>
      <ItemPrice>8.30</ItemPrice>
      <UnitOfMeasurePrice>1.1857</UnitOfMeasurePrice>
      <AllowDiscount>1</AllowDiscount>
      <ItemStatus>1</ItemStatus>
      <ItemId>225316</ItemId>
    </Item>
    <Item>
      <PriceUpdateDate>2015-01-01 00:00:00</PriceUpdateDate>
      <ItemCode>8023542</ItemCode>
      <ItemType>0</ItemType>
      <ItemName>נוזל רצפות סיף פנטסט</ItemName>
      <ManufacturerName>יוניליוור</ManufacturerName>
      <ManufactureCountry>ישראל</ManufactureCountry>
      <ManufacturerItemDescription>נוזל רצפות סיף פנטסטיק 4 ליטר</ManufacturerItemDescription>
      <UnitQty>ליטרים</UnitQty>
      <Quantity>4.00</Quantity>
      <UnitOfMeasure>ליטר    </UnitOfMeasure>
      <bIsWeighted>0</bIsWeighted>
      <QtyInPackage>1</QtyInPackage>
      <ItemPrice>18.90</ItemPrice>
      <UnitOfMeasurePrice>4.7250</UnitOfMeasurePrice>
      <AllowDiscount>1</AllowDiscount>
      <ItemStatus>1</ItemStatus>
      <ItemId>225318</ItemId>
    </Item>
    <Item>
      <PriceUpdateDate>2015-01-01 00:00:00</PriceUpdateDate>
      <ItemCode>804484</ItemCode>
      <ItemType>0</ItemType>
      <ItemName>מי פה אלמקס שטיפה</ItemName>
      <ManufacturerName>גאבה</ManufacturerName>
      <ManufactureCountry>שוויץ</ManufactureCountry>
      <ManufacturerItemDescription>מי פה אלמקס שטיפה 400 מל</ManufacturerItemDescription>
      <UnitQty>מיליליטרים</UnitQty>
      <Quantity>400.00</Quantity>
      <UnitOfMeasure>100 מ"ל</UnitOfMeasure>
      <bIsWeighted>0</bIsWeighted>
      <QtyInPackage>1</QtyInPackage>
      <ItemPrice>24.90</ItemPrice>
      <UnitOfMeasurePrice>6.2250</UnitOfMeasurePrice>
      <AllowDiscount>1</AllowDiscount>
      <ItemStatus>1</ItemStatus>
      <ItemId>225320</ItemId>
    </Item>
    <Item>
      <PriceUpdateDate>2015-01-01 00:00:00</PriceUpdateDate>
      <ItemCode>8094085</ItemCode>
      <ItemType>0</ItemType>
      <ItemName>משחה לתינוק עדינול ז</ItemName>
      <ManufacturerName>אמיליה קוסמטיקס</ManufacturerName>
      <ManufactureCountry>לא ידוע</ManufactureCountry>
      <ManufacturerItemDescription>משחה לתינוק עדינול זוג</ManufacturerItemDescription>
      <UnitQty>גרמים</UnitQty>
      <Quantity>200.00</Quantity>
      <UnitOfMeasure>100 גרם</UnitOfMeasure>
      <bIsWeighted>0</bIsWeighted>
      <QtyInPackage>1</QtyInPackage>
      <ItemPrice>21.90</ItemPrice>
      <UnitOfMeasurePrice>10.9500</UnitOfMeasurePrice>
      <AllowDiscount>1</AllowDiscount>
      <ItemStatus>1</ItemStatus>
      <ItemId>225323</ItemId>
    </Item>
    <Item>
      <PriceUpdateDate>2015-01-01 00:00:00</PriceUpdateDate>
      <ItemCode>8154222</ItemCode>
      <ItemType>0</ItemType>
      <ItemName>שניצלונים 700 גרם עו</ItemName>
      <ManufacturerName>עוף טוב</ManufacturerName>
      <ManufactureCountry>ישראל</ManufactureCountry>
      <ManufacturerItemDescription>שניצלונים 700 גרם עוף טוב</ManufacturerItemDescription>
      <UnitQty>גרמים</UnitQty>
      <Quantity>700.00</Quantity>
      <UnitOfMeasure>100 גרם</UnitOfMeasure>
      <bIsWeighted>0</bIsWeighted>
      <QtyInPackage>1</QtyInPackage>
      <ItemPrice>16.90</ItemPrice>
      <UnitOfMeasurePrice>2.4143</UnitOfMeasurePrice>
      <AllowDiscount>1</AllowDiscount>
      <ItemStatus>1</ItemStatus>
      <ItemId>225324</ItemId>
    </Item>
    <Item>
      <PriceUpdateDate>2015-09-21 08:15:31</PriceUpdateDate>
      <ItemCode>81663</ItemCode>
      <ItemType>0</ItemType>
      <ItemName>בייגלה טבעות שומשום</ItemName>
      <ManufacturerName>אסם</ManufacturerName>
      <ManufactureCountry>לא ידוע</ManufactureCountry>
      <ManufacturerItemDescription>בייגלה טבעות שומשום 300 גרם</ManufacturerItemDescription>
      <UnitQty>גרמים</UnitQty>
      <Quantity>300.00</Quantity>
      <UnitOfMeasure>100 גרם</UnitOfMeasure>
      <bIsWeighted>0</bIsWeighted>
      <QtyInPackage>1</QtyInPackage>
      <ItemPrice>8.90</ItemPrice>
      <UnitOfMeasurePrice>2.9667</UnitOfMeasurePrice>
      <AllowDiscount>1</AllowDiscount>
      <ItemStatus>1</ItemStatus>
      <ItemId>225326</ItemId>
    </Item>
    <Item>
      <PriceUpdateDate>2015-01-01 00:00:00</PriceUpdateDate>
      <ItemCode>8175814</ItemCode>
      <ItemType>0</ItemType>
      <ItemName>פטריות חתוכות 400 גר</ItemName>
      <ManufacturerName>אוקוצמפ</ManufacturerName>
      <ManufactureCountry>לא ידוע</ManufactureCountry>
      <ManufacturerItemDescription>פטריות חתוכות 400 גרם חת"ס ב"ב</ManufacturerItemDescription>
      <UnitQty>גרמים</UnitQty>
      <Quantity>400.00</Quantity>
      <UnitOfMeasure>100 גרם</UnitOfMeasure>
      <bIsWeighted>0</bIsWeighted>
      <QtyInPackage>1</QtyInPackage>
      <ItemPrice>3.90</ItemPrice>
      <UnitOfMeasurePrice>0.9750</UnitOfMeasurePrice>
      <AllowDiscount>1</AllowDiscount>
      <ItemStatus>1</ItemStatus>
      <ItemId>225335</ItemId>
    </Item>
    <Item>
      <PriceUpdateDate>2015-01-01 00:00:00</PriceUpdateDate>
      <ItemCode>8190633</ItemCode>
      <ItemType>0</ItemType>
      <ItemName>לקקן 110 יח</ItemName>
      <ManufacturerName>,</ManufacturerName>
      <ManufactureCountry>לא ידוע</ManufactureCountry>
      <ManufacturerItemDescription>לקקן 110 יח</ManufacturerItemDescription>
      <UnitQty>גרמים</UnitQty>
      <Quantity>110.00</Quantity>
      <UnitOfMeasure>100 גרם</UnitOfMeasure>
      <bIsWeighted>0</bIsWeighted>
      <QtyInPackage>1</QtyInPackage>
      <ItemPrice>23.90</ItemPrice>
      <UnitOfMeasurePrice>21.7273</UnitOfMeasurePrice>
      <AllowDiscount>1</AllowDiscount>
      <ItemStatus>1</ItemStatus>
      <ItemId>225337</ItemId>
    </Item>
    <Item>
      <PriceUpdateDate>2016-06-22 10:35:34</PriceUpdateDate>
      <ItemCode>7290107643924</ItemCode>
      <ItemType>0</ItemType>
      <ItemName>ריבועי ברנפלקס דבש 4</ItemName>
      <ManufacturerName>יוניליוור</ManufacturerName>
      <ManufactureCountry>לא ידוע</ManufactureCountry>
      <ManufacturerItemDescription>ריבועי ברנפלקס דבש 400 גרם</ManufacturerItemDescription>
      <UnitQty>גרמים</UnitQty>
      <Quantity>375.00</Quantity>
      <UnitOfMeasure>100 גרם</UnitOfMeasure>
      <bIsWeighted>0</bIsWeighted>
      <QtyInPackage>1</QtyInPackage>
      <ItemPrice>21.90</ItemPrice>
      <UnitOfMeasurePrice>5.8400</UnitOfMeasurePrice>
      <AllowDiscount>1</AllowDiscount>
      <ItemStatus>1</ItemStatus>
      <ItemId>268582</ItemId>
    </Item>
    <Item>
      <PriceUpdateDate>2015-01-01 00:00:00</PriceUpdateDate>
      <ItemCode>8190985</ItemCode>
      <ItemType>0</ItemType>
      <ItemName>לקקן גלידה 50 יח בד"</ItemName>
      <ManufacturerName>כרמית</ManufacturerName>
      <ManufactureCountry>לא ידוע</ManufactureCountry>
      <ManufacturerItemDescription>לקקן גלידה 50 יח בד"צ</ManufacturerItemDescription>
      <UnitQty>גרמים</UnitQty>
      <Quantity>500.00</Quantity>
      <UnitOfMeasure>100 גרם</UnitOfMeasure>
      <bIsWeighted>0</bIsWeighted>
      <QtyInPackage>1</QtyInPackage>
      <ItemPrice>15.90</ItemPrice>
      <UnitOfMeasurePrice>3.1800</UnitOfMeasurePrice>
      <AllowDiscount>1</AllowDiscount>
      <ItemStatus>1</ItemStatus>
      <ItemId>225341</ItemId>
    </Item>
    <Item>
      <PriceUpdateDate>2015-01-01 00:00:00</PriceUpdateDate>
      <ItemCode>8257077</ItemCode>
      <ItemType>0</ItemType>
      <ItemName>בקבוק רחב קטן</ItemName>
      <ManufacturerName>אריסטוקרט</ManufacturerName>
      <ManufactureCountry>תאילנד</ManufactureCountry>
      <ManufacturerItemDescription>בקבוק רחב קטן</ManufacturerItemDescription>
      <UnitQty>Unknown </UnitQty>
      <Quantity>0.00</Quantity>
      <UnitOfMeasure>Unknown </UnitOfMeasure>
      <bIsWeighted>0</bIsWeighted>
      <QtyInPackage>1</QtyInPackage>
      <ItemPrice>13.90</ItemPrice>
      <UnitOfMeasurePrice>0.0000</UnitOfMeasurePrice>
      <AllowDiscount>1</AllowDiscount>
      <ItemStatus>1</ItemStatus>
      <ItemId>225343</ItemId>
    </Item>
    <Item>
      <PriceUpdateDate>2015-01-01 00:00:00</PriceUpdateDate>
      <ItemCode>8257138</ItemCode>
      <ItemType>0</ItemType>
      <ItemName>פטמה שלישיה</ItemName>
      <ManufacturerName>אריסטוקרט</ManufacturerName>
      <ManufactureCountry>סין</ManufactureCountry>
      <ManufacturerItemDescription>פטמה שלישיה</ManufacturerItemDescription>
      <UnitQty>Unknown </UnitQty>
      <Quantity>0.00</Quantity>
      <UnitOfMeasure>Unknown </UnitOfMeasure>
      <bIsWeighted>0</bIsWeighted>
      <QtyInPackage>3</QtyInPackage>
      <ItemPrice>4.90</ItemPrice>
      <UnitOfMeasurePrice>0.0000</UnitOfMeasurePrice>
      <AllowDiscount>1</AllowDiscount>
      <ItemStatus>1</ItemStatus>
      <ItemId>225346</ItemId>
    </Item>
    <Item>
      <PriceUpdateDate>2015-01-01 00:00:00</PriceUpdateDate>
      <ItemCode>8257169</ItemCode>
      <ItemType>0</ItemType>
      <ItemName>פלסטר 100 יח</ItemName>
      <ManufacturerName>,</ManufacturerName>
      <ManufactureCountry>לא ידוע</ManufactureCountry>
      <ManufacturerItemDescription>פלסטר 100 יח"</ManufacturerItemDescription>
      <UnitQty>Unknown </UnitQty>
      <Quantity>0.00</Quantity>
      <UnitOfMeasure>Unknown </UnitOfMeasure>
      <bIsWeighted>0</bIsWeighted>
      <QtyInPackage>1</QtyInPackage>
      <ItemPrice>6.90</ItemPrice>
      <UnitOfMeasurePrice>0.0000</UnitOfMeasurePrice>
      <AllowDiscount>1</AllowDiscount>
      <ItemStatus>1</ItemStatus>
      <ItemId>225348</ItemId>
    </Item>
    <Item>
      <PriceUpdateDate>2015-01-01 00:00:00</PriceUpdateDate>
      <ItemCode>8257176</ItemCode>
      <ItemType>0</ItemType>
      <ItemName>מחלק מזון לתינוק</ItemName>
      <ManufacturerName>אריסטוקרט</ManufacturerName>
      <ManufactureCountry>סין</ManufactureCountry>
      <ManufacturerItemDescription>מחלק מזון לתינוק</ManufacturerItemDescription>
      <UnitQty>Unknown </UnitQty>
      <Quantity>0.00</Quantity>
      <UnitOfMeasure>Unknown </UnitOfMeasure>
      <bIsWeighted>0</bIsWeighted>
      <QtyInPackage>1</QtyInPackage>
      <ItemPrice>10.90</ItemPrice>
      <UnitOfMeasurePrice>0.0000</UnitOfMeasurePrice>
      <AllowDiscount>1</AllowDiscount>
      <ItemStatus>1</ItemStatus>
      <ItemId>225349</ItemId>
    </Item>
    <Item>
      <PriceUpdateDate>2015-01-01 00:00:00</PriceUpdateDate>
      <ItemCode>8257206</ItemCode>
      <ItemType>0</ItemType>
      <ItemName>מברשת ניקוי לבקבוק</ItemName>
      <ManufacturerName>אריסטוקרט</ManufacturerName>
      <ManufactureCountry>ישראל</ManufactureCountry>
      <ManufacturerItemDescription>מברשת ניקוי לבקבוק</ManufacturerItemDescription>
      <UnitQty>Unknown </UnitQty>
      <Quantity>0.00</Quantity>
      <UnitOfMeasure>Unknown </UnitOfMeasure>
      <bIsWeighted>0</bIsWeighted>
      <QtyInPackage>1</QtyInPackage>
      <ItemPrice>4.90</ItemPrice>
      <UnitOfMeasurePrice>0.0000</UnitOfMeasurePrice>
      <AllowDiscount>1</AllowDiscount>
      <ItemStatus>1</ItemStatus>
      <ItemId>225351</ItemId>
    </Item>
    <Item>
      <PriceUpdateDate>2015-01-01 00:00:00</PriceUpdateDate>
      <ItemCode>8257220</ItemCode>
      <ItemType>0</ItemType>
      <ItemName>בקבוק אנזה גדול/קטן</ItemName>
      <ManufacturerName>אריסטוקרט</ManufacturerName>
      <ManufactureCountry>ישראל</ManufactureCountry>
      <ManufacturerItemDescription>בקבוק אנזה גדול/קטן</ManufacturerItemDescription>
      <UnitQty>Unknown </UnitQty>
      <Quantity>0.00</Quantity>
      <UnitOfMeasure>Unknown </UnitOfMeasure>
      <bIsWeighted>0</bIsWeighted>
      <QtyInPackage>1</QtyInPackage>
      <ItemPrice>10.90</ItemPrice>
      <UnitOfMeasurePrice>0.0000</UnitOfMeasurePrice>
      <AllowDiscount>1</AllowDiscount>
      <ItemStatus>1</ItemStatus>
      <ItemId>225353</ItemId>
    </Item>
    <Item>
      <PriceUpdateDate>2015-01-01 00:00:00</PriceUpdateDate>
      <ItemCode>8257244</ItemCode>
      <ItemType>0</ItemType>
      <ItemName>מברשת + מסרק לתינוק</ItemName>
      <ManufacturerName>אריסטוקרט</ManufacturerName>
      <ManufactureCountry>ישראל</ManufactureCountry>
      <ManufacturerItemDescription>מברשת + מסרק לתינוק</ManufacturerItemDescription>
      <UnitQty>Unknown </UnitQty>
      <Quantity>0.00</Quantity>
      <UnitOfMeasure>Unknown </UnitOfMeasure>
      <bIsWeighted>0</bIsWeighted>
      <QtyInPackage>1</QtyInPackage>
      <ItemPrice>7.90</ItemPrice>
      <UnitOfMeasurePrice>0.0000</UnitOfMeasurePrice>
      <AllowDiscount>1</AllowDiscount>
      <ItemStatus>1</ItemStatus>
      <ItemId>225354</ItemId>
    </Item>
    <Item>
      <PriceUpdateDate>2015-10-20 15:17:45</PriceUpdateDate>
      <ItemCode>8257268</ItemCode>
      <ItemType>0</ItemType>
      <ItemName>שרשרת למוצץ קליפס בד</ItemName>
      <ManufacturerName>אריסטוקרט</ManufacturerName>
      <ManufactureCountry>ישראל</ManufactureCountry>
      <ManufacturerItemDescription>שרשרת למוצץ קליפס בד</ManufacturerItemDescription>
      <UnitQty>Unknown </UnitQty>
      <Quantity>0.00</Quantity>
      <UnitOfMeasure>Unknown </UnitOfMeasure>
      <bIsWeighted>0</bIsWeighted>
      <QtyInPackage>1</QtyInPackage>
      <ItemPrice>7.90</ItemPrice>
      <UnitOfMeasurePrice>0.0000</UnitOfMeasurePrice>
      <AllowDiscount>1</AllowDiscount>
      <ItemStatus>1</ItemStatus>
      <ItemId>225356</ItemId>
    </Item>
    <Item>
      <PriceUpdateDate>2015-01-01 00:00:00</PriceUpdateDate>
      <ItemCode>8257275</ItemCode>
      <ItemType>0</ItemType>
      <ItemName>פטמות רחבות רב שלבי</ItemName>
      <ManufacturerName>אריסטוקרט</ManufacturerName>
      <ManufactureCountry>ישראל</ManufactureCountry>
      <ManufacturerItemDescription>פטמות רחבות רב שלבי</ManufacturerItemDescription>
      <UnitQty>Unknown </UnitQty>
      <Quantity>0.00</Quantity>
      <UnitOfMeasure>Unknown </UnitOfMeasure>
      <bIsWeighted>0</bIsWeighted>
      <QtyInPackage>1</QtyInPackage>
      <ItemPrice>11.90</ItemPrice>
      <UnitOfMeasurePrice>0.0000</UnitOfMeasurePrice>
      <AllowDiscount>1</AllowDiscount>
      <ItemStatus>1</ItemStatus>
      <ItemId>225357</ItemId>
    </Item>
    <Item>
      <PriceUpdateDate>2015-01-01 00:00:00</PriceUpdateDate>
      <ItemCode>8257305</ItemCode>
      <ItemType>0</ItemType>
      <ItemName>מוצץ איריס זוג קטן</ItemName>
      <ManufacturerName>אריסטוקרט</ManufacturerName>
      <ManufactureCountry>תאילנד</ManufactureCountry>
      <ManufacturerItemDescription>מוצץ איריס זוג קטן</ManufacturerItemDescription>
      <UnitQty>Unknown </UnitQty>
      <Quantity>0.00</Quantity>
      <UnitOfMeasure>Unknown </UnitOfMeasure>
      <bIsWeighted>0</bIsWeighted>
      <QtyInPackage>2</QtyInPackage>
      <ItemPrice>13.90</ItemPrice>
      <UnitOfMeasurePrice>0.0000</UnitOfMeasurePrice>
      <AllowDiscount>1</AllowDiscount>
      <ItemStatus>1</ItemStatus>
      <ItemId>225358</ItemId>
    </Item>
    <Item>
      <PriceUpdateDate>2015-01-01 00:00:00</PriceUpdateDate>
      <ItemCode>8257312</ItemCode>
      <ItemType>0</ItemType>
      <ItemName>מוצץ איריס זוג גדול</ItemName>
      <ManufacturerName>אריסטוקרט</ManufacturerName>
      <ManufactureCountry>תאילנד</ManufactureCountry>
      <ManufacturerItemDescription>מוצץ איריס זוג גדול</ManufacturerItemDescription>
      <UnitQty>Unknown </UnitQty>
      <Quantity>0.00</Quantity>
      <UnitOfMeasure>Unknown </UnitOfMeasure>
      <bIsWeighted>0</bIsWeighted>
      <QtyInPackage>2</QtyInPackage>
      <ItemPrice>13.90</ItemPrice>
      <UnitOfMeasurePrice>0.0000</UnitOfMeasurePrice>
      <AllowDiscount>1</AllowDiscount>
      <ItemStatus>1</ItemStatus>
      <ItemId>225359</ItemId>
    </Item>
    <Item>
      <PriceUpdateDate>2015-01-01 00:00:00</PriceUpdateDate>
      <ItemCode>8257367</ItemCode>
      <ItemType>0</ItemType>
      <ItemName>מוצץ לוטוס זוג גדול</ItemName>
      <ManufacturerName>אריסטוקרט</ManufacturerName>
      <ManufactureCountry>תאילנד</ManufactureCountry>
      <ManufacturerItemDescription>מוצץ לוטוס זוג גדול</ManufacturerItemDescription>
      <UnitQty>Unknown </UnitQty>
      <Quantity>0.00</Quantity>
      <UnitOfMeasure>Unknown </UnitOfMeasure>
      <bIsWeighted>0</bIsWeighted>
      <QtyInPackage>2</QtyInPackage>
      <ItemPrice>10.90</ItemPrice>
      <UnitOfMeasurePrice>0.0000</UnitOfMeasurePrice>
      <AllowDiscount>1</AllowDiscount>
      <ItemStatus>1</ItemStatus>
      <ItemId>225361</ItemId>
    </Item>
    <Item>
      <PriceUpdateDate>2015-01-01 00:00:00</PriceUpdateDate>
      <ItemCode>8257459</ItemCode>
      <ItemType>0</ItemType>
      <ItemName>אלכוהול רפואי %70</ItemName>
      <ManufacturerName>אריסטוקרט</ManufacturerName>
      <ManufactureCountry>ישראל</ManufactureCountry>
      <ManufacturerItemDescription>אלכוהול רפואי %70</ManufacturerItemDescription>
      <UnitQty>Unknown </UnitQty>
      <Quantity>0.00</Quantity>
      <UnitOfMeasure>Unknown </UnitOfMeasure>
      <bIsWeighted>0</bIsWeighted>
      <QtyInPackage>1</QtyInPackage>
      <ItemPrice>5.50</ItemPrice>
      <UnitOfMeasurePrice>0.0000</UnitOfMeasurePrice>
      <AllowDiscount>1</AllowDiscount>
      <ItemStatus>1</ItemStatus>
      <ItemId>225364</ItemId>
    </Item>
    <Item>
      <PriceUpdateDate>2015-01-01 00:00:00</PriceUpdateDate>
      <ItemCode>8257558</ItemCode>
      <ItemType>0</ItemType>
      <ItemName>מבריק נעליים</ItemName>
      <ManufacturerName>,</ManufacturerName>
      <ManufactureCountry>לא ידוע</ManufactureCountry>
      <ManufacturerItemDescription>מבריק נעליים</ManufacturerItemDescription>
      <UnitQty>Unknown </UnitQty>
      <Quantity>0.00</Quantity>
      <UnitOfMeasure>Unknown </UnitOfMeasure>
      <bIsWeighted>0</bIsWeighted>
      <QtyInPackage>1</QtyInPackage>
      <ItemPrice>4.40</ItemPrice>
      <UnitOfMeasurePrice>0.0000</UnitOfMeasurePrice>
      <AllowDiscount>1</AllowDiscount>
      <ItemStatus>1</ItemStatus>
      <ItemId>225367</ItemId>
    </Item>
    <Item>
      <PriceUpdateDate>2015-01-01 00:00:00</PriceUpdateDate>
      <ItemCode>8257909</ItemCode>
      <ItemType>0</ItemType>
      <ItemName>משחת נעליים נוזלי שח</ItemName>
      <ManufacturerName>,</ManufacturerName>
      <ManufactureCountry>לא ידוע</ManufactureCountry>
      <ManufacturerItemDescription>משחת נעליים נוזלי שחור75</ManufacturerItemDescription>
      <UnitQty>Unknown </UnitQty>
      <Quantity>0.00</Quantity>
      <UnitOfMeasure>Unknown </UnitOfMeasure>
      <bIsWeighted>0</bIsWeighted>
      <QtyInPackage>1</QtyInPackage>
      <ItemPrice>3.90</ItemPrice>
      <UnitOfMeasurePrice>0.0000</UnitOfMeasurePrice>
      <AllowDiscount>1</AllowDiscount>
      <ItemStatus>1</ItemStatus>
      <ItemId>225372</ItemId>
    </Item>
    <Item>
      <PriceUpdateDate>2015-01-01 00:00:00</PriceUpdateDate>
      <ItemCode>8257961</ItemCode>
      <ItemType>0</ItemType>
      <ItemName>ספוג רחצה דו צדדי</ItemName>
      <ManufacturerName>,</ManufacturerName>
      <ManufactureCountry>לא ידוע</ManufactureCountry>
      <ManufacturerItemDescription>ספוג רחצה דו צדדי</ManufacturerItemDescription>
      <UnitQty>Unknown </UnitQty>
      <Quantity>0.00</Quantity>
      <UnitOfMeasure>Unknown </UnitOfMeasure>
      <bIsWeighted>0</bIsWeighted>
      <QtyInPackage>1</QtyInPackage>
      <ItemPrice>3.50</ItemPrice>
      <UnitOfMeasurePrice>0.0000</UnitOfMeasurePrice>
      <AllowDiscount>1</AllowDiscount>
      <ItemStatus>1</ItemStatus>
      <ItemId>225373</ItemId>
    </Item>
    <Item>
      <PriceUpdateDate>2016-04-11 18:17:36</PriceUpdateDate>
      <ItemCode>9008302</ItemCode>
      <ItemType>0</ItemType>
      <ItemName>ענבים לבנים</ItemName>
      <ManufacturerName>,</ManufacturerName>
      <ManufactureCountry>לא ידוע</ManufactureCountry>
      <ManufacturerItemDescription>ענבים לבנים</ManufacturerItemDescription>
      <UnitQty>קילוגרמים</UnitQty>
      <Quantity>1.00</Quantity>
      <UnitOfMeasure>ק"ג</UnitOfMeasure>
      <bIsWeighted>1</bIsWeighted>
      <QtyInPackage>לא ידוע</QtyInPackage>
      <ItemPrice>13.90</ItemPrice>
      <UnitOfMeasurePrice>13.9000</UnitOfMeasurePrice>
      <AllowDiscount>1</AllowDiscount>
      <ItemStatus>1</ItemStatus>
      <ItemId>225375</ItemId>
    </Item>
    <Item>
      <PriceUpdateDate>2016-04-11 18:17:37</PriceUpdateDate>
      <ItemCode>9008319</ItemCode>
      <ItemType>0</ItemType>
      <ItemName>ענבים שחורים</ItemName>
      <ManufacturerName>,</ManufacturerName>
      <ManufactureCountry>לא ידוע</ManufactureCountry>
      <ManufacturerItemDescription>ענבים שחורים</ManufacturerItemDescription>
      <UnitQty>קילוגרמים</UnitQty>
      <Quantity>1.00</Quantity>
      <UnitOfMeasure>ק"ג</UnitOfMeasure>
      <bIsWeighted>1</bIsWeighted>
      <QtyInPackage>לא ידוע</QtyInPackage>
      <ItemPrice>9.90</ItemPrice>
      <UnitOfMeasurePrice>9.9000</UnitOfMeasurePrice>
      <AllowDiscount>1</AllowDiscount>
      <ItemStatus>1</ItemStatus>
      <ItemId>225376</ItemId>
    </Item>
    <Item>
      <PriceUpdateDate>2015-01-01 00:00:00</PriceUpdateDate>
      <ItemCode>8330107</ItemCode>
      <ItemType>0</ItemType>
      <ItemName>מרכך כביסה בדין ספרי</ItemName>
      <ManufacturerName>,</ManufacturerName>
      <ManufactureCountry>לא ידוע</ManufactureCountry>
      <ManufacturerItemDescription>מ.כביסה בדין ספרינג פרש 4 ליטר</ManufacturerItemDescription>
      <UnitQty>ליטרים</UnitQty>
      <Quantity>4.00</Quantity>
      <UnitOfMeasure>ליטר    </UnitOfMeasure>
      <bIsWeighted>0</bIsWeighted>
      <QtyInPackage>1</QtyInPackage>
      <ItemPrice>16.90</ItemPrice>
      <UnitOfMeasurePrice>4.2250</UnitOfMeasurePrice>
      <AllowDiscount>1</AllowDiscount>
      <ItemStatus>1</ItemStatus>
      <ItemId>225378</ItemId>
    </Item>
    <Item>
      <PriceUpdateDate>2015-08-20 08:31:27</PriceUpdateDate>
      <ItemCode>8336772</ItemCode>
      <ItemType>0</ItemType>
      <ItemName>גידים טאק טורו בקג</ItemName>
      <ManufacturerName>פניסקור פריזוגזי קנל</ManufacturerName>
      <ManufactureCountry>לא ידוע</ManufactureCountry>
      <ManufacturerItemDescription>גידים טאק טורו בקג</ManufacturerItemDescription>
      <UnitQty>קילוגרמים</UnitQty>
      <Quantity>1.00</Quantity>
      <UnitOfMeasure>ק"ג</UnitOfMeasure>
      <bIsWeighted>1</bIsWeighted>
      <QtyInPackage>לא ידוע</QtyInPackage>
      <ItemPrice>39.90</ItemPrice>
      <UnitOfMeasurePrice>39.9000</UnitOfMeasurePrice>
      <AllowDiscount>1</AllowDiscount>
      <ItemStatus>1</ItemStatus>
      <ItemId>225380</ItemId>
    </Item>
    <Item>
      <PriceUpdateDate>2015-12-06 12:59:35</PriceUpdateDate>
      <ItemCode>8336796</ItemCode>
      <ItemType>0</ItemType>
      <ItemName>בשר ראש טאק טורו בק"</ItemName>
      <ManufacturerName>פריגוצאי</ManufacturerName>
      <ManufactureCountry>לא ידוע</ManufactureCountry>
      <ManufacturerItemDescription>בשר ראש טאק טורו בק"ג</ManufacturerItemDescription>
      <UnitQty>קילוגרמים</UnitQty>
      <Quantity>1.00</Quantity>
      <UnitOfMeasure>ק"ג</UnitOfMeasure>
      <bIsWeighted>1</bIsWeighted>
      <QtyInPackage>לא ידוע</QtyInPackage>
      <ItemPrice>44.90</ItemPrice>
      <UnitOfMeasurePrice>44.9000</UnitOfMeasurePrice>
      <AllowDiscount>1</AllowDiscount>
      <ItemStatus>1</ItemStatus>
      <ItemId>225381</ItemId>
    </Item>
    <Item>
      <PriceUpdateDate>2015-01-01 00:00:00</PriceUpdateDate>
      <ItemCode>7290011860301</ItemCode>
      <ItemType>0</ItemType>
      <ItemName>ביסבול תפו"א תירס</ItemName>
      <ManufacturerName>תפוגן</ManufacturerName>
      <ManufactureCountry>ישראל</ManufactureCountry>
      <ManufacturerItemDescription>ביסבול תפוא תירס 700 גרם</ManufacturerItemDescription>
      <UnitQty>גרמים</UnitQty>
      <Quantity>700.00</Quantity>
      <UnitOfMeasure>100 גרם</UnitOfMeasure>
      <bIsWeighted>0</bIsWeighted>
      <QtyInPackage>1</QtyInPackage>
      <ItemPrice>11.90</ItemPrice>
      <UnitOfMeasurePrice>1.7000</UnitOfMeasurePrice>
      <AllowDiscount>1</AllowDiscount>
      <ItemStatus>1</ItemStatus>
      <ItemId>241105</ItemId>
    </Item>
    <Item>
      <PriceUpdateDate>2015-01-01 00:00:00</PriceUpdateDate>
      <ItemCode>8343060</ItemCode>
      <ItemType>0</ItemType>
      <ItemName>פיצה משולש זית בד"צ</ItemName>
      <ManufacturerName>פיצרייה</ManufacturerName>
      <ManufactureCountry>לא ידוע</ManufactureCountry>
      <ManufacturerItemDescription>פיצה משולש זית בד"צ 900 גרם</ManufacturerItemDescription>
      <UnitQty>גרמים</UnitQty>
      <Quantity>900.00</Quantity>
      <UnitOfMeasure>100 גרם</UnitOfMeasure>
      <bIsWeighted>0</bIsWeighted>
      <QtyInPackage>1</QtyInPackage>
      <ItemPrice>17.90</ItemPrice>
      <UnitOfMeasurePrice>1.9889</UnitOfMeasurePrice>
      <AllowDiscount>1</AllowDiscount>
      <ItemStatus>1</ItemStatus>
      <ItemId>225387</ItemId>
    </Item>
    <Item>
      <PriceUpdateDate>2015-01-01 00:00:00</PriceUpdateDate>
      <ItemCode>8343114</ItemCode>
      <ItemType>0</ItemType>
      <ItemName>פיצה אישי עגול מרגרי</ItemName>
      <ManufacturerName>פיצרייה</ManufacturerName>
      <ManufactureCountry>לא ידוע</ManufactureCountry>
      <ManufacturerItemDescription>פיצה אישי עגול מרגריטה 900 גרם</ManufacturerItemDescription>
      <UnitQty>גרמים</UnitQty>
      <Quantity>900.00</Quantity>
      <UnitOfMeasure>100 גרם</UnitOfMeasure>
      <bIsWeighted>0</bIsWeighted>
      <QtyInPackage>1</QtyInPackage>
      <ItemPrice>17.90</ItemPrice>
      <UnitOfMeasurePrice>1.9889</UnitOfMeasurePrice>
      <AllowDiscount>1</AllowDiscount>
      <ItemStatus>1</ItemStatus>
      <ItemId>225388</ItemId>
    </Item>
    <Item>
      <PriceUpdateDate>2015-01-01 00:00:00</PriceUpdateDate>
      <ItemCode>8343466</ItemCode>
      <ItemType>0</ItemType>
      <ItemName>בצק פילו 500 גרם</ItemName>
      <ManufacturerName>שלושת האופים</ManufacturerName>
      <ManufactureCountry>לא ידוע</ManufactureCountry>
      <ManufacturerItemDescription>בצק פילו 500 גרם</ManufacturerItemDescription>
      <UnitQty>גרמים</UnitQty>
      <Quantity>500.00</Quantity>
      <UnitOfMeasure>100 גרם</UnitOfMeasure>
      <bIsWeighted>0</bIsWeighted>
      <QtyInPackage>1</QtyInPackage>
      <ItemPrice>18.90</ItemPrice>
      <UnitOfMeasurePrice>3.7800</UnitOfMeasurePrice>
      <AllowDiscount>1</AllowDiscount>
      <ItemStatus>1</ItemStatus>
      <ItemId>225389</ItemId>
    </Item>
    <Item>
      <PriceUpdateDate>2015-01-01 00:00:00</PriceUpdateDate>
      <ItemCode>8343503</ItemCode>
      <ItemType>0</ItemType>
      <ItemName>גחנון אפוי 650 גרם</ItemName>
      <ManufacturerName>שלושת האופים</ManufacturerName>
      <ManufactureCountry>לא ידוע</ManufactureCountry>
      <ManufacturerItemDescription>גחנון אפוי 650 גרם</ManufacturerItemDescription>
      <UnitQty>גרמים</UnitQty>
      <Quantity>650.00</Quantity>
      <UnitOfMeasure>100 גרם</UnitOfMeasure>
      <bIsWeighted>0</bIsWeighted>
      <QtyInPackage>1</QtyInPackage>
      <ItemPrice>19.90</ItemPrice>
      <UnitOfMeasurePrice>3.0615</UnitOfMeasurePrice>
      <AllowDiscount>1</AllowDiscount>
      <ItemStatus>1</ItemStatus>
      <ItemId>225390</ItemId>
    </Item>
    <Item>
      <PriceUpdateDate>2015-01-01 00:00:00</PriceUpdateDate>
      <ItemCode>8343558</ItemCode>
      <ItemType>0</ItemType>
      <ItemName>סיגרים בשר 1 קג ש.</ItemName>
      <ManufacturerName>שלושת האופים</ManufacturerName>
      <ManufactureCountry>לא ידוע</ManufactureCountry>
      <ManufacturerItemDescription>סיגרים בשר 1 ק"ג ש. האופים</ManufacturerItemDescription>
      <UnitQty>קילוגרמים</UnitQty>
      <Quantity>1.00</Quantity>
      <UnitOfMeasure>ק"ג     </UnitOfMeasure>
      <bIsWeighted>0</bIsWeighted>
      <QtyInPackage>1</QtyInPackage>
      <ItemPrice>14.90</ItemPrice>
      <UnitOfMeasurePrice>14.9000</UnitOfMeasurePrice>
      <AllowDiscount>1</AllowDiscount>
      <ItemStatus>1</ItemStatus>
      <ItemId>225391</ItemId>
    </Item>
    <Item>
      <PriceUpdateDate>2015-01-01 00:00:00</PriceUpdateDate>
      <ItemCode>8343565</ItemCode>
      <ItemType>0</ItemType>
      <ItemName>סיגרים תפוא 1 קג ש</ItemName>
      <ManufacturerName>שלושת האופים</ManufacturerName>
      <ManufactureCountry>לא ידוע</ManufactureCountry>
      <ManufacturerItemDescription>סיגרים תפו"א 1 ק"ג ש. האופים</ManufacturerItemDescription>
      <UnitQty>קילוגרמים</UnitQty>
      <Quantity>1.00</Quantity>
      <UnitOfMeasure>ק"ג     </UnitOfMeasure>
      <bIsWeighted>0</bIsWeighted>
      <QtyInPackage>1</QtyInPackage>
      <ItemPrice>14.90</ItemPrice>
      <UnitOfMeasurePrice>14.9000</UnitOfMeasurePrice>
      <AllowDiscount>1</AllowDiscount>
      <ItemStatus>1</ItemStatus>
      <ItemId>225392</ItemId>
    </Item>
    <Item>
      <PriceUpdateDate>2015-01-01 00:00:00</PriceUpdateDate>
      <ItemCode>8343572</ItemCode>
      <ItemType>0</ItemType>
      <ItemName>אגרול סיני 1 קג ש.</ItemName>
      <ManufacturerName>שלושת האופים</ManufacturerName>
      <ManufactureCountry>לא ידוע</ManufactureCountry>
      <ManufacturerItemDescription>אגרול סיני 1 ק"ג ש. האופים</ManufacturerItemDescription>
      <UnitQty>קילוגרמים</UnitQty>
      <Quantity>1.00</Quantity>
      <UnitOfMeasure>ק"ג     </UnitOfMeasure>
      <bIsWeighted>0</bIsWeighted>
      <QtyInPackage>1</QtyInPackage>
      <ItemPrice>14.90</ItemPrice>
      <UnitOfMeasurePrice>14.9000</UnitOfMeasurePrice>
      <AllowDiscount>1</AllowDiscount>
      <ItemStatus>1</ItemStatus>
      <ItemId>225393</ItemId>
    </Item>
    <Item>
      <PriceUpdateDate>2015-01-01 00:00:00</PriceUpdateDate>
      <ItemCode>8343602</ItemCode>
      <ItemType>0</ItemType>
      <ItemName>קובה בשר מטוגן 1 קג</ItemName>
      <ManufacturerName>שלושת האופים</ManufacturerName>
      <ManufactureCountry>לא ידוע</ManufactureCountry>
      <ManufacturerItemDescription>קובה בשר מטוגן 1 ק"ג ש.האופים</ManufacturerItemDescription>
      <UnitQty>קילוגרמים</UnitQty>
      <Quantity>1.00</Quantity>
      <UnitOfMeasure>ק"ג     </UnitOfMeasure>
      <bIsWeighted>0</bIsWeighted>
      <QtyInPackage>1</QtyInPackage>
      <ItemPrice>14.90</ItemPrice>
      <UnitOfMeasurePrice>14.9000</UnitOfMeasurePrice>
      <AllowDiscount>1</AllowDiscount>
      <ItemStatus>1</ItemStatus>
      <ItemId>225394</ItemId>
    </Item>
    <Item>
      <PriceUpdateDate>2015-01-01 00:00:00</PriceUpdateDate>
      <ItemCode>8343619</ItemCode>
      <ItemType>0</ItemType>
      <ItemName>פסטלים תפו"א 1 ק"ג ש</ItemName>
      <ManufacturerName>שלושת האופים</ManufacturerName>
      <ManufactureCountry>לא ידוע</ManufactureCountry>
      <ManufacturerItemDescription>פסטלים תפו"א 1 ק"ג ש. האופים</ManufacturerItemDescription>
      <UnitQty>קילוגרמים</UnitQty>
      <Quantity>1.00</Quantity>
      <UnitOfMeasure>ק"ג     </UnitOfMeasure>
      <bIsWeighted>0</bIsWeighted>
      <QtyInPackage>1</QtyInPackage>
      <ItemPrice>14.90</ItemPrice>
      <UnitOfMeasurePrice>14.9000</UnitOfMeasurePrice>
      <AllowDiscount>1</AllowDiscount>
      <ItemStatus>1</ItemStatus>
      <ItemId>225395</ItemId>
    </Item>
    <Item>
      <PriceUpdateDate>2015-01-01 00:00:00</PriceUpdateDate>
      <ItemCode>8343626</ItemCode>
      <ItemType>0</ItemType>
      <ItemName>פלאפל 1 ק"ג</ItemName>
      <ManufacturerName>שלושת האופים</ManufacturerName>
      <ManufactureCountry>לא ידוע</ManufactureCountry>
      <ManufacturerItemDescription>פלאפל 1 ק"ג</ManufacturerItemDescription>
      <UnitQty>קילוגרמים</UnitQty>
      <Quantity>1.00</Quantity>
      <UnitOfMeasure>ק"ג     </UnitOfMeasure>
      <bIsWeighted>0</bIsWeighted>
      <QtyInPackage>1</QtyInPackage>
      <ItemPrice>14.90</ItemPrice>
      <UnitOfMeasurePrice>14.9000</UnitOfMeasurePrice>
      <AllowDiscount>1</AllowDiscount>
      <ItemStatus>1</ItemStatus>
      <ItemId>225396</ItemId>
    </Item>
    <Item>
      <PriceUpdateDate>2015-01-01 00:00:00</PriceUpdateDate>
      <ItemCode>835811006787</ItemCode>
      <ItemType>0</ItemType>
      <ItemName>פופקורן 1 קג</ItemName>
      <ManufacturerName>,</ManufacturerName>
      <ManufactureCountry>לא ידוע</ManufactureCountry>
      <ManufacturerItemDescription>פופקורן 1 ק"ג</ManufacturerItemDescription>
      <UnitQty>קילוגרמים</UnitQty>
      <Quantity>1.00</Quantity>
      <UnitOfMeasure>ק"ג     </UnitOfMeasure>
      <bIsWeighted>0</bIsWeighted>
      <QtyInPackage>1</QtyInPackage>
      <ItemPrice>9.90</ItemPrice>
      <UnitOfMeasurePrice>9.9000</UnitOfMeasurePrice>
      <AllowDiscount>1</AllowDiscount>
      <ItemStatus>1</ItemStatus>
      <ItemId>225404</ItemId>
    </Item>
    <Item>
      <PriceUpdateDate>2015-01-01 00:00:00</PriceUpdateDate>
      <ItemCode>835811006800</ItemCode>
      <ItemType>0</ItemType>
      <ItemName>חיטה 1 קג</ItemName>
      <ManufacturerName>,</ManufacturerName>
      <ManufactureCountry>לא ידוע</ManufactureCountry>
      <ManufacturerItemDescription>חיטה 1 ק"ג</ManufacturerItemDescription>
      <UnitQty>קילוגרמים</UnitQty>
      <Quantity>1.00</Quantity>
      <UnitOfMeasure>ק"ג     </UnitOfMeasure>
      <bIsWeighted>0</bIsWeighted>
      <QtyInPackage>1</QtyInPackage>
      <ItemPrice>5.90</ItemPrice>
      <UnitOfMeasurePrice>5.9000</UnitOfMeasurePrice>
      <AllowDiscount>1</AllowDiscount>
      <ItemStatus>1</ItemStatus>
      <ItemId>225405</ItemId>
    </Item>
    <Item>
      <PriceUpdateDate>2015-01-01 00:00:00</PriceUpdateDate>
      <ItemCode>835811006817</ItemCode>
      <ItemType>0</ItemType>
      <ItemName>חומוס 1 קג</ItemName>
      <ManufacturerName>,</ManufacturerName>
      <ManufactureCountry>לא ידוע</ManufactureCountry>
      <ManufacturerItemDescription>חומוס 1 ק"ג</ManufacturerItemDescription>
      <UnitQty>קילוגרמים</UnitQty>
      <Quantity>1.00</Quantity>
      <UnitOfMeasure>ק"ג     </UnitOfMeasure>
      <bIsWeighted>0</bIsWeighted>
      <QtyInPackage>1</QtyInPackage>
      <ItemPrice>11.90</ItemPrice>
      <UnitOfMeasurePrice>11.9000</UnitOfMeasurePrice>
      <AllowDiscount>1</AllowDiscount>
      <ItemStatus>1</ItemStatus>
      <ItemId>225406</ItemId>
    </Item>
    <Item>
      <PriceUpdateDate>2015-01-01 00:00:00</PriceUpdateDate>
      <ItemCode>835811006824</ItemCode>
      <ItemType>0</ItemType>
      <ItemName>אפונה 1 קג</ItemName>
      <ManufacturerName>,</ManufacturerName>
      <ManufactureCountry>לא ידוע</ManufactureCountry>
      <ManufacturerItemDescription>אפונה 1 ק"ג</ManufacturerItemDescription>
      <UnitQty>קילוגרמים</UnitQty>
      <Quantity>1.00</Quantity>
      <UnitOfMeasure>ק"ג     </UnitOfMeasure>
      <bIsWeighted>0</bIsWeighted>
      <QtyInPackage>1</QtyInPackage>
      <ItemPrice>8.90</ItemPrice>
      <UnitOfMeasurePrice>8.9000</UnitOfMeasurePrice>
      <AllowDiscount>1</AllowDiscount>
      <ItemStatus>1</ItemStatus>
      <ItemId>225407</ItemId>
    </Item>
    <Item>
      <PriceUpdateDate>2016-07-28 11:50:32</PriceUpdateDate>
      <ItemCode>835811007432</ItemCode>
      <ItemType>0</ItemType>
      <ItemName>תבניות קרטון משפחתיו</ItemName>
      <ManufacturerName>,</ManufacturerName>
      <ManufactureCountry>לא ידוע</ManufactureCountry>
      <ManufacturerItemDescription>תבניות קרטון משפחתיות 3 יח</ManufacturerItemDescription>
      <UnitQty>Unknown </UnitQty>
      <Quantity>0.00</Quantity>
      <UnitOfMeasure>Unknown </UnitOfMeasure>
      <bIsWeighted>0</bIsWeighted>
      <QtyInPackage>1</QtyInPackage>
      <ItemPrice>6.90</ItemPrice>
      <UnitOfMeasurePrice>0.0000</UnitOfMeasurePrice>
      <AllowDiscount>1</AllowDiscount>
      <ItemStatus>1</ItemStatus>
      <ItemId>225416</ItemId>
    </Item>
    <Item>
      <PriceUpdateDate>2015-01-01 00:00:00</PriceUpdateDate>
      <ItemCode>835811007562</ItemCode>
      <ItemType>0</ItemType>
      <ItemName>תבניות קרטון אינגליש</ItemName>
      <ManufacturerName>,</ManufacturerName>
      <ManufactureCountry>לא ידוע</ManufactureCountry>
      <ManufacturerItemDescription>תבניות קרטון אינגליש קייק</ManufacturerItemDescription>
      <UnitQty>Unknown </UnitQty>
      <Quantity>0.00</Quantity>
      <UnitOfMeasure>Unknown </UnitOfMeasure>
      <bIsWeighted>0</bIsWeighted>
      <QtyInPackage>1</QtyInPackage>
      <ItemPrice>8.90</ItemPrice>
      <UnitOfMeasurePrice>0.0000</UnitOfMeasurePrice>
      <AllowDiscount>1</AllowDiscount>
      <ItemStatus>1</ItemStatus>
      <ItemId>225418</ItemId>
    </Item>
    <Item>
      <PriceUpdateDate>2015-01-01 00:00:00</PriceUpdateDate>
      <ItemCode>835811007661</ItemCode>
      <ItemType>0</ItemType>
      <ItemName>שקיות הקפאה 200 יח</ItemName>
      <ManufacturerName>,</ManufacturerName>
      <ManufactureCountry>לא ידוע</ManufactureCountry>
      <ManufacturerItemDescription>שקיות הקפאה 200 יח שטוח</ManufacturerItemDescription>
      <UnitQty>Unknown </UnitQty>
      <Quantity>0.00</Quantity>
      <UnitOfMeasure>Unknown </UnitOfMeasure>
      <bIsWeighted>0</bIsWeighted>
      <QtyInPackage>1</QtyInPackage>
      <ItemPrice>6.90</ItemPrice>
      <UnitOfMeasurePrice>0.0000</UnitOfMeasurePrice>
      <AllowDiscount>1</AllowDiscount>
      <ItemStatus>1</ItemStatus>
      <ItemId>225419</ItemId>
    </Item>
    <Item>
      <PriceUpdateDate>2015-01-01 00:00:00</PriceUpdateDate>
      <ItemCode>835811007678</ItemCode>
      <ItemType>0</ItemType>
      <ItemName>שקיות אוכל 200 יח</ItemName>
      <ManufacturerName>,</ManufacturerName>
      <ManufactureCountry>לא ידוע</ManufactureCountry>
      <ManufacturerItemDescription>שקיות אוכל 200 יח שטוח</ManufacturerItemDescription>
      <UnitQty>Unknown </UnitQty>
      <Quantity>0.00</Quantity>
      <UnitOfMeasure>Unknown </UnitOfMeasure>
      <bIsWeighted>0</bIsWeighted>
      <QtyInPackage>1</QtyInPackage>
      <ItemPrice>2.80</ItemPrice>
      <UnitOfMeasurePrice>0.0000</UnitOfMeasurePrice>
      <AllowDiscount>1</AllowDiscount>
      <ItemStatus>1</ItemStatus>
      <ItemId>225420</ItemId>
    </Item>
    <Item>
      <PriceUpdateDate>2015-01-01 00:00:00</PriceUpdateDate>
      <ItemCode>835811007845</ItemCode>
      <ItemType>0</ItemType>
      <ItemName>עטרות מס 2  200 יח</ItemName>
      <ManufacturerName>,</ManufacturerName>
      <ManufactureCountry>לא ידוע</ManufactureCountry>
      <ManufacturerItemDescription>עטרות מס 2  200 יח"</ManufacturerItemDescription>
      <UnitQty>Unknown </UnitQty>
      <Quantity>0.00</Quantity>
      <UnitOfMeasure>Unknown </UnitOfMeasure>
      <bIsWeighted>0</bIsWeighted>
      <QtyInPackage>1</QtyInPackage>
      <ItemPrice>7.90</ItemPrice>
      <UnitOfMeasurePrice>0.0000</UnitOfMeasurePrice>
      <AllowDiscount>1</AllowDiscount>
      <ItemStatus>1</ItemStatus>
      <ItemId>225422</ItemId>
    </Item>
    <Item>
      <PriceUpdateDate>2015-01-01 00:00:00</PriceUpdateDate>
      <ItemCode>835811008224</ItemCode>
      <ItemType>0</ItemType>
      <ItemName>סקוטש ארוך במיוחד 1+</ItemName>
      <ManufacturerName>,</ManufacturerName>
      <ManufactureCountry>לא ידוע</ManufactureCountry>
      <ManufacturerItemDescription>סקוטש ארוך במיוחד 1+2</ManufacturerItemDescription>
      <UnitQty>Unknown </UnitQty>
      <Quantity>0.00</Quantity>
      <UnitOfMeasure>Unknown </UnitOfMeasure>
      <bIsWeighted>0</bIsWeighted>
      <QtyInPackage>1</QtyInPackage>
      <ItemPrice>6.50</ItemPrice>
      <UnitOfMeasurePrice>0.0000</UnitOfMeasurePrice>
      <AllowDiscount>1</AllowDiscount>
      <ItemStatus>1</ItemStatus>
      <ItemId>225428</ItemId>
    </Item>
    <Item>
      <PriceUpdateDate>2015-01-01 00:00:00</PriceUpdateDate>
      <ItemCode>835811008231</ItemCode>
      <ItemType>0</ItemType>
      <ItemName>ספוג הפלא לבן</ItemName>
      <ManufacturerName>הנמל</ManufacturerName>
      <ManufactureCountry>גרמניה</ManufactureCountry>
      <ManufacturerItemDescription>ספוג הפלא לבן</ManufacturerItemDescription>
      <UnitQty>Unknown </UnitQty>
      <Quantity>0.00</Quantity>
      <UnitOfMeasure>Unknown </UnitOfMeasure>
      <bIsWeighted>0</bIsWeighted>
      <QtyInPackage>1</QtyInPackage>
      <ItemPrice>4.90</ItemPrice>
      <UnitOfMeasurePrice>0.0000</UnitOfMeasurePrice>
      <AllowDiscount>1</AllowDiscount>
      <ItemStatus>1</ItemStatus>
      <ItemId>225429</ItemId>
    </Item>
    <Item>
      <PriceUpdateDate>2015-01-01 00:00:00</PriceUpdateDate>
      <ItemCode>835811008361</ItemCode>
      <ItemType>0</ItemType>
      <ItemName>שעועית 1 קג</ItemName>
      <ManufacturerName>,</ManufacturerName>
      <ManufactureCountry>לא ידוע</ManufactureCountry>
      <ManufacturerItemDescription>שעועית 1 ק"ג</ManufacturerItemDescription>
      <UnitQty>קילוגרמים</UnitQty>
      <Quantity>1.00</Quantity>
      <UnitOfMeasure>ק"ג     </UnitOfMeasure>
      <bIsWeighted>0</bIsWeighted>
      <QtyInPackage>1</QtyInPackage>
      <ItemPrice>11.90</ItemPrice>
      <UnitOfMeasurePrice>11.9000</UnitOfMeasurePrice>
      <AllowDiscount>1</AllowDiscount>
      <ItemStatus>1</ItemStatus>
      <ItemId>225435</ItemId>
    </Item>
    <Item>
      <PriceUpdateDate>2016-06-08 10:08:53</PriceUpdateDate>
      <ItemCode>4645014</ItemCode>
      <ItemType>0</ItemType>
      <ItemName>סטייק סלמון</ItemName>
      <ManufacturerName>,</ManufacturerName>
      <ManufactureCountry>לא ידוע</ManufactureCountry>
      <ManufacturerItemDescription>סטייק סלמון</ManufacturerItemDescription>
      <UnitQty>קילוגרמים</UnitQty>
      <Quantity>1.00</Quantity>
      <UnitOfMeasure>ק"ג</UnitOfMeasure>
      <bIsWeighted>1</bIsWeighted>
      <QtyInPackage>לא ידוע</QtyInPackage>
      <ItemPrice>59.90</ItemPrice>
      <UnitOfMeasurePrice>59.9000</UnitOfMeasurePrice>
      <AllowDiscount>1</AllowDiscount>
      <ItemStatus>1</ItemStatus>
      <ItemId>254816</ItemId>
    </Item>
    <Item>
      <PriceUpdateDate>2015-01-01 00:00:00</PriceUpdateDate>
      <ItemCode>835811008378</ItemCode>
      <ItemType>0</ItemType>
      <ItemName>עטרות מס 4 200 יח</ItemName>
      <ManufacturerName>,</ManufacturerName>
      <ManufactureCountry>לא ידוע</ManufactureCountry>
      <ManufacturerItemDescription>עטרות מס 4 200 יח"</ManufacturerItemDescription>
      <UnitQty>Unknown </UnitQty>
      <Quantity>0.00</Quantity>
      <UnitOfMeasure>Unknown </UnitOfMeasure>
      <bIsWeighted>0</bIsWeighted>
      <QtyInPackage>1</QtyInPackage>
      <ItemPrice>8.90</ItemPrice>
      <UnitOfMeasurePrice>0.0000</UnitOfMeasurePrice>
      <AllowDiscount>1</AllowDiscount>
      <ItemStatus>1</ItemStatus>
      <ItemId>225436</ItemId>
    </Item>
    <Item>
      <PriceUpdateDate>2015-01-01 00:00:00</PriceUpdateDate>
      <ItemCode>835811009337</ItemCode>
      <ItemType>0</ItemType>
      <ItemName>כוסיות יין ח"פ 12 יח</ItemName>
      <ManufacturerName>,</ManufacturerName>
      <ManufactureCountry>לא ידוע</ManufactureCountry>
      <ManufacturerItemDescription>כוסיות יין ח"פ 12 יח</ManufacturerItemDescription>
      <UnitQty>Unknown </UnitQty>
      <Quantity>0.00</Quantity>
      <UnitOfMeasure>Unknown </UnitOfMeasure>
      <bIsWeighted>0</bIsWeighted>
      <QtyInPackage>1</QtyInPackage>
      <ItemPrice>8.90</ItemPrice>
      <UnitOfMeasurePrice>0.0000</UnitOfMeasurePrice>
      <AllowDiscount>1</AllowDiscount>
      <ItemStatus>1</ItemStatus>
      <ItemId>225437</ItemId>
    </Item>
    <Item>
      <PriceUpdateDate>2015-01-01 00:00:00</PriceUpdateDate>
      <ItemCode>835811009443</ItemCode>
      <ItemType>0</ItemType>
      <ItemName>מפיות מודפסות תלת שכ</ItemName>
      <ManufacturerName>,</ManufacturerName>
      <ManufactureCountry>לא ידוע</ManufactureCountry>
      <ManufacturerItemDescription>מפיות גיאט מודפסות 20 יח</ManufacturerItemDescription>
      <UnitQty>Unknown </UnitQty>
      <Quantity>0.00</Quantity>
      <UnitOfMeasure>Unknown </UnitOfMeasure>
      <bIsWeighted>0</bIsWeighted>
      <QtyInPackage>1</QtyInPackage>
      <ItemPrice>7.90</ItemPrice>
      <UnitOfMeasurePrice>0.0000</UnitOfMeasurePrice>
      <AllowDiscount>1</AllowDiscount>
      <ItemStatus>1</ItemStatus>
      <ItemId>225439</ItemId>
    </Item>
    <Item>
      <PriceUpdateDate>2015-07-12 10:05:19</PriceUpdateDate>
      <ItemCode>9008401</ItemCode>
      <ItemType>0</ItemType>
      <ItemName>שזיף לבן/צהוב</ItemName>
      <ManufacturerName>,</ManufacturerName>
      <ManufactureCountry>לא ידוע</ManufactureCountry>
      <ManufacturerItemDescription>שזיף לבן/צהוב</ManufacturerItemDescription>
      <UnitQty>קילוגרמים</UnitQty>
      <Quantity>1.00</Quantity>
      <UnitOfMeasure>ק"ג</UnitOfMeasure>
      <bIsWeighted>1</bIsWeighted>
      <QtyInPackage>לא ידוע</QtyInPackage>
      <ItemPrice>13.90</ItemPrice>
      <UnitOfMeasurePrice>13.9000</UnitOfMeasurePrice>
      <AllowDiscount>1</AllowDiscount>
      <ItemStatus>1</ItemStatus>
      <ItemId>225441</ItemId>
    </Item>
    <Item>
      <PriceUpdateDate>2016-05-17 12:17:25</PriceUpdateDate>
      <ItemCode>9008418</ItemCode>
      <ItemType>0</ItemType>
      <ItemName>שזיף אדום</ItemName>
      <ManufacturerName>,</ManufacturerName>
      <ManufactureCountry>לא ידוע</ManufactureCountry>
      <ManufacturerItemDescription>שזיף אדום</ManufacturerItemDescription>
      <UnitQty>קילוגרמים</UnitQty>
      <Quantity>1.00</Quantity>
      <UnitOfMeasure>ק"ג</UnitOfMeasure>
      <bIsWeighted>1</bIsWeighted>
      <QtyInPackage>לא ידוע</QtyInPackage>
      <ItemPrice>13.90</ItemPrice>
      <UnitOfMeasurePrice>13.9000</UnitOfMeasurePrice>
      <AllowDiscount>1</AllowDiscount>
      <ItemStatus>1</ItemStatus>
      <ItemId>225443</ItemId>
    </Item>
    <Item>
      <PriceUpdateDate>2015-01-01 00:00:00</PriceUpdateDate>
      <ItemCode>8410104039134</ItemCode>
      <ItemType>0</ItemType>
      <ItemName>פיניש לניקוי וחידוש</ItemName>
      <ManufacturerName>רקיט בנקיזר</ManufacturerName>
      <ManufactureCountry>פולין</ManufactureCountry>
      <ManufacturerItemDescription>פיניש לניקוי וחידוש 250 מל</ManufacturerItemDescription>
      <UnitQty>מיליליטרים</UnitQty>
      <Quantity>250.00</Quantity>
      <UnitOfMeasure>100 מ"ל</UnitOfMeasure>
      <bIsWeighted>0</bIsWeighted>
      <QtyInPackage>1</QtyInPackage>
      <ItemPrice>9.90</ItemPrice>
      <UnitOfMeasurePrice>3.9600</UnitOfMeasurePrice>
      <AllowDiscount>1</AllowDiscount>
      <ItemStatus>1</ItemStatus>
      <ItemId>225445</ItemId>
    </Item>
    <Item>
      <PriceUpdateDate>2015-01-01 00:00:00</PriceUpdateDate>
      <ItemCode>8410104044916</ItemCode>
      <ItemType>0</ItemType>
      <ItemName>אבקה למדיח פיניש 2.7</ItemName>
      <ManufacturerName>רקיט בנקיזר</ManufacturerName>
      <ManufactureCountry>ישראל</ManufactureCountry>
      <ManufacturerItemDescription>אבקה למדיח פיניש 2.7 קג</ManufacturerItemDescription>
      <UnitQty>קילוגרמים</UnitQty>
      <Quantity>2.70</Quantity>
      <UnitOfMeasure>ק"ג     </UnitOfMeasure>
      <bIsWeighted>0</bIsWeighted>
      <QtyInPackage>1</QtyInPackage>
      <ItemPrice>39.90</ItemPrice>
      <UnitOfMeasurePrice>14.7778</UnitOfMeasurePrice>
      <AllowDiscount>1</AllowDiscount>
      <ItemStatus>1</ItemStatus>
      <ItemId>225446</ItemId>
    </Item>
    <Item>
      <PriceUpdateDate>2015-08-04 15:52:42</PriceUpdateDate>
      <ItemCode>9008425</ItemCode>
      <ItemType>0</ItemType>
      <ItemName>שזיף שגיב</ItemName>
      <ManufacturerName>,</ManufacturerName>
      <ManufactureCountry>לא ידוע</ManufactureCountry>
      <ManufacturerItemDescription>שזיף שגיב</ManufacturerItemDescription>
      <UnitQty>קילוגרמים</UnitQty>
      <Quantity>1.00</Quantity>
      <UnitOfMeasure>ק"ג</UnitOfMeasure>
      <bIsWeighted>1</bIsWeighted>
      <QtyInPackage>לא ידוע</QtyInPackage>
      <ItemPrice>8.90</ItemPrice>
      <UnitOfMeasurePrice>8.9000</UnitOfMeasurePrice>
      <AllowDiscount>1</AllowDiscount>
      <ItemStatus>1</ItemStatus>
      <ItemId>225451</ItemId>
    </Item>
    <Item>
      <PriceUpdateDate>2016-03-16 07:58:52</PriceUpdateDate>
      <ItemCode>8423021</ItemCode>
      <ItemType>0</ItemType>
      <ItemName>כמון 400 גרם</ItemName>
      <ManufacturerName>,</ManufacturerName>
      <ManufactureCountry>לא ידוע</ManufactureCountry>
      <ManufacturerItemDescription>כמון 400 גרם</ManufacturerItemDescription>
      <UnitQty>גרמים</UnitQty>
      <Quantity>500.00</Quantity>
      <UnitOfMeasure>100 גרם</UnitOfMeasure>
      <bIsWeighted>0</bIsWeighted>
      <QtyInPackage>1</QtyInPackage>
      <ItemPrice>29.90</ItemPrice>
      <UnitOfMeasurePrice>5.9800</UnitOfMeasurePrice>
      <AllowDiscount>1</AllowDiscount>
      <ItemStatus>1</ItemStatus>
      <ItemId>225454</ItemId>
    </Item>
    <Item>
      <PriceUpdateDate>2016-05-19 16:05:53</PriceUpdateDate>
      <ItemCode>8423052</ItemCode>
      <ItemType>0</ItemType>
      <ItemName>עגבניות מיובשות 250</ItemName>
      <ManufacturerName>,</ManufacturerName>
      <ManufactureCountry>לא ידוע</ManufactureCountry>
      <ManufacturerItemDescription>עגבניות מיובשות</ManufacturerItemDescription>
      <UnitQty>גרמים</UnitQty>
      <Quantity>250.00</Quantity>
      <UnitOfMeasure>100 גרם</UnitOfMeasure>
      <bIsWeighted>0</bIsWeighted>
      <QtyInPackage>1</QtyInPackage>
      <ItemPrice>14.90</ItemPrice>
      <UnitOfMeasurePrice>5.9600</UnitOfMeasurePrice>
      <AllowDiscount>1</AllowDiscount>
      <ItemStatus>1</ItemStatus>
      <ItemId>225456</ItemId>
    </Item>
    <Item>
      <PriceUpdateDate>2015-01-01 00:00:00</PriceUpdateDate>
      <ItemCode>8443265</ItemCode>
      <ItemType>0</ItemType>
      <ItemName>אל סבון סופטקר 2 ליט</ItemName>
      <ManufacturerName>אמיליה קוסמטיקס</ManufacturerName>
      <ManufactureCountry>לא ידוע</ManufactureCountry>
      <ManufacturerItemDescription>אל סבון סופטקר 2 ליטר</ManufacturerItemDescription>
      <UnitQty>ליטרים</UnitQty>
      <Quantity>2.00</Quantity>
      <UnitOfMeasure>ליטר    </UnitOfMeasure>
      <bIsWeighted>0</bIsWeighted>
      <QtyInPackage>1</QtyInPackage>
      <ItemPrice>27.90</ItemPrice>
      <UnitOfMeasurePrice>13.9500</UnitOfMeasurePrice>
      <AllowDiscount>1</AllowDiscount>
      <ItemStatus>1</ItemStatus>
      <ItemId>225458</ItemId>
    </Item>
    <Item>
      <PriceUpdateDate>2015-01-01 00:00:00</PriceUpdateDate>
      <ItemCode>8443616</ItemCode>
      <ItemType>0</ItemType>
      <ItemName>מרכך נקה 7 לשיער יבש</ItemName>
      <ManufacturerName>אמיליה קוסמטיקס</ManufacturerName>
      <ManufactureCountry>לא ידוע</ManufactureCountry>
      <ManufacturerItemDescription>מרכך נקה 7 לשיער יבש 750 מ"ל</ManufacturerItemDescription>
      <UnitQty>מיליליטרים</UnitQty>
      <Quantity>750.00</Quantity>
      <UnitOfMeasure>100 מ"ל</UnitOfMeasure>
      <bIsWeighted>0</bIsWeighted>
      <QtyInPackage>1</QtyInPackage>
      <ItemPrice>8.90</ItemPrice>
      <UnitOfMeasurePrice>1.1867</UnitOfMeasurePrice>
      <AllowDiscount>1</AllowDiscount>
      <ItemStatus>1</ItemStatus>
      <ItemId>225459</ItemId>
    </Item>
    <Item>
      <PriceUpdateDate>2015-01-01 00:00:00</PriceUpdateDate>
      <ItemCode>8443623</ItemCode>
      <ItemType>0</ItemType>
      <ItemName>שמפו נקה 7 לגבר 750</ItemName>
      <ManufacturerName>אמיליה קוסמטיקס</ManufacturerName>
      <ManufactureCountry>לא ידוע</ManufactureCountry>
      <ManufacturerItemDescription>שמפו נקה 7 לגבר 750 מ"ל</ManufacturerItemDescription>
      <UnitQty>מיליליטרים</UnitQty>
      <Quantity>750.00</Quantity>
      <UnitOfMeasure>100 מ"ל</UnitOfMeasure>
      <bIsWeighted>0</bIsWeighted>
      <QtyInPackage>1</QtyInPackage>
      <ItemPrice>8.90</ItemPrice>
      <UnitOfMeasurePrice>1.1867</UnitOfMeasurePrice>
      <AllowDiscount>1</AllowDiscount>
      <ItemStatus>1</ItemStatus>
      <ItemId>225460</ItemId>
    </Item>
    <Item>
      <PriceUpdateDate>2015-09-09 15:21:58</PriceUpdateDate>
      <ItemCode>8464703</ItemCode>
      <ItemType>0</ItemType>
      <ItemName>בירה מכבי בקבוק</ItemName>
      <ManufacturerName>טמפו</ManufacturerName>
      <ManufactureCountry>לא ידוע</ManufactureCountry>
      <ManufacturerItemDescription>בירה מכבי בקבוק 6*330 מ"ל 5% אלכוהול</ManufacturerItemDescription>
      <UnitQty>ליטרים</UnitQty>
      <Quantity>1.98</Quantity>
      <UnitOfMeasure>ליטר    </UnitOfMeasure>
      <bIsWeighted>0</bIsWeighted>
      <QtyInPackage>1</QtyInPackage>
      <ItemPrice>24.90</ItemPrice>
      <UnitOfMeasurePrice>12.5758</UnitOfMeasurePrice>
      <AllowDiscount>1</AllowDiscount>
      <ItemStatus>1</ItemStatus>
      <ItemId>225463</ItemId>
    </Item>
    <Item>
      <PriceUpdateDate>2016-04-05 19:10:15</PriceUpdateDate>
      <ItemCode>6928740700544</ItemCode>
      <ItemType>1</ItemType>
      <ItemName>חטיף תפוחונים 22 גרם</ItemName>
      <ManufacturerName>,</ManufacturerName>
      <ManufactureCountry>לא ידוע</ManufactureCountry>
      <ManufacturerItemDescription>חטיף תפוחונים 22 גרם</ManufacturerItemDescription>
      <UnitQty>Unknown </UnitQty>
      <Quantity>0.00</Quantity>
      <UnitOfMeasure>Unknown </UnitOfMeasure>
      <bIsWeighted>0</bIsWeighted>
      <QtyInPackage>1</QtyInPackage>
      <ItemPrice>2.90</ItemPrice>
      <UnitOfMeasurePrice>0.0000</UnitOfMeasurePrice>
      <AllowDiscount>1</AllowDiscount>
      <ItemStatus>1</ItemStatus>
      <ItemId>267750</ItemId>
    </Item>
    <Item>
      <PriceUpdateDate>2015-09-09 15:21:58</PriceUpdateDate>
      <ItemCode>8464741</ItemCode>
      <ItemType>0</ItemType>
      <ItemName>בירה גולדסטאר בקבוק</ItemName>
      <ManufacturerName>טמפו</ManufacturerName>
      <ManufactureCountry>לא ידוע</ManufactureCountry>
      <ManufacturerItemDescription>בירה גולדסטאר בקבוק 6*330 מ"ל 4.9% אלכוה</ManufacturerItemDescription>
      <UnitQty>ליטרים</UnitQty>
      <Quantity>1.98</Quantity>
      <UnitOfMeasure>ליטר    </UnitOfMeasure>
      <bIsWeighted>0</bIsWeighted>
      <QtyInPackage>1</QtyInPackage>
      <ItemPrice>29.90</ItemPrice>
      <UnitOfMeasurePrice>15.1010</UnitOfMeasurePrice>
      <AllowDiscount>1</AllowDiscount>
      <ItemStatus>1</ItemStatus>
      <ItemId>225465</ItemId>
    </Item>
    <Item>
      <PriceUpdateDate>2015-09-09 15:21:59</PriceUpdateDate>
      <ItemCode>8464796</ItemCode>
      <ItemType>0</ItemType>
      <ItemName>בירה הייניקן ח"פ</ItemName>
      <ManufacturerName>טמפו</ManufacturerName>
      <ManufactureCountry>לא ידוע</ManufactureCountry>
      <ManufacturerItemDescription>בירה הייניקן ח"פ 6*330 מ"ל 5% אלכוהול</ManufacturerItemDescription>
      <UnitQty>ליטרים</UnitQty>
      <Quantity>1.98</Quantity>
      <UnitOfMeasure>ליטר    </UnitOfMeasure>
      <bIsWeighted>0</bIsWeighted>
      <QtyInPackage>1</QtyInPackage>
      <ItemPrice>34.90</ItemPrice>
      <UnitOfMeasurePrice>17.6263</UnitOfMeasurePrice>
      <AllowDiscount>1</AllowDiscount>
      <ItemStatus>1</ItemStatus>
      <ItemId>225467</ItemId>
    </Item>
    <Item>
      <PriceUpdateDate>2015-01-01 00:00:00</PriceUpdateDate>
      <ItemCode>8464987</ItemCode>
      <ItemType>0</ItemType>
      <ItemName>שישיית סודה 1.5 ליטר</ItemName>
      <ManufacturerName>טמפו</ManufacturerName>
      <ManufactureCountry>לא ידוע</ManufactureCountry>
      <ManufacturerItemDescription>סודה 6 יח X 1.5 ל"</ManufacturerItemDescription>
      <UnitQty>ליטרים</UnitQty>
      <Quantity>9.00</Quantity>
      <UnitOfMeasure>ליטר    </UnitOfMeasure>
      <bIsWeighted>0</bIsWeighted>
      <QtyInPackage>1</QtyInPackage>
      <ItemPrice>13.90</ItemPrice>
      <UnitOfMeasurePrice>1.5444</UnitOfMeasurePrice>
      <AllowDiscount>1</AllowDiscount>
      <ItemStatus>1</ItemStatus>
      <ItemId>225468</ItemId>
    </Item>
    <Item>
      <PriceUpdateDate>2016-06-06 16:50:53</PriceUpdateDate>
      <ItemCode>3272303</ItemCode>
      <ItemType>0</ItemType>
      <ItemName>קורנפלקס במשקל</ItemName>
      <ManufacturerName>,</ManufacturerName>
      <ManufactureCountry>לא ידוע</ManufactureCountry>
      <ManufacturerItemDescription>קורנפלקס במשקל</ManufacturerItemDescription>
      <UnitQty>קילוגרמים</UnitQty>
      <Quantity>1.00</Quantity>
      <UnitOfMeasure>ק"ג</UnitOfMeasure>
      <bIsWeighted>1</bIsWeighted>
      <QtyInPackage>לא ידוע</QtyInPackage>
      <ItemPrice>10.00</ItemPrice>
      <UnitOfMeasurePrice>10.0000</UnitOfMeasurePrice>
      <AllowDiscount>1</AllowDiscount>
      <ItemStatus>1</ItemStatus>
      <ItemId>268401</ItemId>
    </Item>
    <Item>
      <PriceUpdateDate>2015-01-01 00:00:00</PriceUpdateDate>
      <ItemCode>8636018</ItemCode>
      <ItemType>0</ItemType>
      <ItemName>כפתורי שוקולד שמיניה</ItemName>
      <ManufacturerName>מיה תעשיות מזון בעמ</ManufacturerName>
      <ManufactureCountry>ישראל</ManufactureCountry>
      <ManufacturerItemDescription>כפתורי שוקולד שמיניה</ManufacturerItemDescription>
      <UnitQty>גרמים</UnitQty>
      <Quantity>240.00</Quantity>
      <UnitOfMeasure>100 גרם</UnitOfMeasure>
      <bIsWeighted>0</bIsWeighted>
      <QtyInPackage>8</QtyInPackage>
      <ItemPrice>10.80</ItemPrice>
      <UnitOfMeasurePrice>4.5000</UnitOfMeasurePrice>
      <AllowDiscount>1</AllowDiscount>
      <ItemStatus>1</ItemStatus>
      <ItemId>225484</ItemId>
    </Item>
    <Item>
      <PriceUpdateDate>2015-12-24 12:17:55</PriceUpdateDate>
      <ItemCode>8636193</ItemCode>
      <ItemType>0</ItemType>
      <ItemName>כמון 300 גרם</ItemName>
      <ManufacturerName>,</ManufacturerName>
      <ManufactureCountry>לא ידוע</ManufactureCountry>
      <ManufacturerItemDescription>כמון 300 גרם</ManufacturerItemDescription>
      <UnitQty>גרמים</UnitQty>
      <Quantity>300.00</Quantity>
      <UnitOfMeasure>100 גרם</UnitOfMeasure>
      <bIsWeighted>0</bIsWeighted>
      <QtyInPackage>1</QtyInPackage>
      <ItemPrice>9.90</ItemPrice>
      <UnitOfMeasurePrice>3.3000</UnitOfMeasurePrice>
      <AllowDiscount>1</AllowDiscount>
      <ItemStatus>1</ItemStatus>
      <ItemId>225487</ItemId>
    </Item>
    <Item>
      <PriceUpdateDate>2015-12-24 12:17:55</PriceUpdateDate>
      <ItemCode>8636209</ItemCode>
      <ItemType>0</ItemType>
      <ItemName>כורכום 300  גרם</ItemName>
      <ManufacturerName>,</ManufacturerName>
      <ManufactureCountry>לא ידוע</ManufactureCountry>
      <ManufacturerItemDescription>כורכום 300  גרם</ManufacturerItemDescription>
      <UnitQty>גרמים</UnitQty>
      <Quantity>300.00</Quantity>
      <UnitOfMeasure>100 גרם</UnitOfMeasure>
      <bIsWeighted>0</bIsWeighted>
      <QtyInPackage>1</QtyInPackage>
      <ItemPrice>9.90</ItemPrice>
      <UnitOfMeasurePrice>3.3000</UnitOfMeasurePrice>
      <AllowDiscount>1</AllowDiscount>
      <ItemStatus>1</ItemStatus>
      <ItemId>225488</ItemId>
    </Item>
    <Item>
      <PriceUpdateDate>2015-12-24 12:17:55</PriceUpdateDate>
      <ItemCode>8636216</ItemCode>
      <ItemType>0</ItemType>
      <ItemName>אבקת שום 300 גרם בד"</ItemName>
      <ManufacturerName>,</ManufacturerName>
      <ManufactureCountry>לא ידוע</ManufactureCountry>
      <ManufacturerItemDescription>אבקת שום 300 גרם בד"צ העד"ח</ManufacturerItemDescription>
      <UnitQty>גרמים</UnitQty>
      <Quantity>300.00</Quantity>
      <UnitOfMeasure>100 גרם</UnitOfMeasure>
      <bIsWeighted>0</bIsWeighted>
      <QtyInPackage>1</QtyInPackage>
      <ItemPrice>9.90</ItemPrice>
      <UnitOfMeasurePrice>3.3000</UnitOfMeasurePrice>
      <AllowDiscount>1</AllowDiscount>
      <ItemStatus>1</ItemStatus>
      <ItemId>225489</ItemId>
    </Item>
    <Item>
      <PriceUpdateDate>2016-04-03 09:40:18</PriceUpdateDate>
      <ItemCode>8636339</ItemCode>
      <ItemType>0</ItemType>
      <ItemName>שבבי תפו"א 400 גרם</ItemName>
      <ManufacturerName>,</ManufacturerName>
      <ManufactureCountry>לא ידוע</ManufactureCountry>
      <ManufacturerItemDescription>שבבי תפו"א 400 גרם</ManufacturerItemDescription>
      <UnitQty>גרמים</UnitQty>
      <Quantity>400.00</Quantity>
      <UnitOfMeasure>100 גרם</UnitOfMeasure>
      <bIsWeighted>0</bIsWeighted>
      <QtyInPackage>1</QtyInPackage>
      <ItemPrice>9.90</ItemPrice>
      <UnitOfMeasurePrice>2.4750</UnitOfMeasurePrice>
      <AllowDiscount>1</AllowDiscount>
      <ItemStatus>1</ItemStatus>
      <ItemId>225490</ItemId>
    </Item>
    <Item>
      <PriceUpdateDate>2015-01-01 00:00:00</PriceUpdateDate>
      <ItemCode>8636704</ItemCode>
      <ItemType>0</ItemType>
      <ItemName>קונפיטורה משמש 340 ג</ItemName>
      <ManufacturerName>מיה תעשיות מזון בעמ</ManufacturerName>
      <ManufactureCountry>ישראל</ManufactureCountry>
      <ManufacturerItemDescription>קונפיטורה משמש 340 גרם</ManufacturerItemDescription>
      <UnitQty>גרמים</UnitQty>
      <Quantity>340.00</Quantity>
      <UnitOfMeasure>100 גרם</UnitOfMeasure>
      <bIsWeighted>0</bIsWeighted>
      <QtyInPackage>1</QtyInPackage>
      <ItemPrice>11.90</ItemPrice>
      <UnitOfMeasurePrice>3.5000</UnitOfMeasurePrice>
      <AllowDiscount>1</AllowDiscount>
      <ItemStatus>1</ItemStatus>
      <ItemId>225495</ItemId>
    </Item>
    <Item>
      <PriceUpdateDate>2015-01-01 00:00:00</PriceUpdateDate>
      <ItemCode>8636933</ItemCode>
      <ItemType>0</ItemType>
      <ItemName>אגוז מלך גרוס 100 גר</ItemName>
      <ManufacturerName>מיה תעשיות מזון בעמ</ManufacturerName>
      <ManufactureCountry>לא ידוע</ManufactureCountry>
      <ManufacturerItemDescription>אגוז מלך גרוס 100 גרם</ManufacturerItemDescription>
      <UnitQty>גרמים</UnitQty>
      <Quantity>100.00</Quantity>
      <UnitOfMeasure>100 גרם</UnitOfMeasure>
      <bIsWeighted>0</bIsWeighted>
      <QtyInPackage>1</QtyInPackage>
      <ItemPrice>11.90</ItemPrice>
      <UnitOfMeasurePrice>11.9000</UnitOfMeasurePrice>
      <AllowDiscount>1</AllowDiscount>
      <ItemStatus>1</ItemStatus>
      <ItemId>225497</ItemId>
    </Item>
    <Item>
      <PriceUpdateDate>2015-01-01 00:00:00</PriceUpdateDate>
      <ItemCode>8636964</ItemCode>
      <ItemType>0</ItemType>
      <ItemName>שקד שבבים 100 גרם</ItemName>
      <ManufacturerName>מיה תעשיות מזון בעמ</ManufacturerName>
      <ManufactureCountry>ישראל</ManufactureCountry>
      <ManufacturerItemDescription>שקד שבבים 100 גרם</ManufacturerItemDescription>
      <UnitQty>גרמים</UnitQty>
      <Quantity>100.00</Quantity>
      <UnitOfMeasure>100 גרם</UnitOfMeasure>
      <bIsWeighted>0</bIsWeighted>
      <QtyInPackage>1</QtyInPackage>
      <ItemPrice>11.90</ItemPrice>
      <UnitOfMeasurePrice>11.9000</UnitOfMeasurePrice>
      <AllowDiscount>1</AllowDiscount>
      <ItemStatus>1</ItemStatus>
      <ItemId>225499</ItemId>
    </Item>
    <Item>
      <PriceUpdateDate>2016-01-17 08:23:29</PriceUpdateDate>
      <ItemCode>8645935</ItemCode>
      <ItemType>0</ItemType>
      <ItemName>חומוס לניגוב 750 גרם</ItemName>
      <ManufacturerName>,</ManufacturerName>
      <ManufactureCountry>לא ידוע</ManufactureCountry>
      <ManufacturerItemDescription>חומוס לניגוב 750 ג</ManufacturerItemDescription>
      <UnitQty>גרמים</UnitQty>
      <Quantity>750.00</Quantity>
      <UnitOfMeasure>100 גרם</UnitOfMeasure>
      <bIsWeighted>0</bIsWeighted>
      <QtyInPackage>1</QtyInPackage>
      <ItemPrice>9.90</ItemPrice>
      <UnitOfMeasurePrice>1.3200</UnitOfMeasurePrice>
      <AllowDiscount>1</AllowDiscount>
      <ItemStatus>1</ItemStatus>
      <ItemId>225503</ItemId>
    </Item>
    <Item>
      <PriceUpdateDate>2015-01-01 00:00:00</PriceUpdateDate>
      <ItemCode>901039</ItemCode>
      <ItemType>0</ItemType>
      <ItemName>מיחזור אריזה פלסטיק</ItemName>
      <ManufacturerName>,</ManufacturerName>
      <ManufactureCountry>לא ידוע</ManufactureCountry>
      <ManufacturerItemDescription>מיחזור אריזה פלסטיק</ManufacturerItemDescription>
      <UnitQty>Unknown </UnitQty>
      <Quantity>0.00</Quantity>
      <UnitOfMeasure>Unknown </UnitOfMeasure>
      <bIsWeighted>0</bIsWeighted>
      <QtyInPackage>1</QtyInPackage>
      <ItemPrice>0.30</ItemPrice>
      <UnitOfMeasurePrice>0.0000</UnitOfMeasurePrice>
      <AllowDiscount>1</AllowDiscount>
      <ItemStatus>1</ItemStatus>
      <ItemId>225516</ItemId>
    </Item>
    <Item>
      <PriceUpdateDate>2015-01-01 00:00:00</PriceUpdateDate>
      <ItemCode>8710800027573</ItemCode>
      <ItemType>0</ItemType>
      <ItemName>מיני מנטוס בשקית</ItemName>
      <ManufacturerName>פרפטי ואן מלה ברדה</ManufacturerName>
      <ManufactureCountry>הולנד</ManufactureCountry>
      <ManufacturerItemDescription>מיני מנטוס בשקית</ManufacturerItemDescription>
      <UnitQty>גרמים</UnitQty>
      <Quantity>178.00</Quantity>
      <UnitOfMeasure>100 גרם</UnitOfMeasure>
      <bIsWeighted>0</bIsWeighted>
      <QtyInPackage>1</QtyInPackage>
      <ItemPrice>10.90</ItemPrice>
      <UnitOfMeasurePrice>6.1236</UnitOfMeasurePrice>
      <AllowDiscount>1</AllowDiscount>
      <ItemStatus>1</ItemStatus>
      <ItemId>225525</ItemId>
    </Item>
    <Item>
      <PriceUpdateDate>2015-01-01 00:00:00</PriceUpdateDate>
      <ItemCode>8710800961310</ItemCode>
      <ItemType>0</ItemType>
      <ItemName>מנטוס תות 4 יח</ItemName>
      <ManufacturerName>פרפטי ואן מלה ברדה</ManufacturerName>
      <ManufactureCountry>הולנד</ManufactureCountry>
      <ManufacturerItemDescription>מנטוס תות 4 יח</ManufacturerItemDescription>
      <UnitQty>גרמים</UnitQty>
      <Quantity>150.00</Quantity>
      <UnitOfMeasure>100 גרם</UnitOfMeasure>
      <bIsWeighted>0</bIsWeighted>
      <QtyInPackage>4</QtyInPackage>
      <ItemPrice>10.90</ItemPrice>
      <UnitOfMeasurePrice>7.2667</UnitOfMeasurePrice>
      <AllowDiscount>1</AllowDiscount>
      <ItemStatus>1</ItemStatus>
      <ItemId>225526</ItemId>
    </Item>
    <Item>
      <PriceUpdateDate>2015-01-01 00:00:00</PriceUpdateDate>
      <ItemCode>87108651</ItemCode>
      <ItemType>0</ItemType>
      <ItemName>מנטוס מנטה 4 יח</ItemName>
      <ManufacturerName>פרפטי ואן מלה ברדה</ManufacturerName>
      <ManufactureCountry>הולנד</ManufactureCountry>
      <ManufacturerItemDescription>מנטוס מנטה 4 יח</ManufacturerItemDescription>
      <UnitQty>גרמים</UnitQty>
      <Quantity>150.00</Quantity>
      <UnitOfMeasure>100 גרם</UnitOfMeasure>
      <bIsWeighted>0</bIsWeighted>
      <QtyInPackage>4</QtyInPackage>
      <ItemPrice>10.90</ItemPrice>
      <UnitOfMeasurePrice>7.2667</UnitOfMeasurePrice>
      <AllowDiscount>1</AllowDiscount>
      <ItemStatus>1</ItemStatus>
      <ItemId>225528</ItemId>
    </Item>
    <Item>
      <PriceUpdateDate>2015-01-01 00:00:00</PriceUpdateDate>
      <ItemCode>87108712</ItemCode>
      <ItemType>0</ItemType>
      <ItemName>מנטוס טעם פירות 4 יח</ItemName>
      <ManufacturerName>פרפטי ואן מלה ברדה</ManufacturerName>
      <ManufactureCountry>הולנד</ManufactureCountry>
      <ManufacturerItemDescription>מנטוס טעם פירות 4 יח</ManufacturerItemDescription>
      <UnitQty>גרמים</UnitQty>
      <Quantity>150.00</Quantity>
      <UnitOfMeasure>100 גרם</UnitOfMeasure>
      <bIsWeighted>0</bIsWeighted>
      <QtyInPackage>4</QtyInPackage>
      <ItemPrice>10.90</ItemPrice>
      <UnitOfMeasurePrice>7.2667</UnitOfMeasurePrice>
      <AllowDiscount>1</AllowDiscount>
      <ItemStatus>1</ItemStatus>
      <ItemId>225529</ItemId>
    </Item>
    <Item>
      <PriceUpdateDate>2015-01-01 00:00:00</PriceUpdateDate>
      <ItemCode>8745239</ItemCode>
      <ItemType>0</ItemType>
      <ItemName>תפוציפס אקסטרא טבעי</ItemName>
      <ManufacturerName>,</ManufacturerName>
      <ManufactureCountry>לא ידוע</ManufactureCountry>
      <ManufacturerItemDescription>תפוציפס אקסטרא טבעי 50 גרם</ManufacturerItemDescription>
      <UnitQty>גרמים</UnitQty>
      <Quantity>55.00</Quantity>
      <UnitOfMeasure>100 גרם</UnitOfMeasure>
      <bIsWeighted>0</bIsWeighted>
      <QtyInPackage>1</QtyInPackage>
      <ItemPrice>3.50</ItemPrice>
      <UnitOfMeasurePrice>6.3636</UnitOfMeasurePrice>
      <AllowDiscount>1</AllowDiscount>
      <ItemStatus>1</ItemStatus>
      <ItemId>225534</ItemId>
    </Item>
    <Item>
      <PriceUpdateDate>2015-09-21 08:44:42</PriceUpdateDate>
      <ItemCode>8750677</ItemCode>
      <ItemType>0</ItemType>
      <ItemName>שוקולד תות מגדים 100</ItemName>
      <ManufacturerName>עלית</ManufacturerName>
      <ManufactureCountry>לא ידוע</ManufactureCountry>
      <ManufacturerItemDescription>שוקולד תות מגדים 100 גרם</ManufacturerItemDescription>
      <UnitQty>גרמים</UnitQty>
      <Quantity>100.00</Quantity>
      <UnitOfMeasure>100 גרם</UnitOfMeasure>
      <bIsWeighted>0</bIsWeighted>
      <QtyInPackage>1</QtyInPackage>
      <ItemPrice>4.90</ItemPrice>
      <UnitOfMeasurePrice>4.9000</UnitOfMeasurePrice>
      <AllowDiscount>1</AllowDiscount>
      <ItemStatus>1</ItemStatus>
      <ItemId>225539</ItemId>
    </Item>
    <Item>
      <PriceUpdateDate>2015-01-01 00:00:00</PriceUpdateDate>
      <ItemCode>8752244</ItemCode>
      <ItemType>0</ItemType>
      <ItemName>תפוציפס גריל 50 גרם</ItemName>
      <ManufacturerName>,</ManufacturerName>
      <ManufactureCountry>לא ידוע</ManufactureCountry>
      <ManufacturerItemDescription>תפוציפס גריל 50 גרם</ManufacturerItemDescription>
      <UnitQty>גרמים</UnitQty>
      <Quantity>50.00</Quantity>
      <UnitOfMeasure>100 גרם</UnitOfMeasure>
      <bIsWeighted>0</bIsWeighted>
      <QtyInPackage>1</QtyInPackage>
      <ItemPrice>3.50</ItemPrice>
      <UnitOfMeasurePrice>7.0000</UnitOfMeasurePrice>
      <AllowDiscount>1</AllowDiscount>
      <ItemStatus>1</ItemStatus>
      <ItemId>225540</ItemId>
    </Item>
    <Item>
      <PriceUpdateDate>2015-01-01 00:00:00</PriceUpdateDate>
      <ItemCode>8753111</ItemCode>
      <ItemType>0</ItemType>
      <ItemName>תפוציפס אקסטרא מקסיק</ItemName>
      <ManufacturerName>,</ManufacturerName>
      <ManufactureCountry>לא ידוע</ManufactureCountry>
      <ManufacturerItemDescription>תפוציפס אקסטרא מקסיקני 50 גרם</ManufacturerItemDescription>
      <UnitQty>גרמים</UnitQty>
      <Quantity>50.00</Quantity>
      <UnitOfMeasure>100 גרם</UnitOfMeasure>
      <bIsWeighted>0</bIsWeighted>
      <QtyInPackage>1</QtyInPackage>
      <ItemPrice>3.50</ItemPrice>
      <UnitOfMeasurePrice>7.0000</UnitOfMeasurePrice>
      <AllowDiscount>1</AllowDiscount>
      <ItemStatus>1</ItemStatus>
      <ItemId>225541</ItemId>
    </Item>
    <Item>
      <PriceUpdateDate>2015-01-01 00:00:00</PriceUpdateDate>
      <ItemCode>8754040</ItemCode>
      <ItemType>0</ItemType>
      <ItemName>ממרח שוקולד פרה מגדי</ItemName>
      <ManufacturerName>שטראוס</ManufacturerName>
      <ManufactureCountry>ישראל</ManufactureCountry>
      <ManufacturerItemDescription>ממרח שוקולד פרה מגדים 850 גרם</ManufacturerItemDescription>
      <UnitQty>גרמים</UnitQty>
      <Quantity>850.00</Quantity>
      <UnitOfMeasure>100 גרם</UnitOfMeasure>
      <bIsWeighted>0</bIsWeighted>
      <QtyInPackage>1</QtyInPackage>
      <ItemPrice>14.90</ItemPrice>
      <UnitOfMeasurePrice>1.7529</UnitOfMeasurePrice>
      <AllowDiscount>1</AllowDiscount>
      <ItemStatus>1</ItemStatus>
      <ItemId>225542</ItemId>
    </Item>
    <Item>
      <PriceUpdateDate>2015-01-01 00:00:00</PriceUpdateDate>
      <ItemCode>8756112</ItemCode>
      <ItemType>0</ItemType>
      <ItemName>שמן פרפין 1 ליטר</ItemName>
      <ManufacturerName>,</ManufacturerName>
      <ManufactureCountry>לא ידוע</ManufactureCountry>
      <ManufacturerItemDescription>שמן פרפין 1 ליטר</ManufacturerItemDescription>
      <UnitQty>ליטרים</UnitQty>
      <Quantity>1.00</Quantity>
      <UnitOfMeasure>ליטר    </UnitOfMeasure>
      <bIsWeighted>0</bIsWeighted>
      <QtyInPackage>1</QtyInPackage>
      <ItemPrice>27.90</ItemPrice>
      <UnitOfMeasurePrice>27.9000</UnitOfMeasurePrice>
      <AllowDiscount>1</AllowDiscount>
      <ItemStatus>1</ItemStatus>
      <ItemId>225543</ItemId>
    </Item>
    <Item>
      <PriceUpdateDate>2015-01-01 00:00:00</PriceUpdateDate>
      <ItemCode>8757720</ItemCode>
      <ItemType>0</ItemType>
      <ItemName>אר.סי קולה דיאט רביע</ItemName>
      <ManufacturerName>יפאורה תבורי</ManufacturerName>
      <ManufactureCountry>לא ידוע</ManufactureCountry>
      <ManufacturerItemDescription>אר.סי קולה דיאט רביעיה</ManufacturerItemDescription>
      <UnitQty>ליטרים</UnitQty>
      <Quantity>6.00</Quantity>
      <UnitOfMeasure>ליטר    </UnitOfMeasure>
      <bIsWeighted>0</bIsWeighted>
      <QtyInPackage>1</QtyInPackage>
      <ItemPrice>13.90</ItemPrice>
      <UnitOfMeasurePrice>2.3167</UnitOfMeasurePrice>
      <AllowDiscount>1</AllowDiscount>
      <ItemStatus>1</ItemStatus>
      <ItemId>225544</ItemId>
    </Item>
    <Item>
      <PriceUpdateDate>2015-01-01 00:00:00</PriceUpdateDate>
      <ItemCode>8757737</ItemCode>
      <ItemType>0</ItemType>
      <ItemName>אר.סי קיו אורנג רביע</ItemName>
      <ManufacturerName>יפאורה תבורי</ManufacturerName>
      <ManufactureCountry>לא ידוע</ManufactureCountry>
      <ManufacturerItemDescription>אר.סי קיו אורנג רביעיה</ManufacturerItemDescription>
      <UnitQty>ליטרים</UnitQty>
      <Quantity>6.00</Quantity>
      <UnitOfMeasure>ליטר    </UnitOfMeasure>
      <bIsWeighted>0</bIsWeighted>
      <QtyInPackage>1</QtyInPackage>
      <ItemPrice>13.90</ItemPrice>
      <UnitOfMeasurePrice>2.3167</UnitOfMeasurePrice>
      <AllowDiscount>1</AllowDiscount>
      <ItemStatus>1</ItemStatus>
      <ItemId>225545</ItemId>
    </Item>
    <Item>
      <PriceUpdateDate>2015-01-01 00:00:00</PriceUpdateDate>
      <ItemCode>8757980</ItemCode>
      <ItemType>0</ItemType>
      <ItemName>נקטר ספרינג רימון 1</ItemName>
      <ManufacturerName>יפאורה תבורי</ManufacturerName>
      <ManufactureCountry>לא ידוע</ManufactureCountry>
      <ManufacturerItemDescription>נקטר ספרינג רימון 1 ליטר</ManufacturerItemDescription>
      <UnitQty>ליטרים</UnitQty>
      <Quantity>1.00</Quantity>
      <UnitOfMeasure>ליטר    </UnitOfMeasure>
      <bIsWeighted>0</bIsWeighted>
      <QtyInPackage>1</QtyInPackage>
      <ItemPrice>4.80</ItemPrice>
      <UnitOfMeasurePrice>4.8000</UnitOfMeasurePrice>
      <AllowDiscount>1</AllowDiscount>
      <ItemStatus>1</ItemStatus>
      <ItemId>225548</ItemId>
    </Item>
    <Item>
      <PriceUpdateDate>2015-09-21 08:15:31</PriceUpdateDate>
      <ItemCode>8775731</ItemCode>
      <ItemType>0</ItemType>
      <ItemName>רוטב וינגרט קלאסי 29</ItemName>
      <ManufacturerName>אסם</ManufacturerName>
      <ManufactureCountry>לא ידוע</ManufactureCountry>
      <ManufacturerItemDescription>רוטב וינגרט קלאסי 290 מ"ל</ManufacturerItemDescription>
      <UnitQty>מיליליטרים</UnitQty>
      <Quantity>290.00</Quantity>
      <UnitOfMeasure>100 מ"ל</UnitOfMeasure>
      <bIsWeighted>0</bIsWeighted>
      <QtyInPackage>1</QtyInPackage>
      <ItemPrice>9.90</ItemPrice>
      <UnitOfMeasurePrice>3.4138</UnitOfMeasurePrice>
      <AllowDiscount>1</AllowDiscount>
      <ItemStatus>1</ItemStatus>
      <ItemId>225551</ItemId>
    </Item>
    <Item>
      <PriceUpdateDate>2015-01-01 00:00:00</PriceUpdateDate>
      <ItemCode>8801010</ItemCode>
      <ItemType>0</ItemType>
      <ItemName>יין פ. קולקשיין קברנ</ItemName>
      <ManufacturerName>,</ManufacturerName>
      <ManufactureCountry>לא ידוע</ManufactureCountry>
      <ManufacturerItemDescription>יין פ. קולקשיין קברנה מרלו 750 מ"ל</ManufacturerItemDescription>
      <UnitQty>מיליליטרים</UnitQty>
      <Quantity>750.00</Quantity>
      <UnitOfMeasure>100 מ"ל</UnitOfMeasure>
      <bIsWeighted>0</bIsWeighted>
      <QtyInPackage>1</QtyInPackage>
      <ItemPrice>29.90</ItemPrice>
      <UnitOfMeasurePrice>3.9867</UnitOfMeasurePrice>
      <AllowDiscount>1</AllowDiscount>
      <ItemStatus>1</ItemStatus>
      <ItemId>225557</ItemId>
    </Item>
    <Item>
      <PriceUpdateDate>2015-01-01 00:00:00</PriceUpdateDate>
      <ItemCode>8801478</ItemCode>
      <ItemType>0</ItemType>
      <ItemName>יין טופז זהב ייצוא</ItemName>
      <ManufacturerName>יקבי כרמל</ManufacturerName>
      <ManufactureCountry>ישראל</ManufactureCountry>
      <ManufacturerItemDescription>יין טופז זהב ייצוא 750 מל</ManufacturerItemDescription>
      <UnitQty>מיליליטרים</UnitQty>
      <Quantity>750.00</Quantity>
      <UnitOfMeasure>100 מ"ל</UnitOfMeasure>
      <bIsWeighted>0</bIsWeighted>
      <QtyInPackage>1</QtyInPackage>
      <ItemPrice>18.90</ItemPrice>
      <UnitOfMeasurePrice>2.5200</UnitOfMeasurePrice>
      <AllowDiscount>1</AllowDiscount>
      <ItemStatus>1</ItemStatus>
      <ItemId>225561</ItemId>
    </Item>
    <Item>
      <PriceUpdateDate>2016-01-24 11:50:49</PriceUpdateDate>
      <ItemCode>7290014016309</ItemCode>
      <ItemType>0</ItemType>
      <ItemName>לחם פרוס ללא גלוטן 4</ItemName>
      <ManufacturerName>,</ManufacturerName>
      <ManufactureCountry>לא ידוע</ManufactureCountry>
      <ManufacturerItemDescription>לחם פרוס ללא גלוטן 450 גרם</ManufacturerItemDescription>
      <UnitQty>גרמים</UnitQty>
      <Quantity>450.00</Quantity>
      <UnitOfMeasure>100 גרם</UnitOfMeasure>
      <bIsWeighted>0</bIsWeighted>
      <QtyInPackage>1</QtyInPackage>
      <ItemPrice>4.90</ItemPrice>
      <UnitOfMeasurePrice>1.0889</UnitOfMeasurePrice>
      <AllowDiscount>1</AllowDiscount>
      <ItemStatus>1</ItemStatus>
      <ItemId>266639</ItemId>
    </Item>
    <Item>
      <PriceUpdateDate>2015-01-01 00:00:00</PriceUpdateDate>
      <ItemCode>8801843</ItemCode>
      <ItemType>0</ItemType>
      <ItemName>יין  סלקטד קברנה סוב</ItemName>
      <ManufacturerName>,</ManufacturerName>
      <ManufactureCountry>לא ידוע</ManufactureCountry>
      <ManufacturerItemDescription>יין  סלקטד קברנה סוביניון750מ"ל</ManufacturerItemDescription>
      <UnitQty>מיליליטרים</UnitQty>
      <Quantity>750.00</Quantity>
      <UnitOfMeasure>100 מ"ל</UnitOfMeasure>
      <bIsWeighted>0</bIsWeighted>
      <QtyInPackage>1</QtyInPackage>
      <ItemPrice>22.90</ItemPrice>
      <UnitOfMeasurePrice>3.0533</UnitOfMeasurePrice>
      <AllowDiscount>1</AllowDiscount>
      <ItemStatus>1</ItemStatus>
      <ItemId>225565</ItemId>
    </Item>
    <Item>
      <PriceUpdateDate>2016-06-02 15:36:14</PriceUpdateDate>
      <ItemCode>7290010654727</ItemCode>
      <ItemType>1</ItemType>
      <ItemName>גבינת שמנת 5% 200 גר</ItemName>
      <ManufacturerName>בר בכפר די אנד די</ManufacturerName>
      <ManufactureCountry>ישראל</ManufactureCountry>
      <ManufacturerItemDescription>גבינת שמנת 5% 200 גרם</ManufacturerItemDescription>
      <UnitQty>גרמים</UnitQty>
      <Quantity>200.00</Quantity>
      <UnitOfMeasure>100 גרם</UnitOfMeasure>
      <bIsWeighted>0</bIsWeighted>
      <QtyInPackage>1</QtyInPackage>
      <ItemPrice>7.90</ItemPrice>
      <UnitOfMeasurePrice>3.9500</UnitOfMeasurePrice>
      <AllowDiscount>1</AllowDiscount>
      <ItemStatus>1</ItemStatus>
      <ItemId>268355</ItemId>
    </Item>
    <Item>
      <PriceUpdateDate>2015-01-01 00:00:00</PriceUpdateDate>
      <ItemCode>8802512</ItemCode>
      <ItemType>0</ItemType>
      <ItemName>יין וינו אדום יבש</ItemName>
      <ManufacturerName>יקבי כרמל</ManufacturerName>
      <ManufactureCountry>ישראל</ManufactureCountry>
      <ManufacturerItemDescription>יין וינו אדום יבש 750 מל</ManufacturerItemDescription>
      <UnitQty>מיליליטרים</UnitQty>
      <Quantity>750.00</Quantity>
      <UnitOfMeasure>100 מ"ל</UnitOfMeasure>
      <bIsWeighted>0</bIsWeighted>
      <QtyInPackage>1</QtyInPackage>
      <ItemPrice>14.90</ItemPrice>
      <UnitOfMeasurePrice>1.9867</UnitOfMeasurePrice>
      <AllowDiscount>1</AllowDiscount>
      <ItemStatus>1</ItemStatus>
      <ItemId>225568</ItemId>
    </Item>
    <Item>
      <PriceUpdateDate>2016-01-24 11:50:49</PriceUpdateDate>
      <ItemCode>7290014016323</ItemCode>
      <ItemType>0</ItemType>
      <ItemName>לחמניות נקניקיה 1/6</ItemName>
      <ManufacturerName>,</ManufacturerName>
      <ManufactureCountry>לא ידוע</ManufactureCountry>
      <ManufacturerItemDescription>לחמניות נקניקיה 1/6 390 גרם</ManufacturerItemDescription>
      <UnitQty>גרמים</UnitQty>
      <Quantity>390.00</Quantity>
      <UnitOfMeasure>100 גרם</UnitOfMeasure>
      <bIsWeighted>0</bIsWeighted>
      <QtyInPackage>1</QtyInPackage>
      <ItemPrice>4.90</ItemPrice>
      <UnitOfMeasurePrice>1.2564</UnitOfMeasurePrice>
      <AllowDiscount>1</AllowDiscount>
      <ItemStatus>1</ItemStatus>
      <ItemId>266640</ItemId>
    </Item>
    <Item>
      <PriceUpdateDate>2015-01-01 00:00:00</PriceUpdateDate>
      <ItemCode>8805520</ItemCode>
      <ItemType>0</ItemType>
      <ItemName>יין סלקטד קברנה מרלו</ItemName>
      <ManufacturerName>,</ManufacturerName>
      <ManufactureCountry>לא ידוע</ManufactureCountry>
      <ManufacturerItemDescription>יין סלקטד קברנה מרלו 750 מ"ל</ManufacturerItemDescription>
      <UnitQty>מיליליטרים</UnitQty>
      <Quantity>750.00</Quantity>
      <UnitOfMeasure>100 מ"ל</UnitOfMeasure>
      <bIsWeighted>0</bIsWeighted>
      <QtyInPackage>1</QtyInPackage>
      <ItemPrice>22.90</ItemPrice>
      <UnitOfMeasurePrice>3.0533</UnitOfMeasurePrice>
      <AllowDiscount>1</AllowDiscount>
      <ItemStatus>1</ItemStatus>
      <ItemId>225574</ItemId>
    </Item>
    <Item>
      <PriceUpdateDate>2016-02-24 14:20:54</PriceUpdateDate>
      <ItemCode>7290104855702</ItemCode>
      <ItemType>0</ItemType>
      <ItemName>מארז צלחות מהודרות 5</ItemName>
      <ManufacturerName>NINGBO</ManufacturerName>
      <ManufactureCountry>סין</ManufactureCountry>
      <ManufacturerItemDescription>מארז צלחות מהודרות 50 יח</ManufacturerItemDescription>
      <UnitQty>Unknown </UnitQty>
      <Quantity>0.00</Quantity>
      <UnitOfMeasure>Unknown </UnitOfMeasure>
      <bIsWeighted>0</bIsWeighted>
      <QtyInPackage>1</QtyInPackage>
      <ItemPrice>49.90</ItemPrice>
      <UnitOfMeasurePrice>0.0000</UnitOfMeasurePrice>
      <AllowDiscount>1</AllowDiscount>
      <ItemStatus>1</ItemStatus>
      <ItemId>267026</ItemId>
    </Item>
    <Item>
      <PriceUpdateDate>2015-09-20 12:28:03</PriceUpdateDate>
      <ItemCode>8806909</ItemCode>
      <ItemType>0</ItemType>
      <ItemName>גלידה קרמיסימו לייט</ItemName>
      <ManufacturerName>שטראוס</ManufacturerName>
      <ManufactureCountry>ישראל</ManufactureCountry>
      <ManufacturerItemDescription>גלידה קרמיסימו לייט שוקו וניל 1.33 מל</ManufacturerItemDescription>
      <UnitQty>ליטרים</UnitQty>
      <Quantity>1.33</Quantity>
      <UnitOfMeasure>ליטר    </UnitOfMeasure>
      <bIsWeighted>0</bIsWeighted>
      <QtyInPackage>1</QtyInPackage>
      <ItemPrice>15.90</ItemPrice>
      <UnitOfMeasurePrice>11.9549</UnitOfMeasurePrice>
      <AllowDiscount>1</AllowDiscount>
      <ItemStatus>1</ItemStatus>
      <ItemId>225576</ItemId>
    </Item>
    <Item>
      <PriceUpdateDate>2015-09-20 12:28:03</PriceUpdateDate>
      <ItemCode>8806961</ItemCode>
      <ItemType>0</ItemType>
      <ItemName>גלידת קרמיסימו פרה ש</ItemName>
      <ManufacturerName>שטראוס</ManufacturerName>
      <ManufactureCountry>ישראל</ManufactureCountry>
      <ManufacturerItemDescription>גלידת קרמיסימו פרה שוקולד 1.33 ליטר</ManufacturerItemDescription>
      <UnitQty>ליטרים</UnitQty>
      <Quantity>1.33</Quantity>
      <UnitOfMeasure>ליטר    </UnitOfMeasure>
      <bIsWeighted>0</bIsWeighted>
      <QtyInPackage>1</QtyInPackage>
      <ItemPrice>15.90</ItemPrice>
      <UnitOfMeasurePrice>11.9549</UnitOfMeasurePrice>
      <AllowDiscount>1</AllowDiscount>
      <ItemStatus>1</ItemStatus>
      <ItemId>225577</ItemId>
    </Item>
    <Item>
      <PriceUpdateDate>2016-02-23 16:00:42</PriceUpdateDate>
      <ItemCode>8806985</ItemCode>
      <ItemType>0</ItemType>
      <ItemName>נשנושים קרמיסמו 60 י</ItemName>
      <ManufacturerName>שטראוס</ManufacturerName>
      <ManufactureCountry>ישראל</ManufactureCountry>
      <ManufacturerItemDescription>נשנושים קרמיסמו 60 יח פרווה</ManufacturerItemDescription>
      <UnitQty>מיליליטרים</UnitQty>
      <Quantity>630.00</Quantity>
      <UnitOfMeasure>100 מ"ל</UnitOfMeasure>
      <bIsWeighted>0</bIsWeighted>
      <QtyInPackage>1</QtyInPackage>
      <ItemPrice>39.90</ItemPrice>
      <UnitOfMeasurePrice>6.3333</UnitOfMeasurePrice>
      <AllowDiscount>1</AllowDiscount>
      <ItemStatus>1</ItemStatus>
      <ItemId>225578</ItemId>
    </Item>
    <Item>
      <PriceUpdateDate>2015-11-01 10:36:08</PriceUpdateDate>
      <ItemCode>7290104855368</ItemCode>
      <ItemType>1</ItemType>
      <ItemName>מיכל 1 ליטר 12 יח</ItemName>
      <ManufacturerName>,</ManufacturerName>
      <ManufactureCountry>לא ידוע</ManufactureCountry>
      <ManufacturerItemDescription>מיכל 1 ליטר 12 יח</ManufacturerItemDescription>
      <UnitQty>Unknown </UnitQty>
      <Quantity>0.00</Quantity>
      <UnitOfMeasure>Unknown </UnitOfMeasure>
      <bIsWeighted>0</bIsWeighted>
      <QtyInPackage>1</QtyInPackage>
      <ItemPrice>19.90</ItemPrice>
      <UnitOfMeasurePrice>0.0000</UnitOfMeasurePrice>
      <AllowDiscount>1</AllowDiscount>
      <ItemStatus>1</ItemStatus>
      <ItemId>265716</ItemId>
    </Item>
    <Item>
      <PriceUpdateDate>2015-01-01 00:00:00</PriceUpdateDate>
      <ItemCode>6267542</ItemCode>
      <ItemType>0</ItemType>
      <ItemName>יין תבור פנינים אדום</ItemName>
      <ManufacturerName>תבור</ManufacturerName>
      <ManufactureCountry>לא ידוע</ManufactureCountry>
      <ManufacturerItemDescription>יין תבור פנינים אדום 750 מ"ל</ManufacturerItemDescription>
      <UnitQty>מיליליטרים</UnitQty>
      <Quantity>750.00</Quantity>
      <UnitOfMeasure>100 מ"ל</UnitOfMeasure>
      <bIsWeighted>0</bIsWeighted>
      <QtyInPackage>1</QtyInPackage>
      <ItemPrice>29.90</ItemPrice>
      <UnitOfMeasurePrice>3.9867</UnitOfMeasurePrice>
      <AllowDiscount>1</AllowDiscount>
      <ItemStatus>1</ItemStatus>
      <ItemId>251178</ItemId>
    </Item>
    <Item>
      <PriceUpdateDate>2015-01-01 00:00:00</PriceUpdateDate>
      <ItemCode>8836494</ItemCode>
      <ItemType>0</ItemType>
      <ItemName>מיץ ענבים תירוש אדום</ItemName>
      <ManufacturerName>יקב טפרברג 1870 בעמ</ManufacturerName>
      <ManufactureCountry>לא ידוע</ManufactureCountry>
      <ManufacturerItemDescription>מיץ ענבים תירוש אדום 1 ליטר</ManufacturerItemDescription>
      <UnitQty>ליטרים</UnitQty>
      <Quantity>1.00</Quantity>
      <UnitOfMeasure>ליטר    </UnitOfMeasure>
      <bIsWeighted>0</bIsWeighted>
      <QtyInPackage>1</QtyInPackage>
      <ItemPrice>13.90</ItemPrice>
      <UnitOfMeasurePrice>13.9000</UnitOfMeasurePrice>
      <AllowDiscount>1</AllowDiscount>
      <ItemStatus>1</ItemStatus>
      <ItemId>225584</ItemId>
    </Item>
    <Item>
      <PriceUpdateDate>2015-01-01 00:00:00</PriceUpdateDate>
      <ItemCode>8837033</ItemCode>
      <ItemType>0</ItemType>
      <ItemName>יין כריזמה אמרלד ריז</ItemName>
      <ManufacturerName>,</ManufacturerName>
      <ManufactureCountry>לא ידוע</ManufactureCountry>
      <ManufacturerItemDescription>יין כריזמה אמרלד ריזלינג750מ"ל</ManufacturerItemDescription>
      <UnitQty>מיליליטרים</UnitQty>
      <Quantity>750.00</Quantity>
      <UnitOfMeasure>100 מ"ל</UnitOfMeasure>
      <bIsWeighted>0</bIsWeighted>
      <QtyInPackage>1</QtyInPackage>
      <ItemPrice>18.90</ItemPrice>
      <UnitOfMeasurePrice>2.5200</UnitOfMeasurePrice>
      <AllowDiscount>1</AllowDiscount>
      <ItemStatus>1</ItemStatus>
      <ItemId>225587</ItemId>
    </Item>
    <Item>
      <PriceUpdateDate>2015-01-01 00:00:00</PriceUpdateDate>
      <ItemCode>8837040</ItemCode>
      <ItemType>0</ItemType>
      <ItemName>יין כריזמה קברנה סוב</ItemName>
      <ManufacturerName>,</ManufacturerName>
      <ManufactureCountry>לא ידוע</ManufactureCountry>
      <ManufacturerItemDescription>יין כריזמה קברנה סובניון 750 מ"ל</ManufacturerItemDescription>
      <UnitQty>מיליליטרים</UnitQty>
      <Quantity>750.00</Quantity>
      <UnitOfMeasure>100 מ"ל</UnitOfMeasure>
      <bIsWeighted>0</bIsWeighted>
      <QtyInPackage>1</QtyInPackage>
      <ItemPrice>17.90</ItemPrice>
      <UnitOfMeasurePrice>2.3867</UnitOfMeasurePrice>
      <AllowDiscount>1</AllowDiscount>
      <ItemStatus>1</ItemStatus>
      <ItemId>225588</ItemId>
    </Item>
    <Item>
      <PriceUpdateDate>2016-02-23 09:59:51</PriceUpdateDate>
      <ItemCode>8837101</ItemCode>
      <ItemType>0</ItemType>
      <ItemName>יין ארבל רוזה חצי יב</ItemName>
      <ManufacturerName>,</ManufacturerName>
      <ManufactureCountry>לא ידוע</ManufactureCountry>
      <ManufacturerItemDescription>יין ארבל רוזה 750 חצי יבש זני  750 מ"ל</ManufacturerItemDescription>
      <UnitQty>מיליליטרים</UnitQty>
      <Quantity>750.00</Quantity>
      <UnitOfMeasure>100 מ"ל</UnitOfMeasure>
      <bIsWeighted>0</bIsWeighted>
      <QtyInPackage>1</QtyInPackage>
      <ItemPrice>15.90</ItemPrice>
      <UnitOfMeasurePrice>2.1200</UnitOfMeasurePrice>
      <AllowDiscount>1</AllowDiscount>
      <ItemStatus>1</ItemStatus>
      <ItemId>225591</ItemId>
    </Item>
    <Item>
      <PriceUpdateDate>2016-02-23 09:59:51</PriceUpdateDate>
      <ItemCode>8837125</ItemCode>
      <ItemType>0</ItemType>
      <ItemName>יין ארבל קברנה יבש ז</ItemName>
      <ManufacturerName>,</ManufacturerName>
      <ManufactureCountry>לא ידוע</ManufactureCountry>
      <ManufacturerItemDescription>יין ארבל אדום 750 מ"ל</ManufacturerItemDescription>
      <UnitQty>מיליליטרים</UnitQty>
      <Quantity>750.00</Quantity>
      <UnitOfMeasure>100 מ"ל</UnitOfMeasure>
      <bIsWeighted>0</bIsWeighted>
      <QtyInPackage>1</QtyInPackage>
      <ItemPrice>15.90</ItemPrice>
      <UnitOfMeasurePrice>2.1200</UnitOfMeasurePrice>
      <AllowDiscount>1</AllowDiscount>
      <ItemStatus>1</ItemStatus>
      <ItemId>225593</ItemId>
    </Item>
    <Item>
      <PriceUpdateDate>2016-07-13 10:26:45</PriceUpdateDate>
      <ItemCode>7290009000160</ItemCode>
      <ItemType>1</ItemType>
      <ItemName>מארז תפו"ע סמיט</ItemName>
      <ManufacturerName>,</ManufacturerName>
      <ManufactureCountry>לא ידוע</ManufactureCountry>
      <ManufacturerItemDescription>מארז תפו"ע סמיט</ManufacturerItemDescription>
      <UnitQty>קילוגרמים</UnitQty>
      <Quantity>1.00</Quantity>
      <UnitOfMeasure>ק"ג</UnitOfMeasure>
      <bIsWeighted>1</bIsWeighted>
      <QtyInPackage>לא ידוע</QtyInPackage>
      <ItemPrice>8.90</ItemPrice>
      <UnitOfMeasurePrice>8.9000</UnitOfMeasurePrice>
      <AllowDiscount>1</AllowDiscount>
      <ItemStatus>1</ItemStatus>
      <ItemId>268240</ItemId>
    </Item>
    <Item>
      <PriceUpdateDate>2016-02-23 09:59:52</PriceUpdateDate>
      <ItemCode>8837156</ItemCode>
      <ItemType>0</ItemType>
      <ItemName>יין ארבל ריזלינג חצי</ItemName>
      <ManufacturerName>,</ManufacturerName>
      <ManufactureCountry>לא ידוע</ManufactureCountry>
      <ManufacturerItemDescription>יין ארבל לבן 750 מ"ל</ManufacturerItemDescription>
      <UnitQty>מיליליטרים</UnitQty>
      <Quantity>750.00</Quantity>
      <UnitOfMeasure>100 מ"ל</UnitOfMeasure>
      <bIsWeighted>0</bIsWeighted>
      <QtyInPackage>1</QtyInPackage>
      <ItemPrice>15.90</ItemPrice>
      <UnitOfMeasurePrice>2.1200</UnitOfMeasurePrice>
      <AllowDiscount>1</AllowDiscount>
      <ItemStatus>1</ItemStatus>
      <ItemId>225594</ItemId>
    </Item>
    <Item>
      <PriceUpdateDate>2015-01-01 00:00:00</PriceUpdateDate>
      <ItemCode>8837354</ItemCode>
      <ItemType>0</ItemType>
      <ItemName>יין כריזמה מרלו 750</ItemName>
      <ManufacturerName>,</ManufacturerName>
      <ManufactureCountry>לא ידוע</ManufactureCountry>
      <ManufacturerItemDescription>יין כריזמה מרלו 750 מ"ל</ManufacturerItemDescription>
      <UnitQty>מיליליטרים</UnitQty>
      <Quantity>750.00</Quantity>
      <UnitOfMeasure>100 מ"ל</UnitOfMeasure>
      <bIsWeighted>0</bIsWeighted>
      <QtyInPackage>1</QtyInPackage>
      <ItemPrice>18.90</ItemPrice>
      <UnitOfMeasurePrice>2.5200</UnitOfMeasurePrice>
      <AllowDiscount>1</AllowDiscount>
      <ItemStatus>1</ItemStatus>
      <ItemId>225600</ItemId>
    </Item>
    <Item>
      <PriceUpdateDate>2015-01-01 00:00:00</PriceUpdateDate>
      <ItemCode>8909440</ItemCode>
      <ItemType>0</ItemType>
      <ItemName>פאנטה אורנג מנגו 1.5</ItemName>
      <ManufacturerName>קוקה קולה</ManufacturerName>
      <ManufactureCountry>לא ידוע</ManufactureCountry>
      <ManufacturerItemDescription>פאנטה אורנג מנגו 1.5 ליטר</ManufacturerItemDescription>
      <UnitQty>ליטרים</UnitQty>
      <Quantity>1.50</Quantity>
      <UnitOfMeasure>ליטר    </UnitOfMeasure>
      <bIsWeighted>0</bIsWeighted>
      <QtyInPackage>1</QtyInPackage>
      <ItemPrice>6.50</ItemPrice>
      <UnitOfMeasurePrice>4.3333</UnitOfMeasurePrice>
      <AllowDiscount>1</AllowDiscount>
      <ItemStatus>1</ItemStatus>
      <ItemId>225619</ItemId>
    </Item>
    <Item>
      <PriceUpdateDate>2015-01-01 00:00:00</PriceUpdateDate>
      <ItemCode>8909860</ItemCode>
      <ItemType>0</ItemType>
      <ItemName>קוקה קולה זירו 1.5 ל</ItemName>
      <ManufacturerName>קוקה קולה</ManufacturerName>
      <ManufactureCountry>לא ידוע</ManufactureCountry>
      <ManufacturerItemDescription>קוקה קולה זירו 1.5 ליטר</ManufacturerItemDescription>
      <UnitQty>ליטרים</UnitQty>
      <Quantity>1.50</Quantity>
      <UnitOfMeasure>ליטר    </UnitOfMeasure>
      <bIsWeighted>0</bIsWeighted>
      <QtyInPackage>1</QtyInPackage>
      <ItemPrice>6.50</ItemPrice>
      <UnitOfMeasurePrice>4.3333</UnitOfMeasurePrice>
      <AllowDiscount>1</AllowDiscount>
      <ItemStatus>1</ItemStatus>
      <ItemId>225625</ItemId>
    </Item>
    <Item>
      <PriceUpdateDate>2015-01-01 00:00:00</PriceUpdateDate>
      <ItemCode>8909877</ItemCode>
      <ItemType>0</ItemType>
      <ItemName>קוקה קולה זירו שישיה</ItemName>
      <ManufacturerName>קוקה קולה</ManufacturerName>
      <ManufactureCountry>לא ידוע</ManufactureCountry>
      <ManufacturerItemDescription>קוקה קולה זירו שישיה * 1.5 ליטר</ManufacturerItemDescription>
      <UnitQty>ליטרים</UnitQty>
      <Quantity>9.00</Quantity>
      <UnitOfMeasure>ליטר    </UnitOfMeasure>
      <bIsWeighted>0</bIsWeighted>
      <QtyInPackage>1</QtyInPackage>
      <ItemPrice>35.90</ItemPrice>
      <UnitOfMeasurePrice>3.9889</UnitOfMeasurePrice>
      <AllowDiscount>1</AllowDiscount>
      <ItemStatus>1</ItemStatus>
      <ItemId>225626</ItemId>
    </Item>
    <Item>
      <PriceUpdateDate>2015-09-20 12:48:54</PriceUpdateDate>
      <ItemCode>8975551</ItemCode>
      <ItemType>0</ItemType>
      <ItemName>מטרנה מהדרין שלב 3</ItemName>
      <ManufacturerName>מטרנה</ManufacturerName>
      <ManufactureCountry>ישראל</ManufactureCountry>
      <ManufacturerItemDescription>מטרנה מהדרין שלב 3 700 גרם</ManufacturerItemDescription>
      <UnitQty>גרמים</UnitQty>
      <Quantity>700.00</Quantity>
      <UnitOfMeasure>100 גרם</UnitOfMeasure>
      <bIsWeighted>0</bIsWeighted>
      <QtyInPackage>1</QtyInPackage>
      <ItemPrice>49.90</ItemPrice>
      <UnitOfMeasurePrice>7.1286</UnitOfMeasurePrice>
      <AllowDiscount>1</AllowDiscount>
      <ItemStatus>1</ItemStatus>
      <ItemId>225644</ItemId>
    </Item>
    <Item>
      <PriceUpdateDate>2015-01-01 00:00:00</PriceUpdateDate>
      <ItemCode>8989015</ItemCode>
      <ItemType>0</ItemType>
      <ItemName>דייסת אורז בדצ 400 ג</ItemName>
      <ManufacturerName>בטר אנד דיפרנט</ManufacturerName>
      <ManufactureCountry>לא ידוע</ManufactureCountry>
      <ManufacturerItemDescription>דייסת אורז בדצ 400 גרם</ManufacturerItemDescription>
      <UnitQty>גרמים</UnitQty>
      <Quantity>400.00</Quantity>
      <UnitOfMeasure>100 גרם</UnitOfMeasure>
      <bIsWeighted>0</bIsWeighted>
      <QtyInPackage>1</QtyInPackage>
      <ItemPrice>14.90</ItemPrice>
      <UnitOfMeasurePrice>3.7250</UnitOfMeasurePrice>
      <AllowDiscount>1</AllowDiscount>
      <ItemStatus>1</ItemStatus>
      <ItemId>225645</ItemId>
    </Item>
    <Item>
      <PriceUpdateDate>2015-01-01 00:00:00</PriceUpdateDate>
      <ItemCode>8989022</ItemCode>
      <ItemType>0</ItemType>
      <ItemName>דייסת סולת בדצ 400 ג</ItemName>
      <ManufacturerName>בטר אנד דיפרנט</ManufacturerName>
      <ManufactureCountry>לא ידוע</ManufactureCountry>
      <ManufacturerItemDescription>דייסת סולת בדצ 400 גרם</ManufacturerItemDescription>
      <UnitQty>גרמים</UnitQty>
      <Quantity>400.00</Quantity>
      <UnitOfMeasure>100 גרם</UnitOfMeasure>
      <bIsWeighted>0</bIsWeighted>
      <QtyInPackage>1</QtyInPackage>
      <ItemPrice>14.90</ItemPrice>
      <UnitOfMeasurePrice>3.7250</UnitOfMeasurePrice>
      <AllowDiscount>1</AllowDiscount>
      <ItemStatus>1</ItemStatus>
      <ItemId>225646</ItemId>
    </Item>
    <Item>
      <PriceUpdateDate>2015-01-01 00:00:00</PriceUpdateDate>
      <ItemCode>8989039</ItemCode>
      <ItemType>0</ItemType>
      <ItemName>דייסת קורנפלור בדצ</ItemName>
      <ManufacturerName>בטר אנד דיפרנט</ManufacturerName>
      <ManufactureCountry>לא ידוע</ManufactureCountry>
      <ManufacturerItemDescription>דייסת קורנפלור בדצ 400 גרם</ManufacturerItemDescription>
      <UnitQty>גרמים</UnitQty>
      <Quantity>400.00</Quantity>
      <UnitOfMeasure>100 גרם</UnitOfMeasure>
      <bIsWeighted>0</bIsWeighted>
      <QtyInPackage>1</QtyInPackage>
      <ItemPrice>14.90</ItemPrice>
      <UnitOfMeasurePrice>3.7250</UnitOfMeasurePrice>
      <AllowDiscount>1</AllowDiscount>
      <ItemStatus>1</ItemStatus>
      <ItemId>225647</ItemId>
    </Item>
    <Item>
      <PriceUpdateDate>2015-01-01 00:00:00</PriceUpdateDate>
      <ItemCode>8989053</ItemCode>
      <ItemType>0</ItemType>
      <ItemName>דייסת דגנים מעורבים</ItemName>
      <ManufacturerName>בטר אנד דיפרנט</ManufacturerName>
      <ManufactureCountry>לא ידוע</ManufactureCountry>
      <ManufacturerItemDescription>דייסת דגנים מעורבים 400 גרם</ManufacturerItemDescription>
      <UnitQty>גרמים</UnitQty>
      <Quantity>400.00</Quantity>
      <UnitOfMeasure>100 גרם</UnitOfMeasure>
      <bIsWeighted>0</bIsWeighted>
      <QtyInPackage>1</QtyInPackage>
      <ItemPrice>14.90</ItemPrice>
      <UnitOfMeasurePrice>3.7250</UnitOfMeasurePrice>
      <AllowDiscount>1</AllowDiscount>
      <ItemStatus>1</ItemStatus>
      <ItemId>225648</ItemId>
    </Item>
    <Item>
      <PriceUpdateDate>2015-01-01 00:00:00</PriceUpdateDate>
      <ItemCode>8989169</ItemCode>
      <ItemType>0</ItemType>
      <ItemName>אורז תפוח בשקית 500</ItemName>
      <ManufacturerName>בטר אנד דיפרנט</ManufacturerName>
      <ManufactureCountry>לא ידוע</ManufactureCountry>
      <ManufacturerItemDescription>אורז תפוח בשקית 500 גרם</ManufacturerItemDescription>
      <UnitQty>גרמים</UnitQty>
      <Quantity>500.00</Quantity>
      <UnitOfMeasure>100 גרם</UnitOfMeasure>
      <bIsWeighted>0</bIsWeighted>
      <QtyInPackage>1</QtyInPackage>
      <ItemPrice>14.90</ItemPrice>
      <UnitOfMeasurePrice>2.9800</UnitOfMeasurePrice>
      <AllowDiscount>1</AllowDiscount>
      <ItemStatus>1</ItemStatus>
      <ItemId>225649</ItemId>
    </Item>
    <Item>
      <PriceUpdateDate>2015-01-01 00:00:00</PriceUpdateDate>
      <ItemCode>8989473</ItemCode>
      <ItemType>0</ItemType>
      <ItemName>ממרח חרובים שוקולד</ItemName>
      <ManufacturerName>בטר אנד דיפרנט</ManufacturerName>
      <ManufactureCountry>לא ידוע</ManufactureCountry>
      <ManufacturerItemDescription>ממרח חרובים שוקולד 350 גרם</ManufacturerItemDescription>
      <UnitQty>גרמים</UnitQty>
      <Quantity>350.00</Quantity>
      <UnitOfMeasure>100 גרם</UnitOfMeasure>
      <bIsWeighted>0</bIsWeighted>
      <QtyInPackage>1</QtyInPackage>
      <ItemPrice>11.90</ItemPrice>
      <UnitOfMeasurePrice>3.4000</UnitOfMeasurePrice>
      <AllowDiscount>1</AllowDiscount>
      <ItemStatus>1</ItemStatus>
      <ItemId>225651</ItemId>
    </Item>
    <Item>
      <PriceUpdateDate>2015-10-22 08:27:02</PriceUpdateDate>
      <ItemCode>8989596</ItemCode>
      <ItemType>0</ItemType>
      <ItemName>דייסת דגנים+קינואה 2</ItemName>
      <ManufacturerName>בטר אנד דיפרנט</ManufacturerName>
      <ManufactureCountry>לא ידוע</ManufactureCountry>
      <ManufacturerItemDescription>דייסת דגנים+קינואה 200 גרם</ManufacturerItemDescription>
      <UnitQty>גרמים</UnitQty>
      <Quantity>200.00</Quantity>
      <UnitOfMeasure>100 גרם</UnitOfMeasure>
      <bIsWeighted>0</bIsWeighted>
      <QtyInPackage>1</QtyInPackage>
      <ItemPrice>8.80</ItemPrice>
      <UnitOfMeasurePrice>4.4000</UnitOfMeasurePrice>
      <AllowDiscount>1</AllowDiscount>
      <ItemStatus>1</ItemStatus>
      <ItemId>225653</ItemId>
    </Item>
    <Item>
      <PriceUpdateDate>2015-01-01 00:00:00</PriceUpdateDate>
      <ItemCode>8989602</ItemCode>
      <ItemType>0</ItemType>
      <ItemName>אורז תפוח מאורז מלא</ItemName>
      <ManufacturerName>בטר אנד דיפרנט</ManufacturerName>
      <ManufactureCountry>לא ידוע</ManufactureCountry>
      <ManufacturerItemDescription>אורז תפוח מאורז מלא 450 גרם</ManufacturerItemDescription>
      <UnitQty>גרמים</UnitQty>
      <Quantity>450.00</Quantity>
      <UnitOfMeasure>100 גרם</UnitOfMeasure>
      <bIsWeighted>0</bIsWeighted>
      <QtyInPackage>1</QtyInPackage>
      <ItemPrice>14.90</ItemPrice>
      <UnitOfMeasurePrice>3.3111</UnitOfMeasurePrice>
      <AllowDiscount>1</AllowDiscount>
      <ItemStatus>1</ItemStatus>
      <ItemId>225654</ItemId>
    </Item>
    <Item>
      <PriceUpdateDate>2015-01-01 00:00:00</PriceUpdateDate>
      <ItemCode>8989909</ItemCode>
      <ItemType>0</ItemType>
      <ItemName>סירופ תפוחים 1.2 ליט</ItemName>
      <ManufacturerName>בטר אנד דיפרנט</ManufacturerName>
      <ManufactureCountry>לא ידוע</ManufactureCountry>
      <ManufacturerItemDescription>סירופ תפוחים 1.2 ליטר</ManufacturerItemDescription>
      <UnitQty>ליטרים</UnitQty>
      <Quantity>1.20</Quantity>
      <UnitOfMeasure>ליטר    </UnitOfMeasure>
      <bIsWeighted>0</bIsWeighted>
      <QtyInPackage>1</QtyInPackage>
      <ItemPrice>19.90</ItemPrice>
      <UnitOfMeasurePrice>16.5833</UnitOfMeasurePrice>
      <AllowDiscount>1</AllowDiscount>
      <ItemStatus>1</ItemStatus>
      <ItemId>225655</ItemId>
    </Item>
    <Item>
      <PriceUpdateDate>2015-01-01 00:00:00</PriceUpdateDate>
      <ItemCode>8989923</ItemCode>
      <ItemType>0</ItemType>
      <ItemName>סירופ אפרסק 1.2 ליטר</ItemName>
      <ManufacturerName>בטר אנד דיפרנט</ManufacturerName>
      <ManufactureCountry>לא ידוע</ManufactureCountry>
      <ManufacturerItemDescription>סירופ אפרסק 1.2 ליטר</ManufacturerItemDescription>
      <UnitQty>ליטרים</UnitQty>
      <Quantity>1.20</Quantity>
      <UnitOfMeasure>ליטר    </UnitOfMeasure>
      <bIsWeighted>0</bIsWeighted>
      <QtyInPackage>1</QtyInPackage>
      <ItemPrice>19.90</ItemPrice>
      <UnitOfMeasurePrice>16.5833</UnitOfMeasurePrice>
      <AllowDiscount>1</AllowDiscount>
      <ItemStatus>1</ItemStatus>
      <ItemId>225657</ItemId>
    </Item>
    <Item>
      <PriceUpdateDate>2016-05-19 08:10:16</PriceUpdateDate>
      <ItemCode>9000900</ItemCode>
      <ItemType>0</ItemType>
      <ItemName>בצל יבש</ItemName>
      <ManufacturerName>,</ManufacturerName>
      <ManufactureCountry>לא ידוע</ManufactureCountry>
      <ManufacturerItemDescription>בצל יבש</ManufacturerItemDescription>
      <UnitQty>קילוגרמים</UnitQty>
      <Quantity>1.00</Quantity>
      <UnitOfMeasure>ק"ג</UnitOfMeasure>
      <bIsWeighted>1</bIsWeighted>
      <QtyInPackage>לא ידוע</QtyInPackage>
      <ItemPrice>2.90</ItemPrice>
      <UnitOfMeasurePrice>2.9000</UnitOfMeasurePrice>
      <AllowDiscount>1</AllowDiscount>
      <ItemStatus>1</ItemStatus>
      <ItemId>225659</ItemId>
    </Item>
    <Item>
      <PriceUpdateDate>2015-01-01 00:00:00</PriceUpdateDate>
      <ItemCode>901053</ItemCode>
      <ItemType>0</ItemType>
      <ItemName>מיחזור אריזה פחית בו</ItemName>
      <ManufacturerName>,</ManufacturerName>
      <ManufactureCountry>לא ידוע</ManufactureCountry>
      <ManufacturerItemDescription>מיחזור אריזה פחית בו</ManufacturerItemDescription>
      <UnitQty>Unknown </UnitQty>
      <Quantity>0.00</Quantity>
      <UnitOfMeasure>Unknown </UnitOfMeasure>
      <bIsWeighted>0</bIsWeighted>
      <QtyInPackage>1</QtyInPackage>
      <ItemPrice>0.30</ItemPrice>
      <UnitOfMeasurePrice>0.0000</UnitOfMeasurePrice>
      <AllowDiscount>1</AllowDiscount>
      <ItemStatus>1</ItemStatus>
      <ItemId>225663</ItemId>
    </Item>
    <Item>
      <PriceUpdateDate>2015-05-28 09:19:33</PriceUpdateDate>
      <ItemCode>9000931</ItemCode>
      <ItemType>0</ItemType>
      <ItemName>בצל אדום</ItemName>
      <ManufacturerName>,</ManufacturerName>
      <ManufactureCountry>לא ידוע</ManufactureCountry>
      <ManufacturerItemDescription>בצל אדום</ManufacturerItemDescription>
      <UnitQty>קילוגרמים</UnitQty>
      <Quantity>1.00</Quantity>
      <UnitOfMeasure>ק"ג</UnitOfMeasure>
      <bIsWeighted>1</bIsWeighted>
      <QtyInPackage>לא ידוע</QtyInPackage>
      <ItemPrice>3.90</ItemPrice>
      <UnitOfMeasurePrice>3.9000</UnitOfMeasurePrice>
      <AllowDiscount>1</AllowDiscount>
      <ItemStatus>1</ItemStatus>
      <ItemId>225667</ItemId>
    </Item>
    <Item>
      <PriceUpdateDate>2015-01-01 00:00:00</PriceUpdateDate>
      <ItemCode>96</ItemCode>
      <ItemType>0</ItemType>
      <ItemName>בצל ירוק יח</ItemName>
      <ManufacturerName>,</ManufacturerName>
      <ManufactureCountry>לא ידוע</ManufactureCountry>
      <ManufacturerItemDescription>בצל ירוק יח</ManufacturerItemDescription>
      <UnitQty>Unknown </UnitQty>
      <Quantity>0.00</Quantity>
      <UnitOfMeasure>Unknown </UnitOfMeasure>
      <bIsWeighted>0</bIsWeighted>
      <QtyInPackage>1</QtyInPackage>
      <ItemPrice>4.90</ItemPrice>
      <UnitOfMeasurePrice>0.0000</UnitOfMeasurePrice>
      <AllowDiscount>1</AllowDiscount>
      <ItemStatus>1</ItemStatus>
      <ItemId>225668</ItemId>
    </Item>
    <Item>
      <PriceUpdateDate>2015-01-01 00:00:00</PriceUpdateDate>
      <ItemCode>3996094</ItemCode>
      <ItemType>0</ItemType>
      <ItemName>סלרי מהדרין</ItemName>
      <ManufacturerName>,</ManufacturerName>
      <ManufactureCountry>לא ידוע</ManufactureCountry>
      <ManufacturerItemDescription>סלרי מהדרין</ManufacturerItemDescription>
      <UnitQty>Unknown </UnitQty>
      <Quantity>0.00</Quantity>
      <UnitOfMeasure>Unknown </UnitOfMeasure>
      <bIsWeighted>0</bIsWeighted>
      <QtyInPackage>1</QtyInPackage>
      <ItemPrice>7.90</ItemPrice>
      <UnitOfMeasurePrice>0.0000</UnitOfMeasurePrice>
      <AllowDiscount>1</AllowDiscount>
      <ItemStatus>1</ItemStatus>
      <ItemId>225673</ItemId>
    </Item>
    <Item>
      <PriceUpdateDate>2015-01-01 00:00:00</PriceUpdateDate>
      <ItemCode>3996100</ItemCode>
      <ItemType>0</ItemType>
      <ItemName>עלי סלק מהדרין</ItemName>
      <ManufacturerName>,</ManufacturerName>
      <ManufactureCountry>לא ידוע</ManufactureCountry>
      <ManufacturerItemDescription>עלי סלק מהדרין</ManufacturerItemDescription>
      <UnitQty>Unknown </UnitQty>
      <Quantity>0.00</Quantity>
      <UnitOfMeasure>Unknown </UnitOfMeasure>
      <bIsWeighted>0</bIsWeighted>
      <QtyInPackage>1</QtyInPackage>
      <ItemPrice>7.90</ItemPrice>
      <UnitOfMeasurePrice>0.0000</UnitOfMeasurePrice>
      <AllowDiscount>1</AllowDiscount>
      <ItemStatus>1</ItemStatus>
      <ItemId>225674</ItemId>
    </Item>
    <Item>
      <PriceUpdateDate>2015-01-01 00:00:00</PriceUpdateDate>
      <ItemCode>9097030</ItemCode>
      <ItemType>0</ItemType>
      <ItemName>מארז סוללות</ItemName>
      <ManufacturerName>,</ManufacturerName>
      <ManufactureCountry>לא ידוע</ManufactureCountry>
      <ManufacturerItemDescription>מארז סוללות</ManufacturerItemDescription>
      <UnitQty>Unknown </UnitQty>
      <Quantity>0.00</Quantity>
      <UnitOfMeasure>Unknown </UnitOfMeasure>
      <bIsWeighted>0</bIsWeighted>
      <QtyInPackage>1</QtyInPackage>
      <ItemPrice>8.90</ItemPrice>
      <UnitOfMeasurePrice>0.0000</UnitOfMeasurePrice>
      <AllowDiscount>1</AllowDiscount>
      <ItemStatus>1</ItemStatus>
      <ItemId>225707</ItemId>
    </Item>
    <Item>
      <PriceUpdateDate>2015-11-12 08:18:25</PriceUpdateDate>
      <ItemCode>5576249</ItemCode>
      <ItemType>0</ItemType>
      <ItemName>לקט 350 גרם</ItemName>
      <ManufacturerName>,</ManufacturerName>
      <ManufactureCountry>לא ידוע</ManufactureCountry>
      <ManufacturerItemDescription>לקט 350 גרם</ManufacturerItemDescription>
      <UnitQty>גרמים</UnitQty>
      <Quantity>350.00</Quantity>
      <UnitOfMeasure>100 גרם</UnitOfMeasure>
      <bIsWeighted>0</bIsWeighted>
      <QtyInPackage>1</QtyInPackage>
      <ItemPrice>11.90</ItemPrice>
      <UnitOfMeasurePrice>3.4000</UnitOfMeasurePrice>
      <AllowDiscount>1</AllowDiscount>
      <ItemStatus>1</ItemStatus>
      <ItemId>225918</ItemId>
    </Item>
    <Item>
      <PriceUpdateDate>2015-01-01 00:00:00</PriceUpdateDate>
      <ItemCode>7290011254964</ItemCode>
      <ItemType>0</ItemType>
      <ItemName>סוכריות גלי טבעי עשי</ItemName>
      <ManufacturerName>מיה תעשיות מזון בעמ</ManufacturerName>
      <ManufactureCountry>ישראל</ManufactureCountry>
      <ManufacturerItemDescription>סוכריות גלי טבעי עשיריה</ManufacturerItemDescription>
      <UnitQty>גרמים</UnitQty>
      <Quantity>250.00</Quantity>
      <UnitOfMeasure>100 גרם</UnitOfMeasure>
      <bIsWeighted>0</bIsWeighted>
      <QtyInPackage>10</QtyInPackage>
      <ItemPrice>9.80</ItemPrice>
      <UnitOfMeasurePrice>3.9200</UnitOfMeasurePrice>
      <AllowDiscount>1</AllowDiscount>
      <ItemStatus>1</ItemStatus>
      <ItemId>226000</ItemId>
    </Item>
    <Item>
      <PriceUpdateDate>2016-08-21 13:05:32</PriceUpdateDate>
      <ItemCode>9006346</ItemCode>
      <ItemType>0</ItemType>
      <ItemName>קובו במשקל</ItemName>
      <ManufacturerName>,</ManufacturerName>
      <ManufactureCountry>לא ידוע</ManufactureCountry>
      <ManufacturerItemDescription>קובו במשקל</ManufacturerItemDescription>
      <UnitQty>קילוגרמים</UnitQty>
      <Quantity>1.00</Quantity>
      <UnitOfMeasure>ק"ג</UnitOfMeasure>
      <bIsWeighted>1</bIsWeighted>
      <QtyInPackage>לא ידוע</QtyInPackage>
      <ItemPrice>19.90</ItemPrice>
      <UnitOfMeasurePrice>19.9000</UnitOfMeasurePrice>
      <AllowDiscount>1</AllowDiscount>
      <ItemStatus>1</ItemStatus>
      <ItemId>269879</ItemId>
    </Item>
    <Item>
      <PriceUpdateDate>2016-07-31 14:20:33</PriceUpdateDate>
      <ItemCode>7290000306278</ItemCode>
      <ItemType>1</ItemType>
      <ItemName>טונה בשמן לגונה A2 ב</ItemName>
      <ManufacturerName>,</ManufacturerName>
      <ManufactureCountry>לא ידוע</ManufactureCountry>
      <ManufacturerItemDescription>טונה בשמן לגונה A2 בד"צ 545 גרם</ManufacturerItemDescription>
      <UnitQty>גרמים</UnitQty>
      <Quantity>545.00</Quantity>
      <UnitOfMeasure>100 גרם</UnitOfMeasure>
      <bIsWeighted>0</bIsWeighted>
      <QtyInPackage>1</QtyInPackage>
      <ItemPrice>14.90</ItemPrice>
      <UnitOfMeasurePrice>2.7339</UnitOfMeasurePrice>
      <AllowDiscount>1</AllowDiscount>
      <ItemStatus>1</ItemStatus>
      <ItemId>269031</ItemId>
    </Item>
    <Item>
      <PriceUpdateDate>2015-01-01 00:00:00</PriceUpdateDate>
      <ItemCode>6775306</ItemCode>
      <ItemType>0</ItemType>
      <ItemName>מאפין ממולא תות 50 ג</ItemName>
      <ManufacturerName>אחדות ביחר לטחינה חל</ManufacturerName>
      <ManufactureCountry>לא ידוע</ManufactureCountry>
      <ManufacturerItemDescription>מאפין ממולא תות 50 גרם</ManufacturerItemDescription>
      <UnitQty>גרמים</UnitQty>
      <Quantity>50.00</Quantity>
      <UnitOfMeasure>100 גרם</UnitOfMeasure>
      <bIsWeighted>0</bIsWeighted>
      <QtyInPackage>1</QtyInPackage>
      <ItemPrice>1.60</ItemPrice>
      <UnitOfMeasurePrice>3.2000</UnitOfMeasurePrice>
      <AllowDiscount>1</AllowDiscount>
      <ItemStatus>1</ItemStatus>
      <ItemId>226007</ItemId>
    </Item>
    <Item>
      <PriceUpdateDate>2016-08-03 10:32:46</PriceUpdateDate>
      <ItemCode>572673</ItemCode>
      <ItemType>0</ItemType>
      <ItemName>חטיף חלבה 12 באריזת</ItemName>
      <ManufacturerName>אחדות ביחר לטחינה חל</ManufacturerName>
      <ManufactureCountry>לא ידוע</ManufactureCountry>
      <ManufacturerItemDescription>חטיף חלבה 12 באריזת שי 12 יח 300 גרם</ManufacturerItemDescription>
      <UnitQty>גרמים</UnitQty>
      <Quantity>300.00</Quantity>
      <UnitOfMeasure>100 גרם</UnitOfMeasure>
      <bIsWeighted>0</bIsWeighted>
      <QtyInPackage>1</QtyInPackage>
      <ItemPrice>10.90</ItemPrice>
      <UnitOfMeasurePrice>3.6333</UnitOfMeasurePrice>
      <AllowDiscount>1</AllowDiscount>
      <ItemStatus>1</ItemStatus>
      <ItemId>226012</ItemId>
    </Item>
    <Item>
      <PriceUpdateDate>2016-03-29 15:36:17</PriceUpdateDate>
      <ItemCode>35000689535</ItemCode>
      <ItemType>0</ItemType>
      <ItemName>מברשת שיניים מקס פרש</ItemName>
      <ManufacturerName>,</ManufacturerName>
      <ManufactureCountry>לא ידוע</ManufactureCountry>
      <ManufacturerItemDescription>מברשת שיניים מקס פרש M זוג</ManufacturerItemDescription>
      <UnitQty>Unknown </UnitQty>
      <Quantity>0.00</Quantity>
      <UnitOfMeasure>Unknown </UnitOfMeasure>
      <bIsWeighted>0</bIsWeighted>
      <QtyInPackage>1</QtyInPackage>
      <ItemPrice>19.90</ItemPrice>
      <UnitOfMeasurePrice>0.0000</UnitOfMeasurePrice>
      <AllowDiscount>1</AllowDiscount>
      <ItemStatus>1</ItemStatus>
      <ItemId>267612</ItemId>
    </Item>
    <Item>
      <PriceUpdateDate>2015-08-02 17:40:45</PriceUpdateDate>
      <ItemCode>3806812</ItemCode>
      <ItemType>0</ItemType>
      <ItemName>מרכך כביסה בדין אקסט</ItemName>
      <ManufacturerName>יוניליוור</ManufacturerName>
      <ManufactureCountry>לא ידוע</ManufactureCountry>
      <ManufacturerItemDescription>מ.כביסה בדין אקסטרא יערת הדבש 960 מ"ל</ManufacturerItemDescription>
      <UnitQty>מיליליטרים</UnitQty>
      <Quantity>960.00</Quantity>
      <UnitOfMeasure>100 מ"ל</UnitOfMeasure>
      <bIsWeighted>0</bIsWeighted>
      <QtyInPackage>1</QtyInPackage>
      <ItemPrice>11.90</ItemPrice>
      <UnitOfMeasurePrice>1.2396</UnitOfMeasurePrice>
      <AllowDiscount>1</AllowDiscount>
      <ItemStatus>1</ItemStatus>
      <ItemId>264727</ItemId>
    </Item>
    <Item>
      <PriceUpdateDate>2016-05-19 16:05:53</PriceUpdateDate>
      <ItemCode>3078738</ItemCode>
      <ItemType>0</ItemType>
      <ItemName>לימון בלאדי 250 גרם</ItemName>
      <ManufacturerName>,</ManufacturerName>
      <ManufactureCountry>לא ידוע</ManufactureCountry>
      <ManufacturerItemDescription>לימון בלאדי 250 גרם</ManufacturerItemDescription>
      <UnitQty>גרמים</UnitQty>
      <Quantity>250.00</Quantity>
      <UnitOfMeasure>100 גרם</UnitOfMeasure>
      <bIsWeighted>0</bIsWeighted>
      <QtyInPackage>1</QtyInPackage>
      <ItemPrice>12.90</ItemPrice>
      <UnitOfMeasurePrice>5.1600</UnitOfMeasurePrice>
      <AllowDiscount>1</AllowDiscount>
      <ItemStatus>1</ItemStatus>
      <ItemId>226034</ItemId>
    </Item>
    <Item>
      <PriceUpdateDate>2016-03-16 07:58:50</PriceUpdateDate>
      <ItemCode>7290011091057</ItemCode>
      <ItemType>0</ItemType>
      <ItemName>פפריקה מתוקה  500 גר</ItemName>
      <ManufacturerName>,</ManufacturerName>
      <ManufactureCountry>לא ידוע</ManufactureCountry>
      <ManufacturerItemDescription>פפריקה מתוקה  500 גרם</ManufacturerItemDescription>
      <UnitQty>גרמים</UnitQty>
      <Quantity>500.00</Quantity>
      <UnitOfMeasure>100 גרם</UnitOfMeasure>
      <bIsWeighted>0</bIsWeighted>
      <QtyInPackage>1</QtyInPackage>
      <ItemPrice>29.90</ItemPrice>
      <UnitOfMeasurePrice>5.9800</UnitOfMeasurePrice>
      <AllowDiscount>1</AllowDiscount>
      <ItemStatus>1</ItemStatus>
      <ItemId>226040</ItemId>
    </Item>
    <Item>
      <PriceUpdateDate>2015-05-19 16:30:53</PriceUpdateDate>
      <ItemCode>7290015014700</ItemCode>
      <ItemType>0</ItemType>
      <ItemName>מיקרו בזיליקום אדום</ItemName>
      <ManufacturerName>,</ManufacturerName>
      <ManufactureCountry>לא ידוע</ManufactureCountry>
      <ManufacturerItemDescription>מיקרו בזיליקום אדום</ManufacturerItemDescription>
      <UnitQty>Unknown </UnitQty>
      <Quantity>0.00</Quantity>
      <UnitOfMeasure>Unknown </UnitOfMeasure>
      <bIsWeighted>0</bIsWeighted>
      <QtyInPackage>1</QtyInPackage>
      <ItemPrice>6.90</ItemPrice>
      <UnitOfMeasurePrice>0.0000</UnitOfMeasurePrice>
      <AllowDiscount>1</AllowDiscount>
      <ItemStatus>1</ItemStatus>
      <ItemId>259550</ItemId>
    </Item>
    <Item>
      <PriceUpdateDate>2015-09-17 14:46:25</PriceUpdateDate>
      <ItemCode>25675124288</ItemCode>
      <ItemType>0</ItemType>
      <ItemName>סוכריות טופי פירות פ</ItemName>
      <ManufacturerName>dori</ManufacturerName>
      <ManufactureCountry>לא ידוע</ManufactureCountry>
      <ManufacturerItemDescription>סוכריות טופי פירות 454 גרם</ManufacturerItemDescription>
      <UnitQty>גרמים</UnitQty>
      <Quantity>454.00</Quantity>
      <UnitOfMeasure>100 גרם</UnitOfMeasure>
      <bIsWeighted>0</bIsWeighted>
      <QtyInPackage>1</QtyInPackage>
      <ItemPrice>9.90</ItemPrice>
      <UnitOfMeasurePrice>2.1806</UnitOfMeasurePrice>
      <AllowDiscount>1</AllowDiscount>
      <ItemStatus>1</ItemStatus>
      <ItemId>226065</ItemId>
    </Item>
    <Item>
      <PriceUpdateDate>2015-01-01 00:00:00</PriceUpdateDate>
      <ItemCode>311623</ItemCode>
      <ItemType>0</ItemType>
      <ItemName>עינוגיות 600 גרם</ItemName>
      <ManufacturerName>,</ManufacturerName>
      <ManufactureCountry>לא ידוע</ManufactureCountry>
      <ManufacturerItemDescription>עינוגיות 600 גרם</ManufacturerItemDescription>
      <UnitQty>גרמים</UnitQty>
      <Quantity>600.00</Quantity>
      <UnitOfMeasure>100 גרם</UnitOfMeasure>
      <bIsWeighted>0</bIsWeighted>
      <QtyInPackage>1</QtyInPackage>
      <ItemPrice>8.90</ItemPrice>
      <UnitOfMeasurePrice>1.4833</UnitOfMeasurePrice>
      <AllowDiscount>1</AllowDiscount>
      <ItemStatus>1</ItemStatus>
      <ItemId>226067</ItemId>
    </Item>
    <Item>
      <PriceUpdateDate>2015-01-01 00:00:00</PriceUpdateDate>
      <ItemCode>2842002</ItemCode>
      <ItemType>0</ItemType>
      <ItemName>קוואקר פחית  500 גרם</ItemName>
      <ManufacturerName>,</ManufacturerName>
      <ManufactureCountry>לא ידוע</ManufactureCountry>
      <ManufacturerItemDescription>קוואקר פחית  500 גרם</ManufacturerItemDescription>
      <UnitQty>גרמים</UnitQty>
      <Quantity>500.00</Quantity>
      <UnitOfMeasure>100 גרם</UnitOfMeasure>
      <bIsWeighted>0</bIsWeighted>
      <QtyInPackage>1</QtyInPackage>
      <ItemPrice>11.90</ItemPrice>
      <UnitOfMeasurePrice>2.3800</UnitOfMeasurePrice>
      <AllowDiscount>1</AllowDiscount>
      <ItemStatus>1</ItemStatus>
      <ItemId>226073</ItemId>
    </Item>
    <Item>
      <PriceUpdateDate>2015-01-01 00:00:00</PriceUpdateDate>
      <ItemCode>7290011154301</ItemCode>
      <ItemType>0</ItemType>
      <ItemName>ממרח תמרים 480 גרם</ItemName>
      <ManufacturerName>,</ManufacturerName>
      <ManufactureCountry>לא ידוע</ManufactureCountry>
      <ManufacturerItemDescription>ממרח תמרים הרב לנדא 480 גרם</ManufacturerItemDescription>
      <UnitQty>גרמים</UnitQty>
      <Quantity>480.00</Quantity>
      <UnitOfMeasure>100 גרם</UnitOfMeasure>
      <bIsWeighted>0</bIsWeighted>
      <QtyInPackage>1</QtyInPackage>
      <ItemPrice>5.90</ItemPrice>
      <UnitOfMeasurePrice>1.2292</UnitOfMeasurePrice>
      <AllowDiscount>1</AllowDiscount>
      <ItemStatus>1</ItemStatus>
      <ItemId>226076</ItemId>
    </Item>
    <Item>
      <PriceUpdateDate>2015-01-01 00:00:00</PriceUpdateDate>
      <ItemCode>7290011202002</ItemCode>
      <ItemType>0</ItemType>
      <ItemName>גרעינן לבן 100 גרם</ItemName>
      <ManufacturerName>,</ManufacturerName>
      <ManufactureCountry>לא ידוע</ManufactureCountry>
      <ManufacturerItemDescription>גרעינן לבן 100 גרם</ManufacturerItemDescription>
      <UnitQty>גרמים</UnitQty>
      <Quantity>1.00</Quantity>
      <UnitOfMeasure>100 גרם</UnitOfMeasure>
      <bIsWeighted>0</bIsWeighted>
      <QtyInPackage>1</QtyInPackage>
      <ItemPrice>5.90</ItemPrice>
      <UnitOfMeasurePrice>590.0000</UnitOfMeasurePrice>
      <AllowDiscount>1</AllowDiscount>
      <ItemStatus>1</ItemStatus>
      <ItemId>226077</ItemId>
    </Item>
    <Item>
      <PriceUpdateDate>2015-01-01 00:00:00</PriceUpdateDate>
      <ItemCode>7290011202026</ItemCode>
      <ItemType>0</ItemType>
      <ItemName>שקד מולבן 100 גרם</ItemName>
      <ManufacturerName>,</ManufacturerName>
      <ManufactureCountry>לא ידוע</ManufactureCountry>
      <ManufacturerItemDescription>שקד מולבן 100 גרם</ManufacturerItemDescription>
      <UnitQty>גרמים</UnitQty>
      <Quantity>100.00</Quantity>
      <UnitOfMeasure>100 גרם</UnitOfMeasure>
      <bIsWeighted>0</bIsWeighted>
      <QtyInPackage>1</QtyInPackage>
      <ItemPrice>12.90</ItemPrice>
      <UnitOfMeasurePrice>12.9000</UnitOfMeasurePrice>
      <AllowDiscount>1</AllowDiscount>
      <ItemStatus>1</ItemStatus>
      <ItemId>226079</ItemId>
    </Item>
    <Item>
      <PriceUpdateDate>2016-03-29 15:36:17</PriceUpdateDate>
      <ItemCode>7290000253336</ItemCode>
      <ItemType>1</ItemType>
      <ItemName>מארז עיגולי שוקולד 2</ItemName>
      <ManufacturerName>,</ManufacturerName>
      <ManufactureCountry>לא ידוע</ManufactureCountry>
      <ManufacturerItemDescription>מארז עיגולי שוקולד 260 גרם</ManufacturerItemDescription>
      <UnitQty>גרמים</UnitQty>
      <Quantity>260.00</Quantity>
      <UnitOfMeasure>100 גרם</UnitOfMeasure>
      <bIsWeighted>0</bIsWeighted>
      <QtyInPackage>1</QtyInPackage>
      <ItemPrice>14.90</ItemPrice>
      <UnitOfMeasurePrice>5.7308</UnitOfMeasurePrice>
      <AllowDiscount>1</AllowDiscount>
      <ItemStatus>1</ItemStatus>
      <ItemId>267613</ItemId>
    </Item>
    <Item>
      <PriceUpdateDate>2015-01-01 00:00:00</PriceUpdateDate>
      <ItemCode>8804332</ItemCode>
      <ItemType>0</ItemType>
      <ItemName>יין שיראז PC 750 מ"ל</ItemName>
      <ManufacturerName>יקבי כרמל</ManufacturerName>
      <ManufactureCountry>לא ידוע</ManufactureCountry>
      <ManufacturerItemDescription>יין שיראז 750PC  מ"ל</ManufacturerItemDescription>
      <UnitQty>מיליליטרים</UnitQty>
      <Quantity>750.00</Quantity>
      <UnitOfMeasure>100 מ"ל</UnitOfMeasure>
      <bIsWeighted>0</bIsWeighted>
      <QtyInPackage>1</QtyInPackage>
      <ItemPrice>29.90</ItemPrice>
      <UnitOfMeasurePrice>3.9867</UnitOfMeasurePrice>
      <AllowDiscount>1</AllowDiscount>
      <ItemStatus>1</ItemStatus>
      <ItemId>226098</ItemId>
    </Item>
    <Item>
      <PriceUpdateDate>2016-01-24 11:50:49</PriceUpdateDate>
      <ItemCode>7290014016330</ItemCode>
      <ItemType>0</ItemType>
      <ItemName>לחמניות בורגר 1/4 36</ItemName>
      <ManufacturerName>,</ManufacturerName>
      <ManufactureCountry>לא ידוע</ManufactureCountry>
      <ManufacturerItemDescription>לחמניות בורגר 1/4 360 גרם</ManufacturerItemDescription>
      <UnitQty>גרמים</UnitQty>
      <Quantity>360.00</Quantity>
      <UnitOfMeasure>100 גרם</UnitOfMeasure>
      <bIsWeighted>0</bIsWeighted>
      <QtyInPackage>1</QtyInPackage>
      <ItemPrice>9.90</ItemPrice>
      <UnitOfMeasurePrice>2.7500</UnitOfMeasurePrice>
      <AllowDiscount>1</AllowDiscount>
      <ItemStatus>1</ItemStatus>
      <ItemId>266641</ItemId>
    </Item>
    <Item>
      <PriceUpdateDate>2015-01-01 00:00:00</PriceUpdateDate>
      <ItemCode>25675015050</ItemCode>
      <ItemType>0</ItemType>
      <ItemName>פריכיות אורז פשקס</ItemName>
      <ManufacturerName>,</ManufacturerName>
      <ManufactureCountry>לא ידוע</ManufactureCountry>
      <ManufacturerItemDescription>פריכיות אורז פשקס 140 גרם</ManufacturerItemDescription>
      <UnitQty>גרמים</UnitQty>
      <Quantity>140.00</Quantity>
      <UnitOfMeasure>100 גרם</UnitOfMeasure>
      <bIsWeighted>0</bIsWeighted>
      <QtyInPackage>1</QtyInPackage>
      <ItemPrice>5.90</ItemPrice>
      <UnitOfMeasurePrice>4.2143</UnitOfMeasurePrice>
      <AllowDiscount>1</AllowDiscount>
      <ItemStatus>1</ItemStatus>
      <ItemId>226141</ItemId>
    </Item>
    <Item>
      <PriceUpdateDate>2015-01-01 00:00:00</PriceUpdateDate>
      <ItemCode>25675015159</ItemCode>
      <ItemType>0</ItemType>
      <ItemName>פריכיות חיטה מלאה פש</ItemName>
      <ManufacturerName>,</ManufacturerName>
      <ManufactureCountry>לא ידוע</ManufactureCountry>
      <ManufacturerItemDescription>פריכיות חיטה מלאה פשקס 155 גרם</ManufacturerItemDescription>
      <UnitQty>גרמים</UnitQty>
      <Quantity>155.00</Quantity>
      <UnitOfMeasure>100 גרם</UnitOfMeasure>
      <bIsWeighted>0</bIsWeighted>
      <QtyInPackage>1</QtyInPackage>
      <ItemPrice>5.90</ItemPrice>
      <UnitOfMeasurePrice>3.8065</UnitOfMeasurePrice>
      <AllowDiscount>1</AllowDiscount>
      <ItemStatus>1</ItemStatus>
      <ItemId>226143</ItemId>
    </Item>
    <Item>
      <PriceUpdateDate>2015-01-01 00:00:00</PriceUpdateDate>
      <ItemCode>25675015289</ItemCode>
      <ItemType>0</ItemType>
      <ItemName>פריכיות דגנים פשקס</ItemName>
      <ManufacturerName>,</ManufacturerName>
      <ManufactureCountry>לא ידוע</ManufactureCountry>
      <ManufacturerItemDescription>פריכיות דגנים פשקס 140 גרם</ManufacturerItemDescription>
      <UnitQty>גרמים</UnitQty>
      <Quantity>140.00</Quantity>
      <UnitOfMeasure>100 גרם</UnitOfMeasure>
      <bIsWeighted>0</bIsWeighted>
      <QtyInPackage>1</QtyInPackage>
      <ItemPrice>5.90</ItemPrice>
      <UnitOfMeasurePrice>4.2143</UnitOfMeasurePrice>
      <AllowDiscount>1</AllowDiscount>
      <ItemStatus>1</ItemStatus>
      <ItemId>226144</ItemId>
    </Item>
    <Item>
      <PriceUpdateDate>2015-01-01 00:00:00</PriceUpdateDate>
      <ItemCode>25675015357</ItemCode>
      <ItemType>0</ItemType>
      <ItemName>פריכיות כוסמין פשקס</ItemName>
      <ManufacturerName>,</ManufacturerName>
      <ManufactureCountry>לא ידוע</ManufactureCountry>
      <ManufacturerItemDescription>פריכיות כוסמין פשקס 155 גרם</ManufacturerItemDescription>
      <UnitQty>גרמים</UnitQty>
      <Quantity>155.00</Quantity>
      <UnitOfMeasure>100 גרם</UnitOfMeasure>
      <bIsWeighted>0</bIsWeighted>
      <QtyInPackage>1</QtyInPackage>
      <ItemPrice>6.90</ItemPrice>
      <UnitOfMeasurePrice>4.4516</UnitOfMeasurePrice>
      <AllowDiscount>1</AllowDiscount>
      <ItemStatus>1</ItemStatus>
      <ItemId>226146</ItemId>
    </Item>
    <Item>
      <PriceUpdateDate>2015-07-16 11:50:50</PriceUpdateDate>
      <ItemCode>7290014762237</ItemCode>
      <ItemType>0</ItemType>
      <ItemName>מארז  16 יח מיני קרל</ItemName>
      <ManufacturerName>תנובה מרכז שיתופי לש</ManufacturerName>
      <ManufactureCountry>לא ידוע</ManufactureCountry>
      <ManufacturerItemDescription>מארז מיני קרלו 16 גביעים בטעם שוקולד</ManufacturerItemDescription>
      <UnitQty>קילוגרמים</UnitQty>
      <Quantity>1.60</Quantity>
      <UnitOfMeasure>ק"ג     </UnitOfMeasure>
      <bIsWeighted>0</bIsWeighted>
      <QtyInPackage>1</QtyInPackage>
      <ItemPrice>19.90</ItemPrice>
      <UnitOfMeasurePrice>12.4375</UnitOfMeasurePrice>
      <AllowDiscount>1</AllowDiscount>
      <ItemStatus>1</ItemStatus>
      <ItemId>264636</ItemId>
    </Item>
    <Item>
      <PriceUpdateDate>2015-09-17 14:46:26</PriceUpdateDate>
      <ItemCode>25675124301</ItemCode>
      <ItemType>0</ItemType>
      <ItemName>סוכריות טופי פירות ח</ItemName>
      <ManufacturerName>dori</ManufacturerName>
      <ManufactureCountry>לא ידוע</ManufactureCountry>
      <ManufacturerItemDescription>סוכריות טופי פירות חמוצים 450 גרם</ManufacturerItemDescription>
      <UnitQty>גרמים</UnitQty>
      <Quantity>450.00</Quantity>
      <UnitOfMeasure>100 גרם</UnitOfMeasure>
      <bIsWeighted>0</bIsWeighted>
      <QtyInPackage>1</QtyInPackage>
      <ItemPrice>9.90</ItemPrice>
      <UnitOfMeasurePrice>2.2000</UnitOfMeasurePrice>
      <AllowDiscount>1</AllowDiscount>
      <ItemStatus>1</ItemStatus>
      <ItemId>226149</ItemId>
    </Item>
    <Item>
      <PriceUpdateDate>2015-01-01 00:00:00</PriceUpdateDate>
      <ItemCode>835811009795</ItemCode>
      <ItemType>0</ItemType>
      <ItemName>כוסות מרובעת 20 יח</ItemName>
      <ManufacturerName>,</ManufacturerName>
      <ManufactureCountry>לא ידוע</ManufactureCountry>
      <ManufacturerItemDescription>כוסות מרובעת 20 יח 300 מ"ל</ManufacturerItemDescription>
      <UnitQty>Unknown </UnitQty>
      <Quantity>0.00</Quantity>
      <UnitOfMeasure>Unknown </UnitOfMeasure>
      <bIsWeighted>0</bIsWeighted>
      <QtyInPackage>1</QtyInPackage>
      <ItemPrice>9.90</ItemPrice>
      <UnitOfMeasurePrice>0.0000</UnitOfMeasurePrice>
      <AllowDiscount>1</AllowDiscount>
      <ItemStatus>1</ItemStatus>
      <ItemId>226150</ItemId>
    </Item>
    <Item>
      <PriceUpdateDate>2015-01-01 00:00:00</PriceUpdateDate>
      <ItemCode>835811009696</ItemCode>
      <ItemType>0</ItemType>
      <ItemName>כוסיות לחיים מרובע 2</ItemName>
      <ManufacturerName>,</ManufacturerName>
      <ManufactureCountry>לא ידוע</ManufactureCountry>
      <ManufacturerItemDescription>כוסיות לחיים מרובע 24 יחידות</ManufacturerItemDescription>
      <UnitQty>Unknown </UnitQty>
      <Quantity>0.00</Quantity>
      <UnitOfMeasure>Unknown </UnitOfMeasure>
      <bIsWeighted>0</bIsWeighted>
      <QtyInPackage>1</QtyInPackage>
      <ItemPrice>4.90</ItemPrice>
      <UnitOfMeasurePrice>0.0000</UnitOfMeasurePrice>
      <AllowDiscount>1</AllowDiscount>
      <ItemStatus>1</ItemStatus>
      <ItemId>226153</ItemId>
    </Item>
    <Item>
      <PriceUpdateDate>2015-01-01 00:00:00</PriceUpdateDate>
      <ItemCode>835811008996</ItemCode>
      <ItemType>0</ItemType>
      <ItemName>כוסות נייר 50 יח 300</ItemName>
      <ManufacturerName>,</ManufacturerName>
      <ManufactureCountry>לא ידוע</ManufactureCountry>
      <ManufacturerItemDescription>כוסות נייר 50 יח 300 מ"ל</ManufacturerItemDescription>
      <UnitQty>Unknown </UnitQty>
      <Quantity>0.00</Quantity>
      <UnitOfMeasure>Unknown </UnitOfMeasure>
      <bIsWeighted>0</bIsWeighted>
      <QtyInPackage>1</QtyInPackage>
      <ItemPrice>9.90</ItemPrice>
      <UnitOfMeasurePrice>0.0000</UnitOfMeasurePrice>
      <AllowDiscount>1</AllowDiscount>
      <ItemStatus>1</ItemStatus>
      <ItemId>226156</ItemId>
    </Item>
    <Item>
      <PriceUpdateDate>2015-01-01 00:00:00</PriceUpdateDate>
      <ItemCode>835811009016</ItemCode>
      <ItemType>0</ItemType>
      <ItemName>כוסות נייר 50 יח 120</ItemName>
      <ManufacturerName>,</ManufacturerName>
      <ManufactureCountry>לא ידוע</ManufactureCountry>
      <ManufacturerItemDescription>כוסות נייר 50 יח 120 מ"ל</ManufacturerItemDescription>
      <UnitQty>Unknown </UnitQty>
      <Quantity>0.00</Quantity>
      <UnitOfMeasure>Unknown </UnitOfMeasure>
      <bIsWeighted>0</bIsWeighted>
      <QtyInPackage>1</QtyInPackage>
      <ItemPrice>5.50</ItemPrice>
      <UnitOfMeasurePrice>0.0000</UnitOfMeasurePrice>
      <AllowDiscount>1</AllowDiscount>
      <ItemStatus>1</ItemStatus>
      <ItemId>226157</ItemId>
    </Item>
    <Item>
      <PriceUpdateDate>2015-01-01 00:00:00</PriceUpdateDate>
      <ItemCode>835811008606</ItemCode>
      <ItemType>0</ItemType>
      <ItemName>סיר אלומיניום 3 יחיד</ItemName>
      <ManufacturerName>,</ManufacturerName>
      <ManufactureCountry>לא ידוע</ManufactureCountry>
      <ManufacturerItemDescription>סיר אלומיניום 3 יחידות</ManufacturerItemDescription>
      <UnitQty>Unknown </UnitQty>
      <Quantity>0.00</Quantity>
      <UnitOfMeasure>Unknown </UnitOfMeasure>
      <bIsWeighted>0</bIsWeighted>
      <QtyInPackage>1</QtyInPackage>
      <ItemPrice>13.90</ItemPrice>
      <UnitOfMeasurePrice>0.0000</UnitOfMeasurePrice>
      <AllowDiscount>1</AllowDiscount>
      <ItemStatus>1</ItemStatus>
      <ItemId>226174</ItemId>
    </Item>
    <Item>
      <PriceUpdateDate>2015-01-01 00:00:00</PriceUpdateDate>
      <ItemCode>2118503</ItemCode>
      <ItemType>0</ItemType>
      <ItemName>פד להסרת איפור</ItemName>
      <ManufacturerName>,</ManufacturerName>
      <ManufactureCountry>לא ידוע</ManufactureCountry>
      <ManufacturerItemDescription>פד להסרת איפור</ManufacturerItemDescription>
      <UnitQty>Unknown </UnitQty>
      <Quantity>0.00</Quantity>
      <UnitOfMeasure>Unknown </UnitOfMeasure>
      <bIsWeighted>0</bIsWeighted>
      <QtyInPackage>1</QtyInPackage>
      <ItemPrice>5.80</ItemPrice>
      <UnitOfMeasurePrice>0.0000</UnitOfMeasurePrice>
      <AllowDiscount>1</AllowDiscount>
      <ItemStatus>1</ItemStatus>
      <ItemId>226179</ItemId>
    </Item>
    <Item>
      <PriceUpdateDate>2015-01-01 00:00:00</PriceUpdateDate>
      <ItemCode>2007005</ItemCode>
      <ItemType>0</ItemType>
      <ItemName>פרג טחון 100 גרם</ItemName>
      <ManufacturerName>,</ManufacturerName>
      <ManufactureCountry>לא ידוע</ManufactureCountry>
      <ManufacturerItemDescription>פרג טחון 100 גרם</ManufacturerItemDescription>
      <UnitQty>גרמים</UnitQty>
      <Quantity>100.00</Quantity>
      <UnitOfMeasure>100 גרם</UnitOfMeasure>
      <bIsWeighted>0</bIsWeighted>
      <QtyInPackage>1</QtyInPackage>
      <ItemPrice>3.90</ItemPrice>
      <UnitOfMeasurePrice>3.9000</UnitOfMeasurePrice>
      <AllowDiscount>1</AllowDiscount>
      <ItemStatus>1</ItemStatus>
      <ItemId>226180</ItemId>
    </Item>
    <Item>
      <PriceUpdateDate>2015-01-01 00:00:00</PriceUpdateDate>
      <ItemCode>2007180</ItemCode>
      <ItemType>0</ItemType>
      <ItemName>קמח תירס 500 גרם</ItemName>
      <ManufacturerName>,</ManufacturerName>
      <ManufactureCountry>לא ידוע</ManufactureCountry>
      <ManufacturerItemDescription>קמח תירס 500 גרם</ManufacturerItemDescription>
      <UnitQty>גרמים</UnitQty>
      <Quantity>500.00</Quantity>
      <UnitOfMeasure>100 גרם</UnitOfMeasure>
      <bIsWeighted>0</bIsWeighted>
      <QtyInPackage>1</QtyInPackage>
      <ItemPrice>3.90</ItemPrice>
      <UnitOfMeasurePrice>0.7800</UnitOfMeasurePrice>
      <AllowDiscount>1</AllowDiscount>
      <ItemStatus>1</ItemStatus>
      <ItemId>226186</ItemId>
    </Item>
    <Item>
      <PriceUpdateDate>2015-01-01 00:00:00</PriceUpdateDate>
      <ItemCode>835811009108</ItemCode>
      <ItemType>0</ItemType>
      <ItemName>קערות אלגנט ענק אובל</ItemName>
      <ManufacturerName>,</ManufacturerName>
      <ManufactureCountry>לא ידוע</ManufactureCountry>
      <ManufacturerItemDescription>קערות אלגנט ענק אובלית 1 יח</ManufacturerItemDescription>
      <UnitQty>Unknown </UnitQty>
      <Quantity>0.00</Quantity>
      <UnitOfMeasure>Unknown </UnitOfMeasure>
      <bIsWeighted>0</bIsWeighted>
      <QtyInPackage>1</QtyInPackage>
      <ItemPrice>3.90</ItemPrice>
      <UnitOfMeasurePrice>0.0000</UnitOfMeasurePrice>
      <AllowDiscount>1</AllowDiscount>
      <ItemStatus>1</ItemStatus>
      <ItemId>226187</ItemId>
    </Item>
    <Item>
      <PriceUpdateDate>2015-01-01 00:00:00</PriceUpdateDate>
      <ItemCode>835811009146</ItemCode>
      <ItemType>0</ItemType>
      <ItemName>קערה קטן אובלי אלגנט</ItemName>
      <ManufacturerName>,</ManufacturerName>
      <ManufactureCountry>לא ידוע</ManufactureCountry>
      <ManufacturerItemDescription>קערה קטן אובלי אלגנט 10 יח</ManufacturerItemDescription>
      <UnitQty>Unknown </UnitQty>
      <Quantity>0.00</Quantity>
      <UnitOfMeasure>Unknown </UnitOfMeasure>
      <bIsWeighted>0</bIsWeighted>
      <QtyInPackage>1</QtyInPackage>
      <ItemPrice>9.90</ItemPrice>
      <UnitOfMeasurePrice>0.0000</UnitOfMeasurePrice>
      <AllowDiscount>1</AllowDiscount>
      <ItemStatus>1</ItemStatus>
      <ItemId>226188</ItemId>
    </Item>
    <Item>
      <PriceUpdateDate>2015-01-01 00:00:00</PriceUpdateDate>
      <ItemCode>835811009085</ItemCode>
      <ItemType>0</ItemType>
      <ItemName>קערות סלט עמוקות בינ</ItemName>
      <ManufacturerName>,</ManufacturerName>
      <ManufactureCountry>לא ידוע</ManufactureCountry>
      <ManufacturerItemDescription>קערות סלט עמוקות בינוני 1 יחידה</ManufacturerItemDescription>
      <UnitQty>Unknown </UnitQty>
      <Quantity>0.00</Quantity>
      <UnitOfMeasure>Unknown </UnitOfMeasure>
      <bIsWeighted>0</bIsWeighted>
      <QtyInPackage>1</QtyInPackage>
      <ItemPrice>4.90</ItemPrice>
      <UnitOfMeasurePrice>0.0000</UnitOfMeasurePrice>
      <AllowDiscount>1</AllowDiscount>
      <ItemStatus>1</ItemStatus>
      <ItemId>226189</ItemId>
    </Item>
    <Item>
      <PriceUpdateDate>2015-01-01 00:00:00</PriceUpdateDate>
      <ItemCode>835811009092</ItemCode>
      <ItemType>0</ItemType>
      <ItemName>קערות סלט עמוקות קטנ</ItemName>
      <ManufacturerName>,</ManufacturerName>
      <ManufactureCountry>לא ידוע</ManufactureCountry>
      <ManufacturerItemDescription>קערות סלט עמוקות קטנות 1 יחידה</ManufacturerItemDescription>
      <UnitQty>Unknown </UnitQty>
      <Quantity>0.00</Quantity>
      <UnitOfMeasure>Unknown </UnitOfMeasure>
      <bIsWeighted>0</bIsWeighted>
      <QtyInPackage>1</QtyInPackage>
      <ItemPrice>2.90</ItemPrice>
      <UnitOfMeasurePrice>0.0000</UnitOfMeasurePrice>
      <AllowDiscount>1</AllowDiscount>
      <ItemStatus>1</ItemStatus>
      <ItemId>226190</ItemId>
    </Item>
    <Item>
      <PriceUpdateDate>2015-01-01 00:00:00</PriceUpdateDate>
      <ItemCode>835811009139</ItemCode>
      <ItemType>0</ItemType>
      <ItemName>קערת לפתן מרובע קטן</ItemName>
      <ManufacturerName>,</ManufacturerName>
      <ManufactureCountry>לא ידוע</ManufactureCountry>
      <ManufacturerItemDescription>קערת לפתן מרובע קטן 10 יחידות</ManufacturerItemDescription>
      <UnitQty>Unknown </UnitQty>
      <Quantity>0.00</Quantity>
      <UnitOfMeasure>Unknown </UnitOfMeasure>
      <bIsWeighted>0</bIsWeighted>
      <QtyInPackage>1</QtyInPackage>
      <ItemPrice>7.90</ItemPrice>
      <UnitOfMeasurePrice>0.0000</UnitOfMeasurePrice>
      <AllowDiscount>1</AllowDiscount>
      <ItemStatus>1</ItemStatus>
      <ItemId>226191</ItemId>
    </Item>
    <Item>
      <PriceUpdateDate>2015-01-01 00:00:00</PriceUpdateDate>
      <ItemCode>2040095</ItemCode>
      <ItemType>0</ItemType>
      <ItemName>קוסקוס במארז 3 יח</ItemName>
      <ManufacturerName>,</ManufacturerName>
      <ManufactureCountry>לא ידוע</ManufactureCountry>
      <ManufacturerItemDescription>קוסקוס במארז 3 יח</ManufacturerItemDescription>
      <UnitQty>קילוגרמים</UnitQty>
      <Quantity>1.05</Quantity>
      <UnitOfMeasure>ק"ג     </UnitOfMeasure>
      <bIsWeighted>0</bIsWeighted>
      <QtyInPackage>1</QtyInPackage>
      <ItemPrice>11.90</ItemPrice>
      <UnitOfMeasurePrice>11.3333</UnitOfMeasurePrice>
      <AllowDiscount>1</AllowDiscount>
      <ItemStatus>1</ItemStatus>
      <ItemId>226198</ItemId>
    </Item>
    <Item>
      <PriceUpdateDate>2015-09-21 09:03:16</PriceUpdateDate>
      <ItemCode>7290103150754</ItemCode>
      <ItemType>0</ItemType>
      <ItemName>צלחות לפתן 50 יח</ItemName>
      <ManufacturerName>סאם גלובאל</ManufacturerName>
      <ManufactureCountry>לא ידוע</ManufactureCountry>
      <ManufacturerItemDescription>צלחות לפתן 50 יח</ManufacturerItemDescription>
      <UnitQty>Unknown </UnitQty>
      <Quantity>0.00</Quantity>
      <UnitOfMeasure>Unknown </UnitOfMeasure>
      <bIsWeighted>0</bIsWeighted>
      <QtyInPackage>1</QtyInPackage>
      <ItemPrice>3.90</ItemPrice>
      <UnitOfMeasurePrice>0.0000</UnitOfMeasurePrice>
      <AllowDiscount>1</AllowDiscount>
      <ItemStatus>1</ItemStatus>
      <ItemId>226207</ItemId>
    </Item>
    <Item>
      <PriceUpdateDate>2015-01-01 00:00:00</PriceUpdateDate>
      <ItemCode>7290103150167</ItemCode>
      <ItemType>0</ItemType>
      <ItemName>צלחות ענק זהב 25 יח</ItemName>
      <ManufacturerName>ב פ תעשיות</ManufacturerName>
      <ManufactureCountry>לא ידוע</ManufactureCountry>
      <ManufacturerItemDescription>צלחות ענק זהב 25 יח</ManufacturerItemDescription>
      <UnitQty>Unknown </UnitQty>
      <Quantity>0.00</Quantity>
      <UnitOfMeasure>Unknown </UnitOfMeasure>
      <bIsWeighted>0</bIsWeighted>
      <QtyInPackage>1</QtyInPackage>
      <ItemPrice>14.90</ItemPrice>
      <UnitOfMeasurePrice>0.0000</UnitOfMeasurePrice>
      <AllowDiscount>1</AllowDiscount>
      <ItemStatus>1</ItemStatus>
      <ItemId>226211</ItemId>
    </Item>
    <Item>
      <PriceUpdateDate>2015-01-01 00:00:00</PriceUpdateDate>
      <ItemCode>7290103150174</ItemCode>
      <ItemType>0</ItemType>
      <ItemName>צלחות מרק זהב 50 יח</ItemName>
      <ManufacturerName>ב פ תעשיות</ManufacturerName>
      <ManufactureCountry>לא ידוע</ManufactureCountry>
      <ManufacturerItemDescription>צלחות מרק זהב 50 יח</ManufacturerItemDescription>
      <UnitQty>Unknown </UnitQty>
      <Quantity>0.00</Quantity>
      <UnitOfMeasure>Unknown </UnitOfMeasure>
      <bIsWeighted>0</bIsWeighted>
      <QtyInPackage>1</QtyInPackage>
      <ItemPrice>14.90</ItemPrice>
      <UnitOfMeasurePrice>0.0000</UnitOfMeasurePrice>
      <AllowDiscount>1</AllowDiscount>
      <ItemStatus>1</ItemStatus>
      <ItemId>226212</ItemId>
    </Item>
    <Item>
      <PriceUpdateDate>2015-01-01 00:00:00</PriceUpdateDate>
      <ItemCode>7290103150181</ItemCode>
      <ItemType>0</ItemType>
      <ItemName>צלחת לפתן זהב 50 יח</ItemName>
      <ManufacturerName>ב פ תעשיות</ManufacturerName>
      <ManufactureCountry>לא ידוע</ManufactureCountry>
      <ManufacturerItemDescription>צלחת לפתן זהב 50 יח</ManufacturerItemDescription>
      <UnitQty>Unknown </UnitQty>
      <Quantity>0.00</Quantity>
      <UnitOfMeasure>Unknown </UnitOfMeasure>
      <bIsWeighted>0</bIsWeighted>
      <QtyInPackage>1</QtyInPackage>
      <ItemPrice>8.90</ItemPrice>
      <UnitOfMeasurePrice>0.0000</UnitOfMeasurePrice>
      <AllowDiscount>1</AllowDiscount>
      <ItemStatus>1</ItemStatus>
      <ItemId>226213</ItemId>
    </Item>
    <Item>
      <PriceUpdateDate>2015-01-01 00:00:00</PriceUpdateDate>
      <ItemCode>7290103150211</ItemCode>
      <ItemType>0</ItemType>
      <ItemName>קעריות אובלי זהב 50</ItemName>
      <ManufacturerName>ב פ תעשיות</ManufacturerName>
      <ManufactureCountry>לא ידוע</ManufactureCountry>
      <ManufacturerItemDescription>קעריות אובלי זהב 50 יח</ManufacturerItemDescription>
      <UnitQty>Unknown </UnitQty>
      <Quantity>0.00</Quantity>
      <UnitOfMeasure>Unknown </UnitOfMeasure>
      <bIsWeighted>0</bIsWeighted>
      <QtyInPackage>1</QtyInPackage>
      <ItemPrice>8.90</ItemPrice>
      <UnitOfMeasurePrice>0.0000</UnitOfMeasurePrice>
      <AllowDiscount>1</AllowDiscount>
      <ItemStatus>1</ItemStatus>
      <ItemId>226215</ItemId>
    </Item>
    <Item>
      <PriceUpdateDate>2015-01-01 00:00:00</PriceUpdateDate>
      <ItemCode>7290103150235</ItemCode>
      <ItemType>0</ItemType>
      <ItemName>צלחות קטן קרם 50 יח</ItemName>
      <ManufacturerName>ב פ תעשיות</ManufacturerName>
      <ManufactureCountry>לא ידוע</ManufactureCountry>
      <ManufacturerItemDescription>צלחות קטן קרם 50 יח</ManufacturerItemDescription>
      <UnitQty>Unknown </UnitQty>
      <Quantity>0.00</Quantity>
      <UnitOfMeasure>Unknown </UnitOfMeasure>
      <bIsWeighted>0</bIsWeighted>
      <QtyInPackage>1</QtyInPackage>
      <ItemPrice>11.90</ItemPrice>
      <UnitOfMeasurePrice>0.0000</UnitOfMeasurePrice>
      <AllowDiscount>1</AllowDiscount>
      <ItemStatus>1</ItemStatus>
      <ItemId>226217</ItemId>
    </Item>
    <Item>
      <PriceUpdateDate>2015-01-01 00:00:00</PriceUpdateDate>
      <ItemCode>7290103150266</ItemCode>
      <ItemType>0</ItemType>
      <ItemName>צלחות מרק קרם 50 יח</ItemName>
      <ManufacturerName>ב פ תעשיות</ManufacturerName>
      <ManufactureCountry>לא ידוע</ManufactureCountry>
      <ManufacturerItemDescription>צלחות מרק קרם 50 יח</ManufacturerItemDescription>
      <UnitQty>Unknown </UnitQty>
      <Quantity>0.00</Quantity>
      <UnitOfMeasure>Unknown </UnitOfMeasure>
      <bIsWeighted>0</bIsWeighted>
      <QtyInPackage>1</QtyInPackage>
      <ItemPrice>14.90</ItemPrice>
      <UnitOfMeasurePrice>0.0000</UnitOfMeasurePrice>
      <AllowDiscount>1</AllowDiscount>
      <ItemStatus>1</ItemStatus>
      <ItemId>226218</ItemId>
    </Item>
    <Item>
      <PriceUpdateDate>2015-01-01 00:00:00</PriceUpdateDate>
      <ItemCode>7290103150273</ItemCode>
      <ItemType>0</ItemType>
      <ItemName>צלחת לפתן קרם 50 יח</ItemName>
      <ManufacturerName>ב פ תעשיות</ManufacturerName>
      <ManufactureCountry>לא ידוע</ManufactureCountry>
      <ManufacturerItemDescription>צלחת לפתן קרם 50 יח</ManufacturerItemDescription>
      <UnitQty>Unknown </UnitQty>
      <Quantity>0.00</Quantity>
      <UnitOfMeasure>Unknown </UnitOfMeasure>
      <bIsWeighted>0</bIsWeighted>
      <QtyInPackage>1</QtyInPackage>
      <ItemPrice>8.90</ItemPrice>
      <UnitOfMeasurePrice>0.0000</UnitOfMeasurePrice>
      <AllowDiscount>1</AllowDiscount>
      <ItemStatus>1</ItemStatus>
      <ItemId>226219</ItemId>
    </Item>
    <Item>
      <PriceUpdateDate>2015-01-01 00:00:00</PriceUpdateDate>
      <ItemCode>7290103150303</ItemCode>
      <ItemType>0</ItemType>
      <ItemName>קעריות אובלי קרם 50</ItemName>
      <ManufacturerName>ב פ תעשיות</ManufacturerName>
      <ManufactureCountry>לא ידוע</ManufactureCountry>
      <ManufacturerItemDescription>קעריות אובלי קרם 50 יח</ManufacturerItemDescription>
      <UnitQty>Unknown </UnitQty>
      <Quantity>0.00</Quantity>
      <UnitOfMeasure>Unknown </UnitOfMeasure>
      <bIsWeighted>0</bIsWeighted>
      <QtyInPackage>1</QtyInPackage>
      <ItemPrice>8.90</ItemPrice>
      <UnitOfMeasurePrice>0.0000</UnitOfMeasurePrice>
      <AllowDiscount>1</AllowDiscount>
      <ItemStatus>1</ItemStatus>
      <ItemId>226221</ItemId>
    </Item>
    <Item>
      <PriceUpdateDate>2015-01-01 00:00:00</PriceUpdateDate>
      <ItemCode>7290103150433</ItemCode>
      <ItemType>0</ItemType>
      <ItemName>צלחות ענק בורדו 25 י</ItemName>
      <ManufacturerName>סאם גלובאל</ManufacturerName>
      <ManufactureCountry>לא ידוע</ManufactureCountry>
      <ManufacturerItemDescription>צלחות ענק בורדו 25 יח</ManufacturerItemDescription>
      <UnitQty>Unknown </UnitQty>
      <Quantity>0.00</Quantity>
      <UnitOfMeasure>Unknown </UnitOfMeasure>
      <bIsWeighted>0</bIsWeighted>
      <QtyInPackage>1</QtyInPackage>
      <ItemPrice>14.90</ItemPrice>
      <UnitOfMeasurePrice>0.0000</UnitOfMeasurePrice>
      <AllowDiscount>1</AllowDiscount>
      <ItemStatus>1</ItemStatus>
      <ItemId>226233</ItemId>
    </Item>
    <Item>
      <PriceUpdateDate>2015-01-01 00:00:00</PriceUpdateDate>
      <ItemCode>7290103150457</ItemCode>
      <ItemType>0</ItemType>
      <ItemName>צלחת לפתן בורדו 50 י</ItemName>
      <ManufacturerName>סאם גלובאל</ManufacturerName>
      <ManufactureCountry>לא ידוע</ManufactureCountry>
      <ManufacturerItemDescription>צלחת לפתן בורדו 50 יח</ManufacturerItemDescription>
      <UnitQty>Unknown </UnitQty>
      <Quantity>0.00</Quantity>
      <UnitOfMeasure>Unknown </UnitOfMeasure>
      <bIsWeighted>0</bIsWeighted>
      <QtyInPackage>1</QtyInPackage>
      <ItemPrice>8.90</ItemPrice>
      <UnitOfMeasurePrice>0.0000</UnitOfMeasurePrice>
      <AllowDiscount>1</AllowDiscount>
      <ItemStatus>1</ItemStatus>
      <ItemId>226235</ItemId>
    </Item>
    <Item>
      <PriceUpdateDate>2015-01-01 00:00:00</PriceUpdateDate>
      <ItemCode>7290103150464</ItemCode>
      <ItemType>0</ItemType>
      <ItemName>מגש אובלי בורדו 25 י</ItemName>
      <ManufacturerName>סאם גלובאל</ManufacturerName>
      <ManufactureCountry>לא ידוע</ManufactureCountry>
      <ManufacturerItemDescription>מגש אובלי בורדו 25 יח</ManufacturerItemDescription>
      <UnitQty>Unknown </UnitQty>
      <Quantity>0.00</Quantity>
      <UnitOfMeasure>Unknown </UnitOfMeasure>
      <bIsWeighted>0</bIsWeighted>
      <QtyInPackage>1</QtyInPackage>
      <ItemPrice>14.90</ItemPrice>
      <UnitOfMeasurePrice>0.0000</UnitOfMeasurePrice>
      <AllowDiscount>1</AllowDiscount>
      <ItemStatus>1</ItemStatus>
      <ItemId>226236</ItemId>
    </Item>
    <Item>
      <PriceUpdateDate>2015-01-01 00:00:00</PriceUpdateDate>
      <ItemCode>7290103150488</ItemCode>
      <ItemType>0</ItemType>
      <ItemName>קעריות אובלי בורדו 5</ItemName>
      <ManufacturerName>סאם גלובאל</ManufacturerName>
      <ManufactureCountry>לא ידוע</ManufactureCountry>
      <ManufacturerItemDescription>קעריות אובלי בורדו 50 יח</ManufacturerItemDescription>
      <UnitQty>Unknown </UnitQty>
      <Quantity>0.00</Quantity>
      <UnitOfMeasure>Unknown </UnitOfMeasure>
      <bIsWeighted>0</bIsWeighted>
      <QtyInPackage>1</QtyInPackage>
      <ItemPrice>8.90</ItemPrice>
      <UnitOfMeasurePrice>0.0000</UnitOfMeasurePrice>
      <AllowDiscount>1</AllowDiscount>
      <ItemStatus>1</ItemStatus>
      <ItemId>226238</ItemId>
    </Item>
    <Item>
      <PriceUpdateDate>2015-08-20 11:31:27</PriceUpdateDate>
      <ItemCode>4645120</ItemCode>
      <ItemType>0</ItemType>
      <ItemName>מרלוזה עם עור</ItemName>
      <ManufacturerName>,</ManufacturerName>
      <ManufactureCountry>לא ידוע</ManufactureCountry>
      <ManufacturerItemDescription>מרלוזה עם עור</ManufacturerItemDescription>
      <UnitQty>קילוגרמים</UnitQty>
      <Quantity>1.00</Quantity>
      <UnitOfMeasure>ק"ג</UnitOfMeasure>
      <bIsWeighted>1</bIsWeighted>
      <QtyInPackage>לא ידוע</QtyInPackage>
      <ItemPrice>35.90</ItemPrice>
      <UnitOfMeasurePrice>35.9000</UnitOfMeasurePrice>
      <AllowDiscount>1</AllowDiscount>
      <ItemStatus>1</ItemStatus>
      <ItemId>254426</ItemId>
    </Item>
    <Item>
      <PriceUpdateDate>2015-01-01 00:00:00</PriceUpdateDate>
      <ItemCode>7290103150952</ItemCode>
      <ItemType>0</ItemType>
      <ItemName>מפות שולחן 6 יח עבה</ItemName>
      <ManufacturerName>צח ליין</ManufacturerName>
      <ManufactureCountry>לא ידוע</ManufactureCountry>
      <ManufacturerItemDescription>מפות שולחן 6 יח עבה</ManufacturerItemDescription>
      <UnitQty>Unknown </UnitQty>
      <Quantity>0.00</Quantity>
      <UnitOfMeasure>Unknown </UnitOfMeasure>
      <bIsWeighted>0</bIsWeighted>
      <QtyInPackage>1</QtyInPackage>
      <ItemPrice>7.90</ItemPrice>
      <UnitOfMeasurePrice>0.0000</UnitOfMeasurePrice>
      <AllowDiscount>1</AllowDiscount>
      <ItemStatus>1</ItemStatus>
      <ItemId>226292</ItemId>
    </Item>
    <Item>
      <PriceUpdateDate>2015-01-01 00:00:00</PriceUpdateDate>
      <ItemCode>7290103150969</ItemCode>
      <ItemType>0</ItemType>
      <ItemName>מפות שולחן 8 יח עבה</ItemName>
      <ManufacturerName>צח ליין</ManufacturerName>
      <ManufactureCountry>לא ידוע</ManufactureCountry>
      <ManufacturerItemDescription>מפות שולחן 8 יח עבה</ManufacturerItemDescription>
      <UnitQty>Unknown </UnitQty>
      <Quantity>0.00</Quantity>
      <UnitOfMeasure>Unknown </UnitOfMeasure>
      <bIsWeighted>0</bIsWeighted>
      <QtyInPackage>1</QtyInPackage>
      <ItemPrice>7.90</ItemPrice>
      <UnitOfMeasurePrice>0.0000</UnitOfMeasurePrice>
      <AllowDiscount>1</AllowDiscount>
      <ItemStatus>1</ItemStatus>
      <ItemId>226293</ItemId>
    </Item>
    <Item>
      <PriceUpdateDate>2015-01-01 00:00:00</PriceUpdateDate>
      <ItemCode>7290015039659</ItemCode>
      <ItemType>0</ItemType>
      <ItemName>פטריות חתוכות 290 גר</ItemName>
      <ManufacturerName>,</ManufacturerName>
      <ManufactureCountry>לא ידוע</ManufactureCountry>
      <ManufacturerItemDescription>פטריות חתוכות 290 גרם  מהדרין</ManufacturerItemDescription>
      <UnitQty>גרמים</UnitQty>
      <Quantity>290.00</Quantity>
      <UnitOfMeasure>100 גרם</UnitOfMeasure>
      <bIsWeighted>0</bIsWeighted>
      <QtyInPackage>1</QtyInPackage>
      <ItemPrice>3.90</ItemPrice>
      <UnitOfMeasurePrice>1.3448</UnitOfMeasurePrice>
      <AllowDiscount>1</AllowDiscount>
      <ItemStatus>1</ItemStatus>
      <ItemId>254267</ItemId>
    </Item>
    <Item>
      <PriceUpdateDate>2015-01-01 00:00:00</PriceUpdateDate>
      <ItemCode>4009300524588</ItemCode>
      <ItemType>0</ItemType>
      <ItemName>חליטת צמחים פומפדור</ItemName>
      <ManufacturerName>טייקנה</ManufacturerName>
      <ManufactureCountry>גרמניה</ManufactureCountry>
      <ManufacturerItemDescription>חליטת צמחים פומפדור פירות יער 60 גרם</ManufacturerItemDescription>
      <UnitQty>גרמים</UnitQty>
      <Quantity>60.00</Quantity>
      <UnitOfMeasure>100 גרם</UnitOfMeasure>
      <bIsWeighted>0</bIsWeighted>
      <QtyInPackage>1</QtyInPackage>
      <ItemPrice>14.90</ItemPrice>
      <UnitOfMeasurePrice>24.8333</UnitOfMeasurePrice>
      <AllowDiscount>1</AllowDiscount>
      <ItemStatus>1</ItemStatus>
      <ItemId>248976</ItemId>
    </Item>
    <Item>
      <PriceUpdateDate>2015-01-01 00:00:00</PriceUpdateDate>
      <ItemCode>7290103151522</ItemCode>
      <ItemType>0</ItemType>
      <ItemName>מיכל 3 ליטר 3 יח</ItemName>
      <ManufacturerName>צח ליין</ManufacturerName>
      <ManufactureCountry>לא ידוע</ManufactureCountry>
      <ManufacturerItemDescription>מיכל 3 ליטר 3 יח</ManufacturerItemDescription>
      <UnitQty>Unknown </UnitQty>
      <Quantity>0.00</Quantity>
      <UnitOfMeasure>Unknown </UnitOfMeasure>
      <bIsWeighted>0</bIsWeighted>
      <QtyInPackage>1</QtyInPackage>
      <ItemPrice>8.90</ItemPrice>
      <UnitOfMeasurePrice>0.0000</UnitOfMeasurePrice>
      <AllowDiscount>1</AllowDiscount>
      <ItemStatus>1</ItemStatus>
      <ItemId>226300</ItemId>
    </Item>
    <Item>
      <PriceUpdateDate>2015-01-01 00:00:00</PriceUpdateDate>
      <ItemCode>7290011051938</ItemCode>
      <ItemType>0</ItemType>
      <ItemName>תפוזינה תפוח רענן  1</ItemName>
      <ManufacturerName>יפאורה תבורי</ManufacturerName>
      <ManufactureCountry>לא ידוע</ManufactureCountry>
      <ManufacturerItemDescription>תפוזינה תפוח רענן  1.5 ליטר</ManufacturerItemDescription>
      <UnitQty>ליטרים</UnitQty>
      <Quantity>1.50</Quantity>
      <UnitOfMeasure>ליטר    </UnitOfMeasure>
      <bIsWeighted>0</bIsWeighted>
      <QtyInPackage>1</QtyInPackage>
      <ItemPrice>5.90</ItemPrice>
      <UnitOfMeasurePrice>3.9333</UnitOfMeasurePrice>
      <AllowDiscount>1</AllowDiscount>
      <ItemStatus>1</ItemStatus>
      <ItemId>226431</ItemId>
    </Item>
    <Item>
      <PriceUpdateDate>2015-09-21 08:21:50</PriceUpdateDate>
      <ItemCode>7290011051990</ItemCode>
      <ItemType>0</ItemType>
      <ItemName>קולה אר.סי פרי שישיה</ItemName>
      <ManufacturerName>יפאורה תבורי</ManufacturerName>
      <ManufactureCountry>לא ידוע</ManufactureCountry>
      <ManufacturerItemDescription>קולה אר.סי פרי שישיה * 1.5 ליטר</ManufacturerItemDescription>
      <UnitQty>ליטרים</UnitQty>
      <Quantity>9.00</Quantity>
      <UnitOfMeasure>ליטר    </UnitOfMeasure>
      <bIsWeighted>0</bIsWeighted>
      <QtyInPackage>1</QtyInPackage>
      <ItemPrice>21.90</ItemPrice>
      <UnitOfMeasurePrice>2.4333</UnitOfMeasurePrice>
      <AllowDiscount>1</AllowDiscount>
      <ItemStatus>1</ItemStatus>
      <ItemId>226432</ItemId>
    </Item>
    <Item>
      <PriceUpdateDate>2015-01-01 00:00:00</PriceUpdateDate>
      <ItemCode>16000281684</ItemCode>
      <ItemType>0</ItemType>
      <ItemName>קראנצי חטיף גרנולה פ</ItemName>
      <ManufacturerName>גנרל מילס</ManufacturerName>
      <ManufactureCountry>ארצות הברית</ManufactureCountry>
      <ManufacturerItemDescription>קראנצי חטיף גרנולה פקאן 5*35 גרם</ManufacturerItemDescription>
      <UnitQty>גרמים</UnitQty>
      <Quantity>210.00</Quantity>
      <UnitOfMeasure>100 גרם</UnitOfMeasure>
      <bIsWeighted>0</bIsWeighted>
      <QtyInPackage>5</QtyInPackage>
      <ItemPrice>18.90</ItemPrice>
      <UnitOfMeasurePrice>9.0000</UnitOfMeasurePrice>
      <AllowDiscount>1</AllowDiscount>
      <ItemStatus>1</ItemStatus>
      <ItemId>226488</ItemId>
    </Item>
    <Item>
      <PriceUpdateDate>2015-12-02 13:58:29</PriceUpdateDate>
      <ItemCode>5686153</ItemCode>
      <ItemType>0</ItemType>
      <ItemName>תמר מגהול 400 גרם מג</ItemName>
      <ManufacturerName>,</ManufacturerName>
      <ManufactureCountry>לא ידוע</ManufactureCountry>
      <ManufacturerItemDescription>תמר מגהול 400 גרם מגש</ManufacturerItemDescription>
      <UnitQty>גרמים</UnitQty>
      <Quantity>400.00</Quantity>
      <UnitOfMeasure>100 גרם</UnitOfMeasure>
      <bIsWeighted>0</bIsWeighted>
      <QtyInPackage>1</QtyInPackage>
      <ItemPrice>9.90</ItemPrice>
      <UnitOfMeasurePrice>2.4750</UnitOfMeasurePrice>
      <AllowDiscount>1</AllowDiscount>
      <ItemStatus>1</ItemStatus>
      <ItemId>226490</ItemId>
    </Item>
    <Item>
      <PriceUpdateDate>2015-01-01 00:00:00</PriceUpdateDate>
      <ItemCode>977713</ItemCode>
      <ItemType>0</ItemType>
      <ItemName>אגוז קליפה טבעי במשק</ItemName>
      <ManufacturerName>,</ManufacturerName>
      <ManufactureCountry>לא ידוע</ManufactureCountry>
      <ManufacturerItemDescription>אגוז קליפה טבעי במשקל תפ</ManufacturerItemDescription>
      <UnitQty>קילוגרמים</UnitQty>
      <Quantity>1.00</Quantity>
      <UnitOfMeasure>ק"ג</UnitOfMeasure>
      <bIsWeighted>1</bIsWeighted>
      <QtyInPackage>לא ידוע</QtyInPackage>
      <ItemPrice>20.00</ItemPrice>
      <UnitOfMeasurePrice>20.0000</UnitOfMeasurePrice>
      <AllowDiscount>1</AllowDiscount>
      <ItemStatus>1</ItemStatus>
      <ItemId>226491</ItemId>
    </Item>
    <Item>
      <PriceUpdateDate>2015-06-28 16:01:53</PriceUpdateDate>
      <ItemCode>2016007</ItemCode>
      <ItemType>0</ItemType>
      <ItemName>חציל קלוי בצנצנת 720</ItemName>
      <ManufacturerName>,</ManufacturerName>
      <ManufactureCountry>לא ידוע</ManufactureCountry>
      <ManufacturerItemDescription>חציל קלוי בצנצנת 720 גרם</ManufacturerItemDescription>
      <UnitQty>גרמים</UnitQty>
      <Quantity>720.00</Quantity>
      <UnitOfMeasure>100 גרם</UnitOfMeasure>
      <bIsWeighted>0</bIsWeighted>
      <QtyInPackage>1</QtyInPackage>
      <ItemPrice>11.90</ItemPrice>
      <UnitOfMeasurePrice>1.6528</UnitOfMeasurePrice>
      <AllowDiscount>1</AllowDiscount>
      <ItemStatus>1</ItemStatus>
      <ItemId>226494</ItemId>
    </Item>
    <Item>
      <PriceUpdateDate>2015-05-14 11:12:08</PriceUpdateDate>
      <ItemCode>9007077</ItemCode>
      <ItemType>0</ItemType>
      <ItemName>תפו"ע ברשת זהוב</ItemName>
      <ManufacturerName>,</ManufacturerName>
      <ManufactureCountry>לא ידוע</ManufactureCountry>
      <ManufacturerItemDescription>תפו"ע ברשת זהוב</ManufacturerItemDescription>
      <UnitQty>קילוגרמים</UnitQty>
      <Quantity>1.00</Quantity>
      <UnitOfMeasure>ק"ג</UnitOfMeasure>
      <bIsWeighted>1</bIsWeighted>
      <QtyInPackage>לא ידוע</QtyInPackage>
      <ItemPrice>5.90</ItemPrice>
      <UnitOfMeasurePrice>5.9000</UnitOfMeasurePrice>
      <AllowDiscount>1</AllowDiscount>
      <ItemStatus>1</ItemStatus>
      <ItemId>226498</ItemId>
    </Item>
    <Item>
      <PriceUpdateDate>2015-05-14 11:12:19</PriceUpdateDate>
      <ItemCode>9007084</ItemCode>
      <ItemType>0</ItemType>
      <ItemName>תפו"ע ברשת חרמון</ItemName>
      <ManufacturerName>,</ManufacturerName>
      <ManufactureCountry>לא ידוע</ManufactureCountry>
      <ManufacturerItemDescription>תפו"ע ברשת חרמון</ManufacturerItemDescription>
      <UnitQty>קילוגרמים</UnitQty>
      <Quantity>1.00</Quantity>
      <UnitOfMeasure>ק"ג</UnitOfMeasure>
      <bIsWeighted>1</bIsWeighted>
      <QtyInPackage>לא ידוע</QtyInPackage>
      <ItemPrice>5.90</ItemPrice>
      <UnitOfMeasurePrice>5.9000</UnitOfMeasurePrice>
      <AllowDiscount>1</AllowDiscount>
      <ItemStatus>1</ItemStatus>
      <ItemId>226499</ItemId>
    </Item>
    <Item>
      <PriceUpdateDate>2015-01-01 00:00:00</PriceUpdateDate>
      <ItemCode>7290015014601</ItemCode>
      <ItemType>0</ItemType>
      <ItemName>בזיליקום יח</ItemName>
      <ManufacturerName>,</ManufacturerName>
      <ManufactureCountry>לא ידוע</ManufactureCountry>
      <ManufacturerItemDescription>בזיליקום יח</ManufacturerItemDescription>
      <UnitQty>Unknown </UnitQty>
      <Quantity>0.00</Quantity>
      <UnitOfMeasure>Unknown </UnitOfMeasure>
      <bIsWeighted>0</bIsWeighted>
      <QtyInPackage>1</QtyInPackage>
      <ItemPrice>5.90</ItemPrice>
      <UnitOfMeasurePrice>0.0000</UnitOfMeasurePrice>
      <AllowDiscount>1</AllowDiscount>
      <ItemStatus>1</ItemStatus>
      <ItemId>254827</ItemId>
    </Item>
    <Item>
      <PriceUpdateDate>2015-05-14 11:12:24</PriceUpdateDate>
      <ItemCode>9007091</ItemCode>
      <ItemType>0</ItemType>
      <ItemName>תפו"ע ברשת סמיט</ItemName>
      <ManufacturerName>,</ManufacturerName>
      <ManufactureCountry>לא ידוע</ManufactureCountry>
      <ManufacturerItemDescription>תפו"ע ברשת סמיט</ManufacturerItemDescription>
      <UnitQty>קילוגרמים</UnitQty>
      <Quantity>1.00</Quantity>
      <UnitOfMeasure>ק"ג</UnitOfMeasure>
      <bIsWeighted>1</bIsWeighted>
      <QtyInPackage>לא ידוע</QtyInPackage>
      <ItemPrice>5.90</ItemPrice>
      <UnitOfMeasurePrice>5.9000</UnitOfMeasurePrice>
      <AllowDiscount>1</AllowDiscount>
      <ItemStatus>1</ItemStatus>
      <ItemId>226500</ItemId>
    </Item>
    <Item>
      <PriceUpdateDate>2016-06-27 16:28:48</PriceUpdateDate>
      <ItemCode>9007107</ItemCode>
      <ItemType>0</ItemType>
      <ItemName>תפו"ע ענה</ItemName>
      <ManufacturerName>,</ManufacturerName>
      <ManufactureCountry>לא ידוע</ManufactureCountry>
      <ManufacturerItemDescription>תפו"ע ענה</ManufacturerItemDescription>
      <UnitQty>קילוגרמים</UnitQty>
      <Quantity>1.00</Quantity>
      <UnitOfMeasure>ק"ג</UnitOfMeasure>
      <bIsWeighted>1</bIsWeighted>
      <QtyInPackage>לא ידוע</QtyInPackage>
      <ItemPrice>7.90</ItemPrice>
      <UnitOfMeasurePrice>7.9000</UnitOfMeasurePrice>
      <AllowDiscount>1</AllowDiscount>
      <ItemStatus>1</ItemStatus>
      <ItemId>226501</ItemId>
    </Item>
    <Item>
      <PriceUpdateDate>2016-05-18 16:25:16</PriceUpdateDate>
      <ItemCode>632</ItemCode>
      <ItemType>0</ItemType>
      <ItemName>קוקוס יח</ItemName>
      <ManufacturerName>,</ManufacturerName>
      <ManufactureCountry>לא ידוע</ManufactureCountry>
      <ManufacturerItemDescription>קוקוס יח</ManufacturerItemDescription>
      <UnitQty>Unknown </UnitQty>
      <Quantity>0.00</Quantity>
      <UnitOfMeasure>Unknown </UnitOfMeasure>
      <bIsWeighted>0</bIsWeighted>
      <QtyInPackage>1</QtyInPackage>
      <ItemPrice>4.90</ItemPrice>
      <UnitOfMeasurePrice>0.0000</UnitOfMeasurePrice>
      <AllowDiscount>1</AllowDiscount>
      <ItemStatus>1</ItemStatus>
      <ItemId>226504</ItemId>
    </Item>
    <Item>
      <PriceUpdateDate>2016-05-16 10:10:56</PriceUpdateDate>
      <ItemCode>7290012899867</ItemCode>
      <ItemType>1</ItemType>
      <ItemName>מלפפון במלח 10-12</ItemName>
      <ManufacturerName>,</ManufacturerName>
      <ManufactureCountry>לא ידוע</ManufactureCountry>
      <ManufacturerItemDescription>מלפפון במלח 10-12</ManufacturerItemDescription>
      <UnitQty>גרמים</UnitQty>
      <Quantity>560.00</Quantity>
      <UnitOfMeasure>100 גרם</UnitOfMeasure>
      <bIsWeighted>0</bIsWeighted>
      <QtyInPackage>1</QtyInPackage>
      <ItemPrice>5.90</ItemPrice>
      <UnitOfMeasurePrice>1.0536</UnitOfMeasurePrice>
      <AllowDiscount>1</AllowDiscount>
      <ItemStatus>1</ItemStatus>
      <ItemId>268194</ItemId>
    </Item>
    <Item>
      <PriceUpdateDate>2016-05-15 11:08:54</PriceUpdateDate>
      <ItemCode>9007206</ItemCode>
      <ItemType>0</ItemType>
      <ItemName>נקטרינה</ItemName>
      <ManufacturerName>,</ManufacturerName>
      <ManufactureCountry>לא ידוע</ManufactureCountry>
      <ManufacturerItemDescription>נקטרינה</ManufacturerItemDescription>
      <UnitQty>קילוגרמים</UnitQty>
      <Quantity>1.00</Quantity>
      <UnitOfMeasure>ק"ג</UnitOfMeasure>
      <bIsWeighted>1</bIsWeighted>
      <QtyInPackage>לא ידוע</QtyInPackage>
      <ItemPrice>9.90</ItemPrice>
      <UnitOfMeasurePrice>9.9000</UnitOfMeasurePrice>
      <AllowDiscount>1</AllowDiscount>
      <ItemStatus>1</ItemStatus>
      <ItemId>226510</ItemId>
    </Item>
    <Item>
      <PriceUpdateDate>2015-01-01 00:00:00</PriceUpdateDate>
      <ItemCode>978</ItemCode>
      <ItemType>0</ItemType>
      <ItemName>חסה גלאט  ברכת קטיף</ItemName>
      <ManufacturerName>,</ManufacturerName>
      <ManufactureCountry>לא ידוע</ManufactureCountry>
      <ManufacturerItemDescription>חסה גלאט  ברכת קטיף</ManufacturerItemDescription>
      <UnitQty>Unknown </UnitQty>
      <Quantity>0.00</Quantity>
      <UnitOfMeasure>Unknown </UnitOfMeasure>
      <bIsWeighted>0</bIsWeighted>
      <QtyInPackage>1</QtyInPackage>
      <ItemPrice>5.90</ItemPrice>
      <UnitOfMeasurePrice>0.0000</UnitOfMeasurePrice>
      <AllowDiscount>1</AllowDiscount>
      <ItemStatus>1</ItemStatus>
      <ItemId>226515</ItemId>
    </Item>
    <Item>
      <PriceUpdateDate>2015-01-01 00:00:00</PriceUpdateDate>
      <ItemCode>985</ItemCode>
      <ItemType>0</ItemType>
      <ItemName>פטרוזליה גלאט ברכת ק</ItemName>
      <ManufacturerName>,</ManufacturerName>
      <ManufactureCountry>לא ידוע</ManufactureCountry>
      <ManufacturerItemDescription>פטרוזליה גלאט ברכת קטיף</ManufacturerItemDescription>
      <UnitQty>Unknown </UnitQty>
      <Quantity>0.00</Quantity>
      <UnitOfMeasure>Unknown </UnitOfMeasure>
      <bIsWeighted>0</bIsWeighted>
      <QtyInPackage>1</QtyInPackage>
      <ItemPrice>5.90</ItemPrice>
      <UnitOfMeasurePrice>0.0000</UnitOfMeasurePrice>
      <AllowDiscount>1</AllowDiscount>
      <ItemStatus>1</ItemStatus>
      <ItemId>226516</ItemId>
    </Item>
    <Item>
      <PriceUpdateDate>2015-01-01 00:00:00</PriceUpdateDate>
      <ItemCode>1616</ItemCode>
      <ItemType>0</ItemType>
      <ItemName>כוסברה גלאט ברכת קטי</ItemName>
      <ManufacturerName>,</ManufacturerName>
      <ManufactureCountry>לא ידוע</ManufactureCountry>
      <ManufacturerItemDescription>כוסברה גלאט ברכת קטיף</ManufacturerItemDescription>
      <UnitQty>Unknown </UnitQty>
      <Quantity>0.00</Quantity>
      <UnitOfMeasure>Unknown </UnitOfMeasure>
      <bIsWeighted>0</bIsWeighted>
      <QtyInPackage>1</QtyInPackage>
      <ItemPrice>5.90</ItemPrice>
      <UnitOfMeasurePrice>0.0000</UnitOfMeasurePrice>
      <AllowDiscount>1</AllowDiscount>
      <ItemStatus>1</ItemStatus>
      <ItemId>226517</ItemId>
    </Item>
    <Item>
      <PriceUpdateDate>2015-01-01 00:00:00</PriceUpdateDate>
      <ItemCode>1586</ItemCode>
      <ItemType>0</ItemType>
      <ItemName>שמיר גלאט ברכת קטיף</ItemName>
      <ManufacturerName>,</ManufacturerName>
      <ManufactureCountry>לא ידוע</ManufactureCountry>
      <ManufacturerItemDescription>שמיר גלאט ברכת קטיף</ManufacturerItemDescription>
      <UnitQty>Unknown </UnitQty>
      <Quantity>0.00</Quantity>
      <UnitOfMeasure>Unknown </UnitOfMeasure>
      <bIsWeighted>0</bIsWeighted>
      <QtyInPackage>1</QtyInPackage>
      <ItemPrice>5.90</ItemPrice>
      <UnitOfMeasurePrice>0.0000</UnitOfMeasurePrice>
      <AllowDiscount>1</AllowDiscount>
      <ItemStatus>1</ItemStatus>
      <ItemId>226518</ItemId>
    </Item>
    <Item>
      <PriceUpdateDate>2015-01-01 00:00:00</PriceUpdateDate>
      <ItemCode>1593</ItemCode>
      <ItemType>0</ItemType>
      <ItemName>נענע גלאט ברכת קטיף</ItemName>
      <ManufacturerName>,</ManufacturerName>
      <ManufactureCountry>לא ידוע</ManufactureCountry>
      <ManufacturerItemDescription>נענע גלאט ברכת קטיף</ManufacturerItemDescription>
      <UnitQty>Unknown </UnitQty>
      <Quantity>0.00</Quantity>
      <UnitOfMeasure>Unknown </UnitOfMeasure>
      <bIsWeighted>0</bIsWeighted>
      <QtyInPackage>1</QtyInPackage>
      <ItemPrice>5.90</ItemPrice>
      <UnitOfMeasurePrice>0.0000</UnitOfMeasurePrice>
      <AllowDiscount>1</AllowDiscount>
      <ItemStatus>1</ItemStatus>
      <ItemId>226519</ItemId>
    </Item>
    <Item>
      <PriceUpdateDate>2015-09-01 11:02:21</PriceUpdateDate>
      <ItemCode>1579</ItemCode>
      <ItemType>0</ItemType>
      <ItemName>סלרי גלאט</ItemName>
      <ManufacturerName>,</ManufacturerName>
      <ManufactureCountry>לא ידוע</ManufactureCountry>
      <ManufacturerItemDescription>סלרי גלאט</ManufacturerItemDescription>
      <UnitQty>Unknown </UnitQty>
      <Quantity>0.00</Quantity>
      <UnitOfMeasure>Unknown </UnitOfMeasure>
      <bIsWeighted>0</bIsWeighted>
      <QtyInPackage>1</QtyInPackage>
      <ItemPrice>6.90</ItemPrice>
      <UnitOfMeasurePrice>0.0000</UnitOfMeasurePrice>
      <AllowDiscount>1</AllowDiscount>
      <ItemStatus>1</ItemStatus>
      <ItemId>226520</ItemId>
    </Item>
    <Item>
      <PriceUpdateDate>2016-05-18 16:57:41</PriceUpdateDate>
      <ItemCode>1609</ItemCode>
      <ItemType>0</ItemType>
      <ItemName>עלי סלק גלאט</ItemName>
      <ManufacturerName>,</ManufacturerName>
      <ManufactureCountry>לא ידוע</ManufactureCountry>
      <ManufacturerItemDescription>עלי סלק גלאט</ManufacturerItemDescription>
      <UnitQty>Unknown </UnitQty>
      <Quantity>0.00</Quantity>
      <UnitOfMeasure>Unknown </UnitOfMeasure>
      <bIsWeighted>0</bIsWeighted>
      <QtyInPackage>1</QtyInPackage>
      <ItemPrice>6.90</ItemPrice>
      <UnitOfMeasurePrice>0.0000</UnitOfMeasurePrice>
      <AllowDiscount>1</AllowDiscount>
      <ItemStatus>1</ItemStatus>
      <ItemId>226521</ItemId>
    </Item>
    <Item>
      <PriceUpdateDate>2016-05-18 16:57:26</PriceUpdateDate>
      <ItemCode>1524</ItemCode>
      <ItemType>0</ItemType>
      <ItemName>בצל ירוק גלאט</ItemName>
      <ManufacturerName>,</ManufacturerName>
      <ManufactureCountry>לא ידוע</ManufactureCountry>
      <ManufacturerItemDescription>בצל ירוק גלאט</ManufacturerItemDescription>
      <UnitQty>Unknown </UnitQty>
      <Quantity>0.00</Quantity>
      <UnitOfMeasure>Unknown </UnitOfMeasure>
      <bIsWeighted>0</bIsWeighted>
      <QtyInPackage>1</QtyInPackage>
      <ItemPrice>6.90</ItemPrice>
      <UnitOfMeasurePrice>0.0000</UnitOfMeasurePrice>
      <AllowDiscount>1</AllowDiscount>
      <ItemStatus>1</ItemStatus>
      <ItemId>226522</ItemId>
    </Item>
    <Item>
      <PriceUpdateDate>2016-05-18 16:56:44</PriceUpdateDate>
      <ItemCode>1043</ItemCode>
      <ItemType>0</ItemType>
      <ItemName>כרוב לבן גלאט</ItemName>
      <ManufacturerName>,</ManufacturerName>
      <ManufactureCountry>לא ידוע</ManufactureCountry>
      <ManufacturerItemDescription>כרוב לבן גלאט</ManufacturerItemDescription>
      <UnitQty>קילוגרמים</UnitQty>
      <Quantity>1.00</Quantity>
      <UnitOfMeasure>ק"ג</UnitOfMeasure>
      <bIsWeighted>1</bIsWeighted>
      <QtyInPackage>לא ידוע</QtyInPackage>
      <ItemPrice>9.90</ItemPrice>
      <UnitOfMeasurePrice>9.9000</UnitOfMeasurePrice>
      <AllowDiscount>1</AllowDiscount>
      <ItemStatus>1</ItemStatus>
      <ItemId>226523</ItemId>
    </Item>
    <Item>
      <PriceUpdateDate>2015-01-01 00:00:00</PriceUpdateDate>
      <ItemCode>9069501</ItemCode>
      <ItemType>0</ItemType>
      <ItemName>תמר מגהול ענק</ItemName>
      <ManufacturerName>,</ManufacturerName>
      <ManufactureCountry>לא ידוע</ManufactureCountry>
      <ManufacturerItemDescription>תמר מגהול ענק</ManufacturerItemDescription>
      <UnitQty>קילוגרמים</UnitQty>
      <Quantity>1.00</Quantity>
      <UnitOfMeasure>ק"ג</UnitOfMeasure>
      <bIsWeighted>1</bIsWeighted>
      <QtyInPackage>לא ידוע</QtyInPackage>
      <ItemPrice>45.00</ItemPrice>
      <UnitOfMeasurePrice>45.0000</UnitOfMeasurePrice>
      <AllowDiscount>1</AllowDiscount>
      <ItemStatus>1</ItemStatus>
      <ItemId>226552</ItemId>
    </Item>
    <Item>
      <PriceUpdateDate>2015-08-25 10:40:16</PriceUpdateDate>
      <ItemCode>4549350</ItemCode>
      <ItemType>0</ItemType>
      <ItemName>גרעין שחור 400 גרם י</ItemName>
      <ManufacturerName>,</ManufacturerName>
      <ManufactureCountry>לא ידוע</ManufactureCountry>
      <ManufacturerItemDescription>גרעין שחור 400 גרם יח</ManufacturerItemDescription>
      <UnitQty>גרמים</UnitQty>
      <Quantity>400.00</Quantity>
      <UnitOfMeasure>100 גרם</UnitOfMeasure>
      <bIsWeighted>0</bIsWeighted>
      <QtyInPackage>1</QtyInPackage>
      <ItemPrice>7.90</ItemPrice>
      <UnitOfMeasurePrice>1.9750</UnitOfMeasurePrice>
      <AllowDiscount>1</AllowDiscount>
      <ItemStatus>1</ItemStatus>
      <ItemId>226560</ItemId>
    </Item>
    <Item>
      <PriceUpdateDate>2015-08-25 10:40:16</PriceUpdateDate>
      <ItemCode>6342072</ItemCode>
      <ItemType>0</ItemType>
      <ItemName>גרעין לבן 200 גרם יח</ItemName>
      <ManufacturerName>דין שיווק</ManufacturerName>
      <ManufactureCountry>ישראל</ManufactureCountry>
      <ManufacturerItemDescription>גרעין לבן 200 גרם יח</ManufacturerItemDescription>
      <UnitQty>גרמים</UnitQty>
      <Quantity>200.00</Quantity>
      <UnitOfMeasure>100 גרם</UnitOfMeasure>
      <bIsWeighted>0</bIsWeighted>
      <QtyInPackage>1</QtyInPackage>
      <ItemPrice>6.50</ItemPrice>
      <UnitOfMeasurePrice>3.2500</UnitOfMeasurePrice>
      <AllowDiscount>1</AllowDiscount>
      <ItemStatus>1</ItemStatus>
      <ItemId>226568</ItemId>
    </Item>
    <Item>
      <PriceUpdateDate>2016-03-15 16:05:37</PriceUpdateDate>
      <ItemCode>6342447</ItemCode>
      <ItemType>0</ItemType>
      <ItemName>גרעין אבטיח 200 גרם</ItemName>
      <ManufacturerName>דין שיווק</ManufacturerName>
      <ManufactureCountry>ישראל</ManufactureCountry>
      <ManufacturerItemDescription>גרעין אבטיח 200 גרם יח</ManufacturerItemDescription>
      <UnitQty>גרמים</UnitQty>
      <Quantity>200.00</Quantity>
      <UnitOfMeasure>100 גרם</UnitOfMeasure>
      <bIsWeighted>0</bIsWeighted>
      <QtyInPackage>1</QtyInPackage>
      <ItemPrice>12.40</ItemPrice>
      <UnitOfMeasurePrice>6.2000</UnitOfMeasurePrice>
      <AllowDiscount>1</AllowDiscount>
      <ItemStatus>1</ItemStatus>
      <ItemId>226571</ItemId>
    </Item>
    <Item>
      <PriceUpdateDate>2016-07-24 14:07:06</PriceUpdateDate>
      <ItemCode>6342584</ItemCode>
      <ItemType>0</ItemType>
      <ItemName>אגוזי מלך קלופים  30</ItemName>
      <ManufacturerName>,</ManufacturerName>
      <ManufactureCountry>לא ידוע</ManufactureCountry>
      <ManufacturerItemDescription>אגוזי מלך קלופים  300 גרם</ManufacturerItemDescription>
      <UnitQty>גרמים</UnitQty>
      <Quantity>300.00</Quantity>
      <UnitOfMeasure>100 גרם</UnitOfMeasure>
      <bIsWeighted>0</bIsWeighted>
      <QtyInPackage>1</QtyInPackage>
      <ItemPrice>14.90</ItemPrice>
      <UnitOfMeasurePrice>4.9667</UnitOfMeasurePrice>
      <AllowDiscount>1</AllowDiscount>
      <ItemStatus>1</ItemStatus>
      <ItemId>226577</ItemId>
    </Item>
    <Item>
      <PriceUpdateDate>2015-01-01 00:00:00</PriceUpdateDate>
      <ItemCode>7290011499365</ItemCode>
      <ItemType>0</ItemType>
      <ItemName>גבינת חלומי גד 24% 2</ItemName>
      <ManufacturerName>מחלבות גד</ManufacturerName>
      <ManufactureCountry>ישראל</ManufactureCountry>
      <ManufacturerItemDescription>גבינת חלומי גד 24% 200 גרם</ManufacturerItemDescription>
      <UnitQty>גרמים</UnitQty>
      <Quantity>200.00</Quantity>
      <UnitOfMeasure>100 גרם</UnitOfMeasure>
      <bIsWeighted>0</bIsWeighted>
      <QtyInPackage>1</QtyInPackage>
      <ItemPrice>19.90</ItemPrice>
      <UnitOfMeasurePrice>9.9500</UnitOfMeasurePrice>
      <AllowDiscount>1</AllowDiscount>
      <ItemStatus>1</ItemStatus>
      <ItemId>226591</ItemId>
    </Item>
    <Item>
      <PriceUpdateDate>2016-06-06 14:20:52</PriceUpdateDate>
      <ItemCode>7290106662599</ItemCode>
      <ItemType>1</ItemType>
      <ItemName>מעדן גוי וניל וקורנפ</ItemName>
      <ManufacturerName>שטראוס</ManufacturerName>
      <ManufactureCountry>ישראל</ManufactureCountry>
      <ManufacturerItemDescription>מעדן גוי וניל וקורנפלקס 140 גרם</ManufacturerItemDescription>
      <UnitQty>גרמים</UnitQty>
      <Quantity>140.00</Quantity>
      <UnitOfMeasure>100 גרם</UnitOfMeasure>
      <bIsWeighted>0</bIsWeighted>
      <QtyInPackage>1</QtyInPackage>
      <ItemPrice>3.90</ItemPrice>
      <UnitOfMeasurePrice>2.7857</UnitOfMeasurePrice>
      <AllowDiscount>1</AllowDiscount>
      <ItemStatus>1</ItemStatus>
      <ItemId>268400</ItemId>
    </Item>
    <Item>
      <PriceUpdateDate>2015-01-01 00:00:00</PriceUpdateDate>
      <ItemCode>978406</ItemCode>
      <ItemType>0</ItemType>
      <ItemName>אננס רצועות במשקל תפ</ItemName>
      <ManufacturerName>,</ManufacturerName>
      <ManufactureCountry>לא ידוע</ManufactureCountry>
      <ManufacturerItemDescription>אננס רצועות במשקל תפז</ManufacturerItemDescription>
      <UnitQty>קילוגרמים</UnitQty>
      <Quantity>1.00</Quantity>
      <UnitOfMeasure>ק"ג</UnitOfMeasure>
      <bIsWeighted>1</bIsWeighted>
      <QtyInPackage>לא ידוע</QtyInPackage>
      <ItemPrice>25.00</ItemPrice>
      <UnitOfMeasurePrice>25.0000</UnitOfMeasurePrice>
      <AllowDiscount>1</AllowDiscount>
      <ItemStatus>1</ItemStatus>
      <ItemId>226607</ItemId>
    </Item>
    <Item>
      <PriceUpdateDate>2015-01-01 00:00:00</PriceUpdateDate>
      <ItemCode>978420</ItemCode>
      <ItemType>0</ItemType>
      <ItemName>קליפות הדר במשקל תפז</ItemName>
      <ManufacturerName>,</ManufacturerName>
      <ManufactureCountry>לא ידוע</ManufactureCountry>
      <ManufacturerItemDescription>קליפות הדר במשקל תפז</ManufacturerItemDescription>
      <UnitQty>קילוגרמים</UnitQty>
      <Quantity>1.00</Quantity>
      <UnitOfMeasure>ק"ג</UnitOfMeasure>
      <bIsWeighted>1</bIsWeighted>
      <QtyInPackage>לא ידוע</QtyInPackage>
      <ItemPrice>20.00</ItemPrice>
      <UnitOfMeasurePrice>20.0000</UnitOfMeasurePrice>
      <AllowDiscount>1</AllowDiscount>
      <ItemStatus>1</ItemStatus>
      <ItemId>226609</ItemId>
    </Item>
    <Item>
      <PriceUpdateDate>2015-01-01 00:00:00</PriceUpdateDate>
      <ItemCode>9068818</ItemCode>
      <ItemType>0</ItemType>
      <ItemName>אגוז ברזיל טבעי במשק</ItemName>
      <ManufacturerName>דין שיווק</ManufacturerName>
      <ManufactureCountry>ישראל</ManufactureCountry>
      <ManufacturerItemDescription>אגוז ברזיל טבעי במשקל</ManufacturerItemDescription>
      <UnitQty>קילוגרמים</UnitQty>
      <Quantity>1.00</Quantity>
      <UnitOfMeasure>ק"ג</UnitOfMeasure>
      <bIsWeighted>1</bIsWeighted>
      <QtyInPackage>1</QtyInPackage>
      <ItemPrice>89.00</ItemPrice>
      <UnitOfMeasurePrice>89.0000</UnitOfMeasurePrice>
      <AllowDiscount>1</AllowDiscount>
      <ItemStatus>1</ItemStatus>
      <ItemId>226610</ItemId>
    </Item>
    <Item>
      <PriceUpdateDate>2015-01-01 00:00:00</PriceUpdateDate>
      <ItemCode>9068825</ItemCode>
      <ItemType>0</ItemType>
      <ItemName>אגוז קלוף במשקל</ItemName>
      <ManufacturerName>דין שיווק</ManufacturerName>
      <ManufactureCountry>ישראל</ManufactureCountry>
      <ManufacturerItemDescription>אגוז קלוף במשקל</ManufacturerItemDescription>
      <UnitQty>קילוגרמים</UnitQty>
      <Quantity>1.00</Quantity>
      <UnitOfMeasure>ק"ג</UnitOfMeasure>
      <bIsWeighted>1</bIsWeighted>
      <QtyInPackage>1</QtyInPackage>
      <ItemPrice>88.00</ItemPrice>
      <UnitOfMeasurePrice>88.0000</UnitOfMeasurePrice>
      <AllowDiscount>1</AllowDiscount>
      <ItemStatus>1</ItemStatus>
      <ItemId>226612</ItemId>
    </Item>
    <Item>
      <PriceUpdateDate>2015-01-01 00:00:00</PriceUpdateDate>
      <ItemCode>9068849</ItemCode>
      <ItemType>0</ItemType>
      <ItemName>בוטן מסוכר במשקל</ItemName>
      <ManufacturerName>,</ManufacturerName>
      <ManufactureCountry>לא ידוע</ManufactureCountry>
      <ManufacturerItemDescription>בוטן מסוכר במשקל</ManufacturerItemDescription>
      <UnitQty>קילוגרמים</UnitQty>
      <Quantity>1.00</Quantity>
      <UnitOfMeasure>ק"ג</UnitOfMeasure>
      <bIsWeighted>1</bIsWeighted>
      <QtyInPackage>לא ידוע</QtyInPackage>
      <ItemPrice>30.00</ItemPrice>
      <UnitOfMeasurePrice>30.0000</UnitOfMeasurePrice>
      <AllowDiscount>1</AllowDiscount>
      <ItemStatus>1</ItemStatus>
      <ItemId>226613</ItemId>
    </Item>
    <Item>
      <PriceUpdateDate>2015-01-01 00:00:00</PriceUpdateDate>
      <ItemCode>9068856</ItemCode>
      <ItemType>0</ItemType>
      <ItemName>בוטן קלוי במשקל</ItemName>
      <ManufacturerName>,</ManufacturerName>
      <ManufactureCountry>לא ידוע</ManufactureCountry>
      <ManufacturerItemDescription>בוטן קלוי במשקל</ManufacturerItemDescription>
      <UnitQty>קילוגרמים</UnitQty>
      <Quantity>1.00</Quantity>
      <UnitOfMeasure>ק"ג</UnitOfMeasure>
      <bIsWeighted>1</bIsWeighted>
      <QtyInPackage>לא ידוע</QtyInPackage>
      <ItemPrice>30.00</ItemPrice>
      <UnitOfMeasurePrice>30.0000</UnitOfMeasurePrice>
      <AllowDiscount>1</AllowDiscount>
      <ItemStatus>1</ItemStatus>
      <ItemId>226614</ItemId>
    </Item>
    <Item>
      <PriceUpdateDate>2015-01-01 00:00:00</PriceUpdateDate>
      <ItemCode>96619743926</ItemCode>
      <ItemType>0</ItemType>
      <ItemName>מיונז 1.9 ק"ג קירקלנ</ItemName>
      <ManufacturerName>,</ManufacturerName>
      <ManufactureCountry>לא ידוע</ManufactureCountry>
      <ManufacturerItemDescription>מיונז 1.9 ק"ג קירקלנד</ManufacturerItemDescription>
      <UnitQty>קילוגרמים</UnitQty>
      <Quantity>1.90</Quantity>
      <UnitOfMeasure>ק"ג     </UnitOfMeasure>
      <bIsWeighted>0</bIsWeighted>
      <QtyInPackage>1</QtyInPackage>
      <ItemPrice>29.90</ItemPrice>
      <UnitOfMeasurePrice>15.7368</UnitOfMeasurePrice>
      <AllowDiscount>1</AllowDiscount>
      <ItemStatus>1</ItemStatus>
      <ItemId>252746</ItemId>
    </Item>
    <Item>
      <PriceUpdateDate>2015-01-01 00:00:00</PriceUpdateDate>
      <ItemCode>9068863</ItemCode>
      <ItemType>0</ItemType>
      <ItemName>בונדוק טבעי במשקל</ItemName>
      <ManufacturerName>,</ManufacturerName>
      <ManufactureCountry>לא ידוע</ManufactureCountry>
      <ManufacturerItemDescription>בונדוק טבעי במשקל</ManufacturerItemDescription>
      <UnitQty>קילוגרמים</UnitQty>
      <Quantity>1.00</Quantity>
      <UnitOfMeasure>ק"ג</UnitOfMeasure>
      <bIsWeighted>1</bIsWeighted>
      <QtyInPackage>לא ידוע</QtyInPackage>
      <ItemPrice>77.00</ItemPrice>
      <UnitOfMeasurePrice>77.0000</UnitOfMeasurePrice>
      <AllowDiscount>1</AllowDiscount>
      <ItemStatus>1</ItemStatus>
      <ItemId>226615</ItemId>
    </Item>
    <Item>
      <PriceUpdateDate>2015-01-01 00:00:00</PriceUpdateDate>
      <ItemCode>9068870</ItemCode>
      <ItemType>0</ItemType>
      <ItemName>בונדוק קלוי במשקל</ItemName>
      <ManufacturerName>,</ManufacturerName>
      <ManufactureCountry>לא ידוע</ManufactureCountry>
      <ManufacturerItemDescription>בונדוק קלוי במשקל</ManufacturerItemDescription>
      <UnitQty>קילוגרמים</UnitQty>
      <Quantity>1.00</Quantity>
      <UnitOfMeasure>ק"ג</UnitOfMeasure>
      <bIsWeighted>1</bIsWeighted>
      <QtyInPackage>לא ידוע</QtyInPackage>
      <ItemPrice>88.00</ItemPrice>
      <UnitOfMeasurePrice>88.0000</UnitOfMeasurePrice>
      <AllowDiscount>1</AllowDiscount>
      <ItemStatus>1</ItemStatus>
      <ItemId>226616</ItemId>
    </Item>
    <Item>
      <PriceUpdateDate>2015-01-01 00:00:00</PriceUpdateDate>
      <ItemCode>9068887</ItemCode>
      <ItemType>0</ItemType>
      <ItemName>גרעין אבטיח קלוי במש</ItemName>
      <ManufacturerName>דין שיווק</ManufacturerName>
      <ManufactureCountry>ישראל</ManufactureCountry>
      <ManufacturerItemDescription>גרעין אבטיח קלוי</ManufacturerItemDescription>
      <UnitQty>קילוגרמים</UnitQty>
      <Quantity>1.00</Quantity>
      <UnitOfMeasure>ק"ג</UnitOfMeasure>
      <bIsWeighted>1</bIsWeighted>
      <QtyInPackage>1</QtyInPackage>
      <ItemPrice>55.00</ItemPrice>
      <UnitOfMeasurePrice>55.0000</UnitOfMeasurePrice>
      <AllowDiscount>1</AllowDiscount>
      <ItemStatus>1</ItemStatus>
      <ItemId>226618</ItemId>
    </Item>
    <Item>
      <PriceUpdateDate>2016-03-08 08:33:10</PriceUpdateDate>
      <ItemCode>9068894</ItemCode>
      <ItemType>0</ItemType>
      <ItemName>גרעין לבן קלוי</ItemName>
      <ManufacturerName>,</ManufacturerName>
      <ManufactureCountry>לא ידוע</ManufactureCountry>
      <ManufacturerItemDescription>גרעין לבן קלוי</ManufacturerItemDescription>
      <UnitQty>קילוגרמים</UnitQty>
      <Quantity>1.00</Quantity>
      <UnitOfMeasure>ק"ג</UnitOfMeasure>
      <bIsWeighted>1</bIsWeighted>
      <QtyInPackage>לא ידוע</QtyInPackage>
      <ItemPrice>39.00</ItemPrice>
      <UnitOfMeasurePrice>39.0000</UnitOfMeasurePrice>
      <AllowDiscount>1</AllowDiscount>
      <ItemStatus>1</ItemStatus>
      <ItemId>226619</ItemId>
    </Item>
    <Item>
      <PriceUpdateDate>2015-01-01 00:00:00</PriceUpdateDate>
      <ItemCode>9068917</ItemCode>
      <ItemType>0</ItemType>
      <ItemName>גרעין שחור קלוי במשק</ItemName>
      <ManufacturerName>,</ManufacturerName>
      <ManufactureCountry>לא ידוע</ManufactureCountry>
      <ManufacturerItemDescription>גרעין שחור קלוי במשקל</ManufacturerItemDescription>
      <UnitQty>קילוגרמים</UnitQty>
      <Quantity>1.00</Quantity>
      <UnitOfMeasure>ק"ג</UnitOfMeasure>
      <bIsWeighted>1</bIsWeighted>
      <QtyInPackage>לא ידוע</QtyInPackage>
      <ItemPrice>25.00</ItemPrice>
      <UnitOfMeasurePrice>25.0000</UnitOfMeasurePrice>
      <AllowDiscount>1</AllowDiscount>
      <ItemStatus>1</ItemStatus>
      <ItemId>226620</ItemId>
    </Item>
    <Item>
      <PriceUpdateDate>2015-08-25 10:40:21</PriceUpdateDate>
      <ItemCode>9068955</ItemCode>
      <ItemType>0</ItemType>
      <ItemName>גרעין חמניה קלוף טבע</ItemName>
      <ManufacturerName>דין שיווק</ManufacturerName>
      <ManufactureCountry>ישראל</ManufactureCountry>
      <ManufacturerItemDescription>גרעין חמניה קלוף טבעי</ManufacturerItemDescription>
      <UnitQty>קילוגרמים</UnitQty>
      <Quantity>1.00</Quantity>
      <UnitOfMeasure>ק"ג</UnitOfMeasure>
      <bIsWeighted>1</bIsWeighted>
      <QtyInPackage>1</QtyInPackage>
      <ItemPrice>39.00</ItemPrice>
      <UnitOfMeasurePrice>39.0000</UnitOfMeasurePrice>
      <AllowDiscount>1</AllowDiscount>
      <ItemStatus>1</ItemStatus>
      <ItemId>226622</ItemId>
    </Item>
    <Item>
      <PriceUpdateDate>2015-01-01 00:00:00</PriceUpdateDate>
      <ItemCode>9068962</ItemCode>
      <ItemType>0</ItemType>
      <ItemName>מנצס במשקל</ItemName>
      <ManufacturerName>,</ManufacturerName>
      <ManufactureCountry>לא ידוע</ManufactureCountry>
      <ManufacturerItemDescription>מנצס במשקל</ManufacturerItemDescription>
      <UnitQty>קילוגרמים</UnitQty>
      <Quantity>1.00</Quantity>
      <UnitOfMeasure>ק"ג</UnitOfMeasure>
      <bIsWeighted>1</bIsWeighted>
      <QtyInPackage>לא ידוע</QtyInPackage>
      <ItemPrice>47.00</ItemPrice>
      <UnitOfMeasurePrice>47.0000</UnitOfMeasurePrice>
      <AllowDiscount>1</AllowDiscount>
      <ItemStatus>1</ItemStatus>
      <ItemId>226623</ItemId>
    </Item>
    <Item>
      <PriceUpdateDate>2016-03-08 08:33:10</PriceUpdateDate>
      <ItemCode>9069006</ItemCode>
      <ItemType>0</ItemType>
      <ItemName>פיסטוק ענק קלוי במשק</ItemName>
      <ManufacturerName>,</ManufacturerName>
      <ManufactureCountry>לא ידוע</ManufactureCountry>
      <ManufacturerItemDescription>פיסטוק ענק קלוי במשקל</ManufacturerItemDescription>
      <UnitQty>קילוגרמים</UnitQty>
      <Quantity>1.00</Quantity>
      <UnitOfMeasure>ק"ג</UnitOfMeasure>
      <bIsWeighted>1</bIsWeighted>
      <QtyInPackage>לא ידוע</QtyInPackage>
      <ItemPrice>88.00</ItemPrice>
      <UnitOfMeasurePrice>88.0000</UnitOfMeasurePrice>
      <AllowDiscount>1</AllowDiscount>
      <ItemStatus>1</ItemStatus>
      <ItemId>226624</ItemId>
    </Item>
    <Item>
      <PriceUpdateDate>2016-03-08 08:33:10</PriceUpdateDate>
      <ItemCode>9069051</ItemCode>
      <ItemType>0</ItemType>
      <ItemName>פקאן טבעי במשקל</ItemName>
      <ManufacturerName>,</ManufacturerName>
      <ManufactureCountry>לא ידוע</ManufactureCountry>
      <ManufacturerItemDescription>פקאן טבעי במשקל</ManufacturerItemDescription>
      <UnitQty>קילוגרמים</UnitQty>
      <Quantity>1.00</Quantity>
      <UnitOfMeasure>ק"ג</UnitOfMeasure>
      <bIsWeighted>1</bIsWeighted>
      <QtyInPackage>לא ידוע</QtyInPackage>
      <ItemPrice>119.00</ItemPrice>
      <UnitOfMeasurePrice>119.0000</UnitOfMeasurePrice>
      <AllowDiscount>1</AllowDiscount>
      <ItemStatus>1</ItemStatus>
      <ItemId>226625</ItemId>
    </Item>
    <Item>
      <PriceUpdateDate>2015-01-01 00:00:00</PriceUpdateDate>
      <ItemCode>9069068</ItemCode>
      <ItemType>0</ItemType>
      <ItemName>פקאן סיני במשקל</ItemName>
      <ManufacturerName>דין שיווק</ManufacturerName>
      <ManufactureCountry>ישראל</ManufactureCountry>
      <ManufacturerItemDescription>פקאן סיני במשקל</ManufacturerItemDescription>
      <UnitQty>קילוגרמים</UnitQty>
      <Quantity>1.00</Quantity>
      <UnitOfMeasure>ק"ג</UnitOfMeasure>
      <bIsWeighted>1</bIsWeighted>
      <QtyInPackage>1</QtyInPackage>
      <ItemPrice>118.00</ItemPrice>
      <UnitOfMeasurePrice>118.0000</UnitOfMeasurePrice>
      <AllowDiscount>1</AllowDiscount>
      <ItemStatus>1</ItemStatus>
      <ItemId>226626</ItemId>
    </Item>
    <Item>
      <PriceUpdateDate>2015-01-01 00:00:00</PriceUpdateDate>
      <ItemCode>9069075</ItemCode>
      <ItemType>0</ItemType>
      <ItemName>צנובר במשקל</ItemName>
      <ManufacturerName>,</ManufacturerName>
      <ManufactureCountry>לא ידוע</ManufactureCountry>
      <ManufacturerItemDescription>צנובר במשקל</ManufacturerItemDescription>
      <UnitQty>קילוגרמים</UnitQty>
      <Quantity>1.00</Quantity>
      <UnitOfMeasure>ק"ג</UnitOfMeasure>
      <bIsWeighted>1</bIsWeighted>
      <QtyInPackage>לא ידוע</QtyInPackage>
      <ItemPrice>195.00</ItemPrice>
      <UnitOfMeasurePrice>195.0000</UnitOfMeasurePrice>
      <AllowDiscount>1</AllowDiscount>
      <ItemStatus>1</ItemStatus>
      <ItemId>226627</ItemId>
    </Item>
    <Item>
      <PriceUpdateDate>2015-01-01 00:00:00</PriceUpdateDate>
      <ItemCode>9069990</ItemCode>
      <ItemType>0</ItemType>
      <ItemName>תבלינים בקבוצה 2 במש</ItemName>
      <ManufacturerName>,</ManufacturerName>
      <ManufactureCountry>לא ידוע</ManufactureCountry>
      <ManufacturerItemDescription>תבלינים בקבוצה 2 במשקל</ManufacturerItemDescription>
      <UnitQty>קילוגרמים</UnitQty>
      <Quantity>1.00</Quantity>
      <UnitOfMeasure>ק"ג</UnitOfMeasure>
      <bIsWeighted>1</bIsWeighted>
      <QtyInPackage>לא ידוע</QtyInPackage>
      <ItemPrice>50.00</ItemPrice>
      <UnitOfMeasurePrice>50.0000</UnitOfMeasurePrice>
      <AllowDiscount>1</AllowDiscount>
      <ItemStatus>1</ItemStatus>
      <ItemId>226628</ItemId>
    </Item>
    <Item>
      <PriceUpdateDate>2015-01-01 00:00:00</PriceUpdateDate>
      <ItemCode>426570</ItemCode>
      <ItemType>0</ItemType>
      <ItemName>קציצות דג נסיכה 700</ItemName>
      <ManufacturerName>,</ManufacturerName>
      <ManufactureCountry>לא ידוע</ManufactureCountry>
      <ManufacturerItemDescription>קציצות דג נסיכה 700 גרם בד"צ עדה חרדית</ManufacturerItemDescription>
      <UnitQty>גרמים</UnitQty>
      <Quantity>700.00</Quantity>
      <UnitOfMeasure>100 גרם</UnitOfMeasure>
      <bIsWeighted>0</bIsWeighted>
      <QtyInPackage>1</QtyInPackage>
      <ItemPrice>31.90</ItemPrice>
      <UnitOfMeasurePrice>4.5571</UnitOfMeasurePrice>
      <AllowDiscount>1</AllowDiscount>
      <ItemStatus>1</ItemStatus>
      <ItemId>246854</ItemId>
    </Item>
    <Item>
      <PriceUpdateDate>2015-01-01 00:00:00</PriceUpdateDate>
      <ItemCode>9090017</ItemCode>
      <ItemType>0</ItemType>
      <ItemName>תבלינים בקבוצה 4 במש</ItemName>
      <ManufacturerName>,</ManufacturerName>
      <ManufactureCountry>לא ידוע</ManufactureCountry>
      <ManufacturerItemDescription>תבלינים בקבוצה 4 במשקל</ManufacturerItemDescription>
      <UnitQty>קילוגרמים</UnitQty>
      <Quantity>1.00</Quantity>
      <UnitOfMeasure>ק"ג</UnitOfMeasure>
      <bIsWeighted>1</bIsWeighted>
      <QtyInPackage>לא ידוע</QtyInPackage>
      <ItemPrice>100.00</ItemPrice>
      <UnitOfMeasurePrice>100.0000</UnitOfMeasurePrice>
      <AllowDiscount>1</AllowDiscount>
      <ItemStatus>1</ItemStatus>
      <ItemId>226629</ItemId>
    </Item>
    <Item>
      <PriceUpdateDate>2015-01-01 00:00:00</PriceUpdateDate>
      <ItemCode>978789</ItemCode>
      <ItemType>0</ItemType>
      <ItemName>תבלינים קבוצה 1 במשק</ItemName>
      <ManufacturerName>,</ManufacturerName>
      <ManufactureCountry>לא ידוע</ManufactureCountry>
      <ManufacturerItemDescription>תבלינים קבוצה 1 במשקל</ManufacturerItemDescription>
      <UnitQty>קילוגרמים</UnitQty>
      <Quantity>1.00</Quantity>
      <UnitOfMeasure>ק"ג</UnitOfMeasure>
      <bIsWeighted>1</bIsWeighted>
      <QtyInPackage>לא ידוע</QtyInPackage>
      <ItemPrice>40.00</ItemPrice>
      <UnitOfMeasurePrice>40.0000</UnitOfMeasurePrice>
      <AllowDiscount>1</AllowDiscount>
      <ItemStatus>1</ItemStatus>
      <ItemId>226630</ItemId>
    </Item>
    <Item>
      <PriceUpdateDate>2015-01-01 00:00:00</PriceUpdateDate>
      <ItemCode>978864</ItemCode>
      <ItemType>0</ItemType>
      <ItemName>תבלינים קבוצה 5</ItemName>
      <ManufacturerName>,</ManufacturerName>
      <ManufactureCountry>לא ידוע</ManufactureCountry>
      <ManufacturerItemDescription>תבלינים קבוצה 5</ManufacturerItemDescription>
      <UnitQty>קילוגרמים</UnitQty>
      <Quantity>1.00</Quantity>
      <UnitOfMeasure>ק"ג</UnitOfMeasure>
      <bIsWeighted>1</bIsWeighted>
      <QtyInPackage>לא ידוע</QtyInPackage>
      <ItemPrice>200.00</ItemPrice>
      <UnitOfMeasurePrice>200.0000</UnitOfMeasurePrice>
      <AllowDiscount>1</AllowDiscount>
      <ItemStatus>1</ItemStatus>
      <ItemId>226633</ItemId>
    </Item>
    <Item>
      <PriceUpdateDate>2015-01-01 00:00:00</PriceUpdateDate>
      <ItemCode>1208403</ItemCode>
      <ItemType>0</ItemType>
      <ItemName>חמצוצים / ליקריץ במש</ItemName>
      <ManufacturerName>,</ManufacturerName>
      <ManufactureCountry>לא ידוע</ManufactureCountry>
      <ManufacturerItemDescription>חמצוצים / ליקריץ במשקל</ManufacturerItemDescription>
      <UnitQty>קילוגרמים</UnitQty>
      <Quantity>1.00</Quantity>
      <UnitOfMeasure>ק"ג</UnitOfMeasure>
      <bIsWeighted>1</bIsWeighted>
      <QtyInPackage>לא ידוע</QtyInPackage>
      <ItemPrice>50.00</ItemPrice>
      <UnitOfMeasurePrice>50.0000</UnitOfMeasurePrice>
      <AllowDiscount>1</AllowDiscount>
      <ItemStatus>1</ItemStatus>
      <ItemId>226634</ItemId>
    </Item>
    <Item>
      <PriceUpdateDate>2015-01-01 00:00:00</PriceUpdateDate>
      <ItemCode>9069112</ItemCode>
      <ItemType>0</ItemType>
      <ItemName>קשיו קלוי במשקל</ItemName>
      <ManufacturerName>,</ManufacturerName>
      <ManufactureCountry>לא ידוע</ManufactureCountry>
      <ManufacturerItemDescription>קשיו קלוי במשקל</ManufacturerItemDescription>
      <UnitQty>קילוגרמים</UnitQty>
      <Quantity>1.00</Quantity>
      <UnitOfMeasure>ק"ג</UnitOfMeasure>
      <bIsWeighted>1</bIsWeighted>
      <QtyInPackage>לא ידוע</QtyInPackage>
      <ItemPrice>88.00</ItemPrice>
      <UnitOfMeasurePrice>88.0000</UnitOfMeasurePrice>
      <AllowDiscount>1</AllowDiscount>
      <ItemStatus>1</ItemStatus>
      <ItemId>226639</ItemId>
    </Item>
    <Item>
      <PriceUpdateDate>2015-08-25 10:40:17</PriceUpdateDate>
      <ItemCode>9069129</ItemCode>
      <ItemType>0</ItemType>
      <ItemName>שקד שבבים במשקל</ItemName>
      <ManufacturerName>,</ManufacturerName>
      <ManufactureCountry>לא ידוע</ManufactureCountry>
      <ManufacturerItemDescription>שקד שבבים במשקל</ManufacturerItemDescription>
      <UnitQty>קילוגרמים</UnitQty>
      <Quantity>1.00</Quantity>
      <UnitOfMeasure>ק"ג</UnitOfMeasure>
      <bIsWeighted>1</bIsWeighted>
      <QtyInPackage>לא ידוע</QtyInPackage>
      <ItemPrice>115.00</ItemPrice>
      <UnitOfMeasurePrice>115.0000</UnitOfMeasurePrice>
      <AllowDiscount>1</AllowDiscount>
      <ItemStatus>1</ItemStatus>
      <ItemId>226640</ItemId>
    </Item>
    <Item>
      <PriceUpdateDate>2015-01-01 00:00:00</PriceUpdateDate>
      <ItemCode>9069143</ItemCode>
      <ItemType>0</ItemType>
      <ItemName>שקד טבעי ענק במשקל</ItemName>
      <ManufacturerName>,</ManufacturerName>
      <ManufactureCountry>לא ידוע</ManufactureCountry>
      <ManufacturerItemDescription>שקד טבעי ענק במשקל</ManufacturerItemDescription>
      <UnitQty>קילוגרמים</UnitQty>
      <Quantity>1.00</Quantity>
      <UnitOfMeasure>ק"ג</UnitOfMeasure>
      <bIsWeighted>1</bIsWeighted>
      <QtyInPackage>לא ידוע</QtyInPackage>
      <ItemPrice>85.00</ItemPrice>
      <UnitOfMeasurePrice>85.0000</UnitOfMeasurePrice>
      <AllowDiscount>1</AllowDiscount>
      <ItemStatus>1</ItemStatus>
      <ItemId>226642</ItemId>
    </Item>
    <Item>
      <PriceUpdateDate>2015-08-25 10:40:18</PriceUpdateDate>
      <ItemCode>9069181</ItemCode>
      <ItemType>0</ItemType>
      <ItemName>שקד ספרדי קלוי במשקל</ItemName>
      <ManufacturerName>,</ManufacturerName>
      <ManufactureCountry>לא ידוע</ManufactureCountry>
      <ManufacturerItemDescription>שקד ספרדי קלוי במשקל</ManufacturerItemDescription>
      <UnitQty>קילוגרמים</UnitQty>
      <Quantity>1.00</Quantity>
      <UnitOfMeasure>ק"ג</UnitOfMeasure>
      <bIsWeighted>1</bIsWeighted>
      <QtyInPackage>לא ידוע</QtyInPackage>
      <ItemPrice>90.00</ItemPrice>
      <UnitOfMeasurePrice>90.0000</UnitOfMeasurePrice>
      <AllowDiscount>1</AllowDiscount>
      <ItemStatus>1</ItemStatus>
      <ItemId>226643</ItemId>
    </Item>
    <Item>
      <PriceUpdateDate>2015-01-01 00:00:00</PriceUpdateDate>
      <ItemCode>9069174</ItemCode>
      <ItemType>0</ItemType>
      <ItemName>שקד מסוכר במשקל</ItemName>
      <ManufacturerName>דין שיווק</ManufacturerName>
      <ManufactureCountry>ישראל</ManufactureCountry>
      <ManufacturerItemDescription>שקד מסוכר</ManufacturerItemDescription>
      <UnitQty>קילוגרמים</UnitQty>
      <Quantity>1.00</Quantity>
      <UnitOfMeasure>ק"ג</UnitOfMeasure>
      <bIsWeighted>1</bIsWeighted>
      <QtyInPackage>1</QtyInPackage>
      <ItemPrice>75.00</ItemPrice>
      <UnitOfMeasurePrice>75.0000</UnitOfMeasurePrice>
      <AllowDiscount>1</AllowDiscount>
      <ItemStatus>1</ItemStatus>
      <ItemId>226644</ItemId>
    </Item>
    <Item>
      <PriceUpdateDate>2015-01-01 00:00:00</PriceUpdateDate>
      <ItemCode>9069235</ItemCode>
      <ItemType>0</ItemType>
      <ItemName>חטיפים יפני במשקל</ItemName>
      <ManufacturerName>,</ManufacturerName>
      <ManufactureCountry>לא ידוע</ManufactureCountry>
      <ManufacturerItemDescription>חטיפים יפני במשקל</ManufacturerItemDescription>
      <UnitQty>קילוגרמים</UnitQty>
      <Quantity>1.00</Quantity>
      <UnitOfMeasure>ק"ג</UnitOfMeasure>
      <bIsWeighted>1</bIsWeighted>
      <QtyInPackage>לא ידוע</QtyInPackage>
      <ItemPrice>65.00</ItemPrice>
      <UnitOfMeasurePrice>65.0000</UnitOfMeasurePrice>
      <AllowDiscount>1</AllowDiscount>
      <ItemStatus>1</ItemStatus>
      <ItemId>226646</ItemId>
    </Item>
    <Item>
      <PriceUpdateDate>2015-01-01 00:00:00</PriceUpdateDate>
      <ItemCode>9069242</ItemCode>
      <ItemType>0</ItemType>
      <ItemName>בוטן אמריקאי במשקל</ItemName>
      <ManufacturerName>,</ManufacturerName>
      <ManufactureCountry>לא ידוע</ManufactureCountry>
      <ManufacturerItemDescription>בוטן אמריקאי במשקל</ManufacturerItemDescription>
      <UnitQty>קילוגרמים</UnitQty>
      <Quantity>1.00</Quantity>
      <UnitOfMeasure>ק"ג</UnitOfMeasure>
      <bIsWeighted>1</bIsWeighted>
      <QtyInPackage>לא ידוע</QtyInPackage>
      <ItemPrice>26.00</ItemPrice>
      <UnitOfMeasurePrice>26.0000</UnitOfMeasurePrice>
      <AllowDiscount>1</AllowDiscount>
      <ItemStatus>1</ItemStatus>
      <ItemId>226647</ItemId>
    </Item>
    <Item>
      <PriceUpdateDate>2015-01-01 00:00:00</PriceUpdateDate>
      <ItemCode>9069259</ItemCode>
      <ItemType>0</ItemType>
      <ItemName>קבוקים במשקל</ItemName>
      <ManufacturerName>,</ManufacturerName>
      <ManufactureCountry>לא ידוע</ManufactureCountry>
      <ManufacturerItemDescription>קבוקים במשקל</ManufacturerItemDescription>
      <UnitQty>קילוגרמים</UnitQty>
      <Quantity>1.00</Quantity>
      <UnitOfMeasure>ק"ג</UnitOfMeasure>
      <bIsWeighted>1</bIsWeighted>
      <QtyInPackage>לא ידוע</QtyInPackage>
      <ItemPrice>26.00</ItemPrice>
      <UnitOfMeasurePrice>26.0000</UnitOfMeasurePrice>
      <AllowDiscount>1</AllowDiscount>
      <ItemStatus>1</ItemStatus>
      <ItemId>226648</ItemId>
    </Item>
    <Item>
      <PriceUpdateDate>2015-01-01 00:00:00</PriceUpdateDate>
      <ItemCode>9069273</ItemCode>
      <ItemType>0</ItemType>
      <ItemName>משמש במשקל</ItemName>
      <ManufacturerName>,</ManufacturerName>
      <ManufactureCountry>לא ידוע</ManufactureCountry>
      <ManufacturerItemDescription>משמש במשקל</ManufacturerItemDescription>
      <UnitQty>קילוגרמים</UnitQty>
      <Quantity>1.00</Quantity>
      <UnitOfMeasure>ק"ג</UnitOfMeasure>
      <bIsWeighted>1</bIsWeighted>
      <QtyInPackage>לא ידוע</QtyInPackage>
      <ItemPrice>54.00</ItemPrice>
      <UnitOfMeasurePrice>54.0000</UnitOfMeasurePrice>
      <AllowDiscount>1</AllowDiscount>
      <ItemStatus>1</ItemStatus>
      <ItemId>226650</ItemId>
    </Item>
    <Item>
      <PriceUpdateDate>2015-01-01 00:00:00</PriceUpdateDate>
      <ItemCode>9069280</ItemCode>
      <ItemType>0</ItemType>
      <ItemName>צימוק חום במשקל</ItemName>
      <ManufacturerName>,</ManufacturerName>
      <ManufactureCountry>לא ידוע</ManufactureCountry>
      <ManufacturerItemDescription>צימוק חום במשקל</ManufacturerItemDescription>
      <UnitQty>קילוגרמים</UnitQty>
      <Quantity>1.00</Quantity>
      <UnitOfMeasure>ק"ג</UnitOfMeasure>
      <bIsWeighted>1</bIsWeighted>
      <QtyInPackage>לא ידוע</QtyInPackage>
      <ItemPrice>28.00</ItemPrice>
      <UnitOfMeasurePrice>28.0000</UnitOfMeasurePrice>
      <AllowDiscount>1</AllowDiscount>
      <ItemStatus>1</ItemStatus>
      <ItemId>226651</ItemId>
    </Item>
    <Item>
      <PriceUpdateDate>2015-01-01 00:00:00</PriceUpdateDate>
      <ItemCode>9069297</ItemCode>
      <ItemType>0</ItemType>
      <ItemName>צימוק לבן ענק במשקל</ItemName>
      <ManufacturerName>,</ManufacturerName>
      <ManufactureCountry>לא ידוע</ManufactureCountry>
      <ManufacturerItemDescription>צימוק לבן ענק במשקל</ManufacturerItemDescription>
      <UnitQty>קילוגרמים</UnitQty>
      <Quantity>1.00</Quantity>
      <UnitOfMeasure>ק"ג</UnitOfMeasure>
      <bIsWeighted>1</bIsWeighted>
      <QtyInPackage>לא ידוע</QtyInPackage>
      <ItemPrice>44.00</ItemPrice>
      <UnitOfMeasurePrice>44.0000</UnitOfMeasurePrice>
      <AllowDiscount>1</AllowDiscount>
      <ItemStatus>1</ItemStatus>
      <ItemId>226652</ItemId>
    </Item>
    <Item>
      <PriceUpdateDate>2016-03-08 08:33:10</PriceUpdateDate>
      <ItemCode>9069303</ItemCode>
      <ItemType>0</ItemType>
      <ItemName>צימוק לבן במשקל</ItemName>
      <ManufacturerName>,</ManufacturerName>
      <ManufactureCountry>לא ידוע</ManufactureCountry>
      <ManufacturerItemDescription>צימוק לבן במשקל</ManufacturerItemDescription>
      <UnitQty>קילוגרמים</UnitQty>
      <Quantity>1.00</Quantity>
      <UnitOfMeasure>ק"ג</UnitOfMeasure>
      <bIsWeighted>1</bIsWeighted>
      <QtyInPackage>לא ידוע</QtyInPackage>
      <ItemPrice>37.00</ItemPrice>
      <UnitOfMeasurePrice>37.0000</UnitOfMeasurePrice>
      <AllowDiscount>1</AllowDiscount>
      <ItemStatus>1</ItemStatus>
      <ItemId>226653</ItemId>
    </Item>
    <Item>
      <PriceUpdateDate>2016-03-08 08:33:10</PriceUpdateDate>
      <ItemCode>9069310</ItemCode>
      <ItemType>0</ItemType>
      <ItemName>שזיף מיובש ענק במשקל</ItemName>
      <ManufacturerName>,</ManufacturerName>
      <ManufactureCountry>לא ידוע</ManufactureCountry>
      <ManufacturerItemDescription>שזיף מיובש ענק במשקל</ManufacturerItemDescription>
      <UnitQty>קילוגרמים</UnitQty>
      <Quantity>1.00</Quantity>
      <UnitOfMeasure>ק"ג</UnitOfMeasure>
      <bIsWeighted>1</bIsWeighted>
      <QtyInPackage>לא ידוע</QtyInPackage>
      <ItemPrice>45.00</ItemPrice>
      <UnitOfMeasurePrice>45.0000</UnitOfMeasurePrice>
      <AllowDiscount>1</AllowDiscount>
      <ItemStatus>1</ItemStatus>
      <ItemId>226654</ItemId>
    </Item>
    <Item>
      <PriceUpdateDate>2015-01-01 00:00:00</PriceUpdateDate>
      <ItemCode>9069327</ItemCode>
      <ItemType>0</ItemType>
      <ItemName>תאנים גדולים במשקל</ItemName>
      <ManufacturerName>,</ManufacturerName>
      <ManufactureCountry>לא ידוע</ManufactureCountry>
      <ManufacturerItemDescription>תאנים גדולים במשקל</ManufacturerItemDescription>
      <UnitQty>קילוגרמים</UnitQty>
      <Quantity>1.00</Quantity>
      <UnitOfMeasure>ק"ג</UnitOfMeasure>
      <bIsWeighted>1</bIsWeighted>
      <QtyInPackage>לא ידוע</QtyInPackage>
      <ItemPrice>47.00</ItemPrice>
      <UnitOfMeasurePrice>47.0000</UnitOfMeasurePrice>
      <AllowDiscount>1</AllowDiscount>
      <ItemStatus>1</ItemStatus>
      <ItemId>226655</ItemId>
    </Item>
    <Item>
      <PriceUpdateDate>2015-01-01 00:00:00</PriceUpdateDate>
      <ItemCode>9069471</ItemCode>
      <ItemType>0</ItemType>
      <ItemName>מנגו במשקל</ItemName>
      <ManufacturerName>,</ManufacturerName>
      <ManufactureCountry>לא ידוע</ManufactureCountry>
      <ManufacturerItemDescription>מנגו במשקל</ManufacturerItemDescription>
      <UnitQty>קילוגרמים</UnitQty>
      <Quantity>1.00</Quantity>
      <UnitOfMeasure>ק"ג</UnitOfMeasure>
      <bIsWeighted>1</bIsWeighted>
      <QtyInPackage>לא ידוע</QtyInPackage>
      <ItemPrice>28.00</ItemPrice>
      <UnitOfMeasurePrice>28.0000</UnitOfMeasurePrice>
      <AllowDiscount>1</AllowDiscount>
      <ItemStatus>1</ItemStatus>
      <ItemId>226656</ItemId>
    </Item>
    <Item>
      <PriceUpdateDate>2015-01-01 00:00:00</PriceUpdateDate>
      <ItemCode>9069334</ItemCode>
      <ItemType>0</ItemType>
      <ItemName>שזיף ללא גרעין במשקל</ItemName>
      <ManufacturerName>,</ManufacturerName>
      <ManufactureCountry>לא ידוע</ManufactureCountry>
      <ManufacturerItemDescription>שזיף ללא גרעין במשקל</ManufacturerItemDescription>
      <UnitQty>קילוגרמים</UnitQty>
      <Quantity>1.00</Quantity>
      <UnitOfMeasure>ק"ג</UnitOfMeasure>
      <bIsWeighted>1</bIsWeighted>
      <QtyInPackage>לא ידוע</QtyInPackage>
      <ItemPrice>45.00</ItemPrice>
      <UnitOfMeasurePrice>45.0000</UnitOfMeasurePrice>
      <AllowDiscount>1</AllowDiscount>
      <ItemStatus>1</ItemStatus>
      <ItemId>226657</ItemId>
    </Item>
    <Item>
      <PriceUpdateDate>2015-01-01 00:00:00</PriceUpdateDate>
      <ItemCode>978703</ItemCode>
      <ItemType>0</ItemType>
      <ItemName>סוכריות קשות במשקל</ItemName>
      <ManufacturerName>,</ManufacturerName>
      <ManufactureCountry>לא ידוע</ManufactureCountry>
      <ManufacturerItemDescription>סוכריות קשות במשקל</ManufacturerItemDescription>
      <UnitQty>קילוגרמים</UnitQty>
      <Quantity>1.00</Quantity>
      <UnitOfMeasure>ק"ג</UnitOfMeasure>
      <bIsWeighted>1</bIsWeighted>
      <QtyInPackage>לא ידוע</QtyInPackage>
      <ItemPrice>36.00</ItemPrice>
      <UnitOfMeasurePrice>36.0000</UnitOfMeasurePrice>
      <AllowDiscount>1</AllowDiscount>
      <ItemStatus>1</ItemStatus>
      <ItemId>226658</ItemId>
    </Item>
    <Item>
      <PriceUpdateDate>2016-03-15 16:12:59</PriceUpdateDate>
      <ItemCode>978734</ItemCode>
      <ItemType>0</ItemType>
      <ItemName>סוכריות גומי במשקל</ItemName>
      <ManufacturerName>,</ManufacturerName>
      <ManufactureCountry>לא ידוע</ManufactureCountry>
      <ManufacturerItemDescription>סוכריות גומי במשקל</ManufacturerItemDescription>
      <UnitQty>קילוגרמים</UnitQty>
      <Quantity>1.00</Quantity>
      <UnitOfMeasure>ק"ג</UnitOfMeasure>
      <bIsWeighted>1</bIsWeighted>
      <QtyInPackage>לא ידוע</QtyInPackage>
      <ItemPrice>30.00</ItemPrice>
      <UnitOfMeasurePrice>30.0000</UnitOfMeasurePrice>
      <AllowDiscount>1</AllowDiscount>
      <ItemStatus>1</ItemStatus>
      <ItemId>226659</ItemId>
    </Item>
    <Item>
      <PriceUpdateDate>2015-01-01 00:00:00</PriceUpdateDate>
      <ItemCode>9069648</ItemCode>
      <ItemType>0</ItemType>
      <ItemName>אורז עגול במשקל</ItemName>
      <ManufacturerName>,</ManufacturerName>
      <ManufactureCountry>לא ידוע</ManufactureCountry>
      <ManufacturerItemDescription>אורז עגול במשקל</ManufacturerItemDescription>
      <UnitQty>קילוגרמים</UnitQty>
      <Quantity>1.00</Quantity>
      <UnitOfMeasure>ק"ג</UnitOfMeasure>
      <bIsWeighted>1</bIsWeighted>
      <QtyInPackage>לא ידוע</QtyInPackage>
      <ItemPrice>12.00</ItemPrice>
      <UnitOfMeasurePrice>12.0000</UnitOfMeasurePrice>
      <AllowDiscount>1</AllowDiscount>
      <ItemStatus>1</ItemStatus>
      <ItemId>226663</ItemId>
    </Item>
    <Item>
      <PriceUpdateDate>2015-01-01 00:00:00</PriceUpdateDate>
      <ItemCode>9069662</ItemCode>
      <ItemType>0</ItemType>
      <ItemName>בורגול במשקל</ItemName>
      <ManufacturerName>,</ManufacturerName>
      <ManufactureCountry>לא ידוע</ManufactureCountry>
      <ManufacturerItemDescription>בורגול במשקל</ManufacturerItemDescription>
      <UnitQty>קילוגרמים</UnitQty>
      <Quantity>1.00</Quantity>
      <UnitOfMeasure>ק"ג</UnitOfMeasure>
      <bIsWeighted>1</bIsWeighted>
      <QtyInPackage>לא ידוע</QtyInPackage>
      <ItemPrice>9.00</ItemPrice>
      <UnitOfMeasurePrice>9.0000</UnitOfMeasurePrice>
      <AllowDiscount>1</AllowDiscount>
      <ItemStatus>1</ItemStatus>
      <ItemId>226665</ItemId>
    </Item>
    <Item>
      <PriceUpdateDate>2015-01-01 00:00:00</PriceUpdateDate>
      <ItemCode>9069693</ItemCode>
      <ItemType>0</ItemType>
      <ItemName>חומוס במשקל</ItemName>
      <ManufacturerName>,</ManufacturerName>
      <ManufactureCountry>לא ידוע</ManufactureCountry>
      <ManufacturerItemDescription>חומוס במשקל</ManufacturerItemDescription>
      <UnitQty>קילוגרמים</UnitQty>
      <Quantity>1.00</Quantity>
      <UnitOfMeasure>ק"ג</UnitOfMeasure>
      <bIsWeighted>1</bIsWeighted>
      <QtyInPackage>לא ידוע</QtyInPackage>
      <ItemPrice>11.00</ItemPrice>
      <UnitOfMeasurePrice>11.0000</UnitOfMeasurePrice>
      <AllowDiscount>1</AllowDiscount>
      <ItemStatus>1</ItemStatus>
      <ItemId>226668</ItemId>
    </Item>
    <Item>
      <PriceUpdateDate>2015-01-01 00:00:00</PriceUpdateDate>
      <ItemCode>9069709</ItemCode>
      <ItemType>0</ItemType>
      <ItemName>חומוס ספרדי במשקל</ItemName>
      <ManufacturerName>,</ManufacturerName>
      <ManufactureCountry>לא ידוע</ManufactureCountry>
      <ManufacturerItemDescription>חומוס ספרדי במשקל</ManufacturerItemDescription>
      <UnitQty>קילוגרמים</UnitQty>
      <Quantity>1.00</Quantity>
      <UnitOfMeasure>ק"ג</UnitOfMeasure>
      <bIsWeighted>1</bIsWeighted>
      <QtyInPackage>לא ידוע</QtyInPackage>
      <ItemPrice>15.00</ItemPrice>
      <UnitOfMeasurePrice>15.0000</UnitOfMeasurePrice>
      <AllowDiscount>1</AllowDiscount>
      <ItemStatus>1</ItemStatus>
      <ItemId>226669</ItemId>
    </Item>
    <Item>
      <PriceUpdateDate>2015-01-01 00:00:00</PriceUpdateDate>
      <ItemCode>9069761</ItemCode>
      <ItemType>0</ItemType>
      <ItemName>עדשים אדומים במשקל</ItemName>
      <ManufacturerName>,</ManufacturerName>
      <ManufactureCountry>לא ידוע</ManufactureCountry>
      <ManufacturerItemDescription>עדשים אדומים במשקל</ManufacturerItemDescription>
      <UnitQty>קילוגרמים</UnitQty>
      <Quantity>1.00</Quantity>
      <UnitOfMeasure>ק"ג</UnitOfMeasure>
      <bIsWeighted>1</bIsWeighted>
      <QtyInPackage>לא ידוע</QtyInPackage>
      <ItemPrice>11.00</ItemPrice>
      <UnitOfMeasurePrice>11.0000</UnitOfMeasurePrice>
      <AllowDiscount>1</AllowDiscount>
      <ItemStatus>1</ItemStatus>
      <ItemId>226672</ItemId>
    </Item>
    <Item>
      <PriceUpdateDate>2015-01-01 00:00:00</PriceUpdateDate>
      <ItemCode>9069822</ItemCode>
      <ItemType>0</ItemType>
      <ItemName>פרג במשקל</ItemName>
      <ManufacturerName>,</ManufacturerName>
      <ManufactureCountry>לא ידוע</ManufactureCountry>
      <ManufacturerItemDescription>פרג במשקל</ManufacturerItemDescription>
      <UnitQty>קילוגרמים</UnitQty>
      <Quantity>1.00</Quantity>
      <UnitOfMeasure>ק"ג</UnitOfMeasure>
      <bIsWeighted>1</bIsWeighted>
      <QtyInPackage>לא ידוע</QtyInPackage>
      <ItemPrice>35.00</ItemPrice>
      <UnitOfMeasurePrice>35.0000</UnitOfMeasurePrice>
      <AllowDiscount>1</AllowDiscount>
      <ItemStatus>1</ItemStatus>
      <ItemId>226677</ItemId>
    </Item>
    <Item>
      <PriceUpdateDate>2015-01-01 00:00:00</PriceUpdateDate>
      <ItemCode>9069884</ItemCode>
      <ItemType>0</ItemType>
      <ItemName>שעועית ארגנטינה במשק</ItemName>
      <ManufacturerName>,</ManufacturerName>
      <ManufactureCountry>לא ידוע</ManufactureCountry>
      <ManufacturerItemDescription>שעועית ארגנטינה במשקל</ManufacturerItemDescription>
      <UnitQty>קילוגרמים</UnitQty>
      <Quantity>1.00</Quantity>
      <UnitOfMeasure>ק"ג</UnitOfMeasure>
      <bIsWeighted>1</bIsWeighted>
      <QtyInPackage>לא ידוע</QtyInPackage>
      <ItemPrice>17.00</ItemPrice>
      <UnitOfMeasurePrice>17.0000</UnitOfMeasurePrice>
      <AllowDiscount>1</AllowDiscount>
      <ItemStatus>1</ItemStatus>
      <ItemId>226681</ItemId>
    </Item>
    <Item>
      <PriceUpdateDate>2016-06-08 11:49:16</PriceUpdateDate>
      <ItemCode>5014271350424</ItemCode>
      <ItemType>0</ItemType>
      <ItemName>מעדן  פירות סאנדלפור</ItemName>
      <ManufacturerName>סאנטדלפור</ManufacturerName>
      <ManufactureCountry>לא ידוע</ManufactureCountry>
      <ManufacturerItemDescription>מעדן  פירות סאנדלפור 284 גרם</ManufacturerItemDescription>
      <UnitQty>גרמים</UnitQty>
      <Quantity>284.00</Quantity>
      <UnitOfMeasure>100 גרם</UnitOfMeasure>
      <bIsWeighted>0</bIsWeighted>
      <QtyInPackage>1</QtyInPackage>
      <ItemPrice>18.90</ItemPrice>
      <UnitOfMeasurePrice>6.6549</UnitOfMeasurePrice>
      <AllowDiscount>1</AllowDiscount>
      <ItemStatus>1</ItemStatus>
      <ItemId>226693</ItemId>
    </Item>
    <Item>
      <PriceUpdateDate>2016-06-08 11:49:17</PriceUpdateDate>
      <ItemCode>5014271310428</ItemCode>
      <ItemType>0</ItemType>
      <ItemName>מעדן דובדבנים שחורים</ItemName>
      <ManufacturerName>סאנטדלפור</ManufacturerName>
      <ManufactureCountry>לא ידוע</ManufactureCountry>
      <ManufacturerItemDescription>מעדן דובדבנים שחורים סאנדפלור 284 גרם</ManufacturerItemDescription>
      <UnitQty>גרמים</UnitQty>
      <Quantity>284.00</Quantity>
      <UnitOfMeasure>100 גרם</UnitOfMeasure>
      <bIsWeighted>0</bIsWeighted>
      <QtyInPackage>1</QtyInPackage>
      <ItemPrice>18.90</ItemPrice>
      <UnitOfMeasurePrice>6.6549</UnitOfMeasurePrice>
      <AllowDiscount>1</AllowDiscount>
      <ItemStatus>1</ItemStatus>
      <ItemId>226694</ItemId>
    </Item>
    <Item>
      <PriceUpdateDate>2016-06-08 11:49:17</PriceUpdateDate>
      <ItemCode>5014271390420</ItemCode>
      <ItemType>0</ItemType>
      <ItemName>מעדן פטל סאנדלפור 28</ItemName>
      <ManufacturerName>סאנטדלפור</ManufacturerName>
      <ManufactureCountry>לא ידוע</ManufactureCountry>
      <ManufacturerItemDescription>מעדן פטל סאנדלפור 284 גרם</ManufacturerItemDescription>
      <UnitQty>גרמים</UnitQty>
      <Quantity>284.00</Quantity>
      <UnitOfMeasure>100 גרם</UnitOfMeasure>
      <bIsWeighted>0</bIsWeighted>
      <QtyInPackage>1</QtyInPackage>
      <ItemPrice>18.90</ItemPrice>
      <UnitOfMeasurePrice>6.6549</UnitOfMeasurePrice>
      <AllowDiscount>1</AllowDiscount>
      <ItemStatus>1</ItemStatus>
      <ItemId>226695</ItemId>
    </Item>
    <Item>
      <PriceUpdateDate>2016-06-08 11:49:17</PriceUpdateDate>
      <ItemCode>5014271400426</ItemCode>
      <ItemType>0</ItemType>
      <ItemName>מעדן תות שדה סאנדלפו</ItemName>
      <ManufacturerName>סאנטדלפור</ManufacturerName>
      <ManufactureCountry>לא ידוע</ManufactureCountry>
      <ManufacturerItemDescription>מעדן תות שדה סאנדלפור 284 גרם</ManufacturerItemDescription>
      <UnitQty>גרמים</UnitQty>
      <Quantity>284.00</Quantity>
      <UnitOfMeasure>100 גרם</UnitOfMeasure>
      <bIsWeighted>0</bIsWeighted>
      <QtyInPackage>1</QtyInPackage>
      <ItemPrice>18.90</ItemPrice>
      <UnitOfMeasurePrice>6.6549</UnitOfMeasurePrice>
      <AllowDiscount>1</AllowDiscount>
      <ItemStatus>1</ItemStatus>
      <ItemId>226696</ItemId>
    </Item>
    <Item>
      <PriceUpdateDate>2015-01-01 00:00:00</PriceUpdateDate>
      <ItemCode>9069440</ItemCode>
      <ItemType>0</ItemType>
      <ItemName>בננה ציפס במשקל</ItemName>
      <ManufacturerName>,</ManufacturerName>
      <ManufactureCountry>לא ידוע</ManufactureCountry>
      <ManufacturerItemDescription>בננה ציפס במשקל</ManufacturerItemDescription>
      <UnitQty>קילוגרמים</UnitQty>
      <Quantity>1.00</Quantity>
      <UnitOfMeasure>ק"ג</UnitOfMeasure>
      <bIsWeighted>1</bIsWeighted>
      <QtyInPackage>לא ידוע</QtyInPackage>
      <ItemPrice>33.00</ItemPrice>
      <UnitOfMeasurePrice>33.0000</UnitOfMeasurePrice>
      <AllowDiscount>1</AllowDiscount>
      <ItemStatus>1</ItemStatus>
      <ItemId>226702</ItemId>
    </Item>
    <Item>
      <PriceUpdateDate>2016-03-08 08:33:10</PriceUpdateDate>
      <ItemCode>9951431</ItemCode>
      <ItemType>0</ItemType>
      <ItemName>פירות טרופיים במשקל</ItemName>
      <ManufacturerName>,</ManufacturerName>
      <ManufactureCountry>לא ידוע</ManufactureCountry>
      <ManufacturerItemDescription>פירות טרופיים במשקל</ManufacturerItemDescription>
      <UnitQty>קילוגרמים</UnitQty>
      <Quantity>1.00</Quantity>
      <UnitOfMeasure>ק"ג</UnitOfMeasure>
      <bIsWeighted>1</bIsWeighted>
      <QtyInPackage>לא ידוע</QtyInPackage>
      <ItemPrice>80.00</ItemPrice>
      <UnitOfMeasurePrice>80.0000</UnitOfMeasurePrice>
      <AllowDiscount>1</AllowDiscount>
      <ItemStatus>1</ItemStatus>
      <ItemId>226704</ItemId>
    </Item>
    <Item>
      <PriceUpdateDate>2015-08-25 10:40:18</PriceUpdateDate>
      <ItemCode>976471</ItemCode>
      <ItemType>0</ItemType>
      <ItemName>גרעין דלעת מקולפת במ</ItemName>
      <ManufacturerName>דין שיווק</ManufacturerName>
      <ManufactureCountry>ישראל</ManufactureCountry>
      <ManufacturerItemDescription>גרעין דלעת מקולפת במשקל</ManufacturerItemDescription>
      <UnitQty>קילוגרמים</UnitQty>
      <Quantity>1.00</Quantity>
      <UnitOfMeasure>ק"ג</UnitOfMeasure>
      <bIsWeighted>1</bIsWeighted>
      <QtyInPackage>1</QtyInPackage>
      <ItemPrice>55.00</ItemPrice>
      <UnitOfMeasurePrice>55.0000</UnitOfMeasurePrice>
      <AllowDiscount>1</AllowDiscount>
      <ItemStatus>1</ItemStatus>
      <ItemId>226705</ItemId>
    </Item>
    <Item>
      <PriceUpdateDate>2015-01-01 00:00:00</PriceUpdateDate>
      <ItemCode>989686</ItemCode>
      <ItemType>0</ItemType>
      <ItemName>אגוז טחון במשקל</ItemName>
      <ManufacturerName>דין שיווק</ManufacturerName>
      <ManufactureCountry>ישראל</ManufactureCountry>
      <ManufacturerItemDescription>אגוז טחון במשקל</ManufacturerItemDescription>
      <UnitQty>קילוגרמים</UnitQty>
      <Quantity>1.00</Quantity>
      <UnitOfMeasure>ק"ג</UnitOfMeasure>
      <bIsWeighted>1</bIsWeighted>
      <QtyInPackage>1</QtyInPackage>
      <ItemPrice>90.00</ItemPrice>
      <UnitOfMeasurePrice>90.0000</UnitOfMeasurePrice>
      <AllowDiscount>1</AllowDiscount>
      <ItemStatus>1</ItemStatus>
      <ItemId>226706</ItemId>
    </Item>
    <Item>
      <PriceUpdateDate>2015-01-01 00:00:00</PriceUpdateDate>
      <ItemCode>6009684861000</ItemCode>
      <ItemType>0</ItemType>
      <ItemName>חטיף דגנים בטעם דבש</ItemName>
      <ManufacturerName>,</ManufacturerName>
      <ManufactureCountry>לא ידוע</ManufactureCountry>
      <ManufacturerItemDescription>חטיף דגנים בטעם דבש עם בוטנים 5 יח</ManufacturerItemDescription>
      <UnitQty>גרמים</UnitQty>
      <Quantity>125.00</Quantity>
      <UnitOfMeasure>100 גרם</UnitOfMeasure>
      <bIsWeighted>0</bIsWeighted>
      <QtyInPackage>1</QtyInPackage>
      <ItemPrice>9.90</ItemPrice>
      <UnitOfMeasurePrice>7.9200</UnitOfMeasurePrice>
      <AllowDiscount>1</AllowDiscount>
      <ItemStatus>1</ItemStatus>
      <ItemId>226709</ItemId>
    </Item>
    <Item>
      <PriceUpdateDate>2015-01-01 00:00:00</PriceUpdateDate>
      <ItemCode>6009684860973</ItemCode>
      <ItemType>0</ItemType>
      <ItemName>חטיף דגנים עם קרמל 5</ItemName>
      <ManufacturerName>,</ManufacturerName>
      <ManufactureCountry>לא ידוע</ManufactureCountry>
      <ManufacturerItemDescription>חטיף דגנים עם קרמל 5 יח</ManufacturerItemDescription>
      <UnitQty>גרמים</UnitQty>
      <Quantity>125.00</Quantity>
      <UnitOfMeasure>100 גרם</UnitOfMeasure>
      <bIsWeighted>0</bIsWeighted>
      <QtyInPackage>1</QtyInPackage>
      <ItemPrice>9.90</ItemPrice>
      <UnitOfMeasurePrice>7.9200</UnitOfMeasurePrice>
      <AllowDiscount>1</AllowDiscount>
      <ItemStatus>1</ItemStatus>
      <ItemId>226711</ItemId>
    </Item>
    <Item>
      <PriceUpdateDate>2015-01-01 00:00:00</PriceUpdateDate>
      <ItemCode>6009684860997</ItemCode>
      <ItemType>0</ItemType>
      <ItemName>חטיף דגנים תפוחי עץ</ItemName>
      <ManufacturerName>,</ManufacturerName>
      <ManufactureCountry>לא ידוע</ManufactureCountry>
      <ManufacturerItemDescription>חטיף דגנים תפוחי עץ וחמוציות 5 יח</ManufacturerItemDescription>
      <UnitQty>גרמים</UnitQty>
      <Quantity>125.00</Quantity>
      <UnitOfMeasure>100 גרם</UnitOfMeasure>
      <bIsWeighted>0</bIsWeighted>
      <QtyInPackage>1</QtyInPackage>
      <ItemPrice>9.90</ItemPrice>
      <UnitOfMeasurePrice>7.9200</UnitOfMeasurePrice>
      <AllowDiscount>1</AllowDiscount>
      <ItemStatus>1</ItemStatus>
      <ItemId>226712</ItemId>
    </Item>
    <Item>
      <PriceUpdateDate>2015-01-01 00:00:00</PriceUpdateDate>
      <ItemCode>7290012309892</ItemCode>
      <ItemType>0</ItemType>
      <ItemName>חלבה וניל 500 גרם</ItemName>
      <ManufacturerName>,</ManufacturerName>
      <ManufactureCountry>לא ידוע</ManufactureCountry>
      <ManufacturerItemDescription>חלבה וניל 500 גרם</ManufacturerItemDescription>
      <UnitQty>גרמים</UnitQty>
      <Quantity>500.00</Quantity>
      <UnitOfMeasure>100 גרם</UnitOfMeasure>
      <bIsWeighted>0</bIsWeighted>
      <QtyInPackage>1</QtyInPackage>
      <ItemPrice>12.90</ItemPrice>
      <UnitOfMeasurePrice>2.5800</UnitOfMeasurePrice>
      <AllowDiscount>1</AllowDiscount>
      <ItemStatus>1</ItemStatus>
      <ItemId>226714</ItemId>
    </Item>
    <Item>
      <PriceUpdateDate>2015-01-01 00:00:00</PriceUpdateDate>
      <ItemCode>7290012309939</ItemCode>
      <ItemType>0</ItemType>
      <ItemName>חלבה מסולסלת 500 גרם</ItemName>
      <ManufacturerName>,</ManufacturerName>
      <ManufactureCountry>לא ידוע</ManufactureCountry>
      <ManufacturerItemDescription>חלבה מסולסלת 500 גרם</ManufacturerItemDescription>
      <UnitQty>גרמים</UnitQty>
      <Quantity>500.00</Quantity>
      <UnitOfMeasure>100 גרם</UnitOfMeasure>
      <bIsWeighted>0</bIsWeighted>
      <QtyInPackage>1</QtyInPackage>
      <ItemPrice>12.90</ItemPrice>
      <UnitOfMeasurePrice>2.5800</UnitOfMeasurePrice>
      <AllowDiscount>1</AllowDiscount>
      <ItemStatus>1</ItemStatus>
      <ItemId>226716</ItemId>
    </Item>
    <Item>
      <PriceUpdateDate>2015-01-01 00:00:00</PriceUpdateDate>
      <ItemCode>7290012309885</ItemCode>
      <ItemType>0</ItemType>
      <ItemName>חלבה שוקו וניל 500 ג</ItemName>
      <ManufacturerName>,</ManufacturerName>
      <ManufactureCountry>לא ידוע</ManufactureCountry>
      <ManufacturerItemDescription>חלבה שוקו וניל 500 גרם</ManufacturerItemDescription>
      <UnitQty>גרמים</UnitQty>
      <Quantity>500.00</Quantity>
      <UnitOfMeasure>100 גרם</UnitOfMeasure>
      <bIsWeighted>0</bIsWeighted>
      <QtyInPackage>1</QtyInPackage>
      <ItemPrice>12.90</ItemPrice>
      <UnitOfMeasurePrice>2.5800</UnitOfMeasurePrice>
      <AllowDiscount>1</AllowDiscount>
      <ItemStatus>1</ItemStatus>
      <ItemId>226720</ItemId>
    </Item>
    <Item>
      <PriceUpdateDate>2015-01-01 00:00:00</PriceUpdateDate>
      <ItemCode>7290012309311</ItemCode>
      <ItemType>0</ItemType>
      <ItemName>ערמונים קלופים שלמים</ItemName>
      <ManufacturerName>,</ManufacturerName>
      <ManufactureCountry>לא ידוע</ManufactureCountry>
      <ManufacturerItemDescription>ערמונים קלופים שלמים 100 גרם</ManufacturerItemDescription>
      <UnitQty>גרמים</UnitQty>
      <Quantity>100.00</Quantity>
      <UnitOfMeasure>100 גרם</UnitOfMeasure>
      <bIsWeighted>0</bIsWeighted>
      <QtyInPackage>1</QtyInPackage>
      <ItemPrice>4.90</ItemPrice>
      <UnitOfMeasurePrice>4.9000</UnitOfMeasurePrice>
      <AllowDiscount>1</AllowDiscount>
      <ItemStatus>1</ItemStatus>
      <ItemId>226722</ItemId>
    </Item>
    <Item>
      <PriceUpdateDate>2016-04-07 10:27:42</PriceUpdateDate>
      <ItemCode>3778034</ItemCode>
      <ItemType>0</ItemType>
      <ItemName>תמר כבוש 500 גרם</ItemName>
      <ManufacturerName>,</ManufacturerName>
      <ManufactureCountry>לא ידוע</ManufactureCountry>
      <ManufacturerItemDescription>תמר כבוש 500 גרם</ManufacturerItemDescription>
      <UnitQty>גרמים</UnitQty>
      <Quantity>500.00</Quantity>
      <UnitOfMeasure>100 גרם</UnitOfMeasure>
      <bIsWeighted>0</bIsWeighted>
      <QtyInPackage>1</QtyInPackage>
      <ItemPrice>11.90</ItemPrice>
      <UnitOfMeasurePrice>2.3800</UnitOfMeasurePrice>
      <AllowDiscount>1</AllowDiscount>
      <ItemStatus>1</ItemStatus>
      <ItemId>226724</ItemId>
    </Item>
    <Item>
      <PriceUpdateDate>2015-01-01 00:00:00</PriceUpdateDate>
      <ItemCode>2703068</ItemCode>
      <ItemType>0</ItemType>
      <ItemName>דבש 1 ק"ג</ItemName>
      <ManufacturerName>,</ManufacturerName>
      <ManufactureCountry>לא ידוע</ManufactureCountry>
      <ManufacturerItemDescription>דבש 1 ק"ג</ManufacturerItemDescription>
      <UnitQty>קילוגרמים</UnitQty>
      <Quantity>1.00</Quantity>
      <UnitOfMeasure>ק"ג     </UnitOfMeasure>
      <bIsWeighted>0</bIsWeighted>
      <QtyInPackage>1</QtyInPackage>
      <ItemPrice>35.90</ItemPrice>
      <UnitOfMeasurePrice>35.9000</UnitOfMeasurePrice>
      <AllowDiscount>1</AllowDiscount>
      <ItemStatus>1</ItemStatus>
      <ItemId>226725</ItemId>
    </Item>
    <Item>
      <PriceUpdateDate>2015-01-01 00:00:00</PriceUpdateDate>
      <ItemCode>2703358</ItemCode>
      <ItemType>0</ItemType>
      <ItemName>דבש 350 גרם</ItemName>
      <ManufacturerName>,</ManufacturerName>
      <ManufactureCountry>לא ידוע</ManufactureCountry>
      <ManufacturerItemDescription>דבש 350 גרם</ManufacturerItemDescription>
      <UnitQty>גרמים</UnitQty>
      <Quantity>350.00</Quantity>
      <UnitOfMeasure>100 גרם</UnitOfMeasure>
      <bIsWeighted>0</bIsWeighted>
      <QtyInPackage>1</QtyInPackage>
      <ItemPrice>15.90</ItemPrice>
      <UnitOfMeasurePrice>4.5429</UnitOfMeasurePrice>
      <AllowDiscount>1</AllowDiscount>
      <ItemStatus>1</ItemStatus>
      <ItemId>226726</ItemId>
    </Item>
    <Item>
      <PriceUpdateDate>2015-01-01 00:00:00</PriceUpdateDate>
      <ItemCode>7290011877156</ItemCode>
      <ItemType>0</ItemType>
      <ItemName>סנופרש ענק מאסק 375</ItemName>
      <ManufacturerName>סנו</ManufacturerName>
      <ManufactureCountry>לא ידוע</ManufactureCountry>
      <ManufacturerItemDescription>סנופרש ענק מאסק 375 גרם</ManufacturerItemDescription>
      <UnitQty>מיליליטרים</UnitQty>
      <Quantity>375.00</Quantity>
      <UnitOfMeasure>100 מ"ל</UnitOfMeasure>
      <bIsWeighted>0</bIsWeighted>
      <QtyInPackage>1</QtyInPackage>
      <ItemPrice>9.90</ItemPrice>
      <UnitOfMeasurePrice>2.6400</UnitOfMeasurePrice>
      <AllowDiscount>1</AllowDiscount>
      <ItemStatus>1</ItemStatus>
      <ItemId>226736</ItemId>
    </Item>
    <Item>
      <PriceUpdateDate>2015-01-01 00:00:00</PriceUpdateDate>
      <ItemCode>1791776</ItemCode>
      <ItemType>0</ItemType>
      <ItemName>סנו די + אלוורה רולא</ItemName>
      <ManufacturerName>קוסמופארם</ManufacturerName>
      <ManufactureCountry>לא ידוע</ManufactureCountry>
      <ManufacturerItemDescription>סנו די + אלוורה רולאון</ManufacturerItemDescription>
      <UnitQty>מיליליטרים</UnitQty>
      <Quantity>50.00</Quantity>
      <UnitOfMeasure>100 מ"ל</UnitOfMeasure>
      <bIsWeighted>0</bIsWeighted>
      <QtyInPackage>1</QtyInPackage>
      <ItemPrice>20.90</ItemPrice>
      <UnitOfMeasurePrice>41.8000</UnitOfMeasurePrice>
      <AllowDiscount>1</AllowDiscount>
      <ItemStatus>1</ItemStatus>
      <ItemId>226741</ItemId>
    </Item>
    <Item>
      <PriceUpdateDate>2015-01-01 00:00:00</PriceUpdateDate>
      <ItemCode>7290012116551</ItemCode>
      <ItemType>0</ItemType>
      <ItemName>אנטי קאלק 4 ב- 1 2 ל</ItemName>
      <ManufacturerName>סנו</ManufacturerName>
      <ManufactureCountry>לא ידוע</ManufactureCountry>
      <ManufacturerItemDescription>אנטי קאלק 2 ח 4 ב- 1</ManufacturerItemDescription>
      <UnitQty>ליטרים</UnitQty>
      <Quantity>2.00</Quantity>
      <UnitOfMeasure>ליטר    </UnitOfMeasure>
      <bIsWeighted>0</bIsWeighted>
      <QtyInPackage>1</QtyInPackage>
      <ItemPrice>14.90</ItemPrice>
      <UnitOfMeasurePrice>7.4500</UnitOfMeasurePrice>
      <AllowDiscount>1</AllowDiscount>
      <ItemStatus>1</ItemStatus>
      <ItemId>226744</ItemId>
    </Item>
    <Item>
      <PriceUpdateDate>2015-01-01 00:00:00</PriceUpdateDate>
      <ItemCode>7290012116360</ItemCode>
      <ItemType>0</ItemType>
      <ItemName>פוליויקס גרניט פורצל</ItemName>
      <ManufacturerName>סנו</ManufacturerName>
      <ManufactureCountry>לא ידוע</ManufactureCountry>
      <ManufacturerItemDescription>פוליויקס גרניט פורצלן 2 ליטר</ManufacturerItemDescription>
      <UnitQty>ליטרים</UnitQty>
      <Quantity>2.00</Quantity>
      <UnitOfMeasure>ליטר    </UnitOfMeasure>
      <bIsWeighted>0</bIsWeighted>
      <QtyInPackage>1</QtyInPackage>
      <ItemPrice>23.90</ItemPrice>
      <UnitOfMeasurePrice>11.9500</UnitOfMeasurePrice>
      <AllowDiscount>1</AllowDiscount>
      <ItemStatus>1</ItemStatus>
      <ItemId>226746</ItemId>
    </Item>
    <Item>
      <PriceUpdateDate>2015-01-01 00:00:00</PriceUpdateDate>
      <ItemCode>7290012116193</ItemCode>
      <ItemType>0</ItemType>
      <ItemName>סבון אסלה סנובון סגו</ItemName>
      <ManufacturerName>סנו</ManufacturerName>
      <ManufactureCountry>לא ידוע</ManufactureCountry>
      <ManufacturerItemDescription>סבון אסלה סנובון סגול לבנדר 3*55 גרם</ManufacturerItemDescription>
      <UnitQty>גרמים</UnitQty>
      <Quantity>165.00</Quantity>
      <UnitOfMeasure>100 גרם</UnitOfMeasure>
      <bIsWeighted>0</bIsWeighted>
      <QtyInPackage>1</QtyInPackage>
      <ItemPrice>10.90</ItemPrice>
      <UnitOfMeasurePrice>6.6061</UnitOfMeasurePrice>
      <AllowDiscount>1</AllowDiscount>
      <ItemStatus>1</ItemStatus>
      <ItemId>226752</ItemId>
    </Item>
    <Item>
      <PriceUpdateDate>2015-09-20 12:57:36</PriceUpdateDate>
      <ItemCode>7290012117275</ItemCode>
      <ItemType>0</ItemType>
      <ItemName>סנוקליר מילוי 750 מ"</ItemName>
      <ManufacturerName>סנו</ManufacturerName>
      <ManufactureCountry>לא ידוע</ManufactureCountry>
      <ManufacturerItemDescription>סנוקליר מילוי 750 מ"ל</ManufacturerItemDescription>
      <UnitQty>מיליליטרים</UnitQty>
      <Quantity>750.00</Quantity>
      <UnitOfMeasure>100 מ"ל</UnitOfMeasure>
      <bIsWeighted>0</bIsWeighted>
      <QtyInPackage>1</QtyInPackage>
      <ItemPrice>7.90</ItemPrice>
      <UnitOfMeasurePrice>1.0533</UnitOfMeasurePrice>
      <AllowDiscount>1</AllowDiscount>
      <ItemStatus>1</ItemStatus>
      <ItemId>226754</ItemId>
    </Item>
    <Item>
      <PriceUpdateDate>2015-01-01 00:00:00</PriceUpdateDate>
      <ItemCode>7290012117039</ItemCode>
      <ItemType>0</ItemType>
      <ItemName>ניקוי אמבטיות 00 1 ל</ItemName>
      <ManufacturerName>סנו</ManufacturerName>
      <ManufactureCountry>לא ידוע</ManufactureCountry>
      <ManufacturerItemDescription>ניקוי אמבטיות 00 1 ליטר</ManufacturerItemDescription>
      <UnitQty>ליטרים</UnitQty>
      <Quantity>1.00</Quantity>
      <UnitOfMeasure>ליטר    </UnitOfMeasure>
      <bIsWeighted>0</bIsWeighted>
      <QtyInPackage>1</QtyInPackage>
      <ItemPrice>7.90</ItemPrice>
      <UnitOfMeasurePrice>7.9000</UnitOfMeasurePrice>
      <AllowDiscount>1</AllowDiscount>
      <ItemStatus>1</ItemStatus>
      <ItemId>226757</ItemId>
    </Item>
    <Item>
      <PriceUpdateDate>2015-01-01 00:00:00</PriceUpdateDate>
      <ItemCode>7290011877859</ItemCode>
      <ItemType>0</ItemType>
      <ItemName>סנו אינסטלטור</ItemName>
      <ManufacturerName>סנו</ManufacturerName>
      <ManufactureCountry>לא ידוע</ManufactureCountry>
      <ManufacturerItemDescription>סנו אינסטלטור</ManufacturerItemDescription>
      <UnitQty>מיליליטרים</UnitQty>
      <Quantity>200.00</Quantity>
      <UnitOfMeasure>100 מ"ל</UnitOfMeasure>
      <bIsWeighted>0</bIsWeighted>
      <QtyInPackage>1</QtyInPackage>
      <ItemPrice>13.40</ItemPrice>
      <UnitOfMeasurePrice>6.7000</UnitOfMeasurePrice>
      <AllowDiscount>1</AllowDiscount>
      <ItemStatus>1</ItemStatus>
      <ItemId>226758</ItemId>
    </Item>
    <Item>
      <PriceUpdateDate>2015-01-01 00:00:00</PriceUpdateDate>
      <ItemCode>286921</ItemCode>
      <ItemType>0</ItemType>
      <ItemName>סנוקל רסס וכבס</ItemName>
      <ManufacturerName>סנו</ManufacturerName>
      <ManufactureCountry>לא ידוע</ManufactureCountry>
      <ManufacturerItemDescription>סנוקל רסס וכבס</ManufacturerItemDescription>
      <UnitQty>מיליליטרים</UnitQty>
      <Quantity>600.00</Quantity>
      <UnitOfMeasure>100 מ"ל</UnitOfMeasure>
      <bIsWeighted>0</bIsWeighted>
      <QtyInPackage>1</QtyInPackage>
      <ItemPrice>9.90</ItemPrice>
      <UnitOfMeasurePrice>1.6500</UnitOfMeasurePrice>
      <AllowDiscount>1</AllowDiscount>
      <ItemStatus>1</ItemStatus>
      <ItemId>226759</ItemId>
    </Item>
    <Item>
      <PriceUpdateDate>2015-01-01 00:00:00</PriceUpdateDate>
      <ItemCode>7290011877866</ItemCode>
      <ItemType>0</ItemType>
      <ItemName>אבקת כביסה מקסימה מא</ItemName>
      <ManufacturerName>סנו</ManufacturerName>
      <ManufactureCountry>לא ידוע</ManufactureCountry>
      <ManufacturerItemDescription>א.כביסה מקסימה מאסק 6 ק"ג</ManufacturerItemDescription>
      <UnitQty>קילוגרמים</UnitQty>
      <Quantity>6.00</Quantity>
      <UnitOfMeasure>ק"ג     </UnitOfMeasure>
      <bIsWeighted>0</bIsWeighted>
      <QtyInPackage>1</QtyInPackage>
      <ItemPrice>36.90</ItemPrice>
      <UnitOfMeasurePrice>6.1500</UnitOfMeasurePrice>
      <AllowDiscount>1</AllowDiscount>
      <ItemStatus>1</ItemStatus>
      <ItemId>226763</ItemId>
    </Item>
    <Item>
      <PriceUpdateDate>2015-01-01 00:00:00</PriceUpdateDate>
      <ItemCode>7290012117091</ItemCode>
      <ItemType>0</ItemType>
      <ItemName>אבקת כביסה מקסימה סנ</ItemName>
      <ManufacturerName>סנו</ManufacturerName>
      <ManufactureCountry>לא ידוע</ManufactureCountry>
      <ManufacturerItemDescription>א.כביסה מקסימה סנסטיב 6 ק"ג</ManufacturerItemDescription>
      <UnitQty>קילוגרמים</UnitQty>
      <Quantity>6.00</Quantity>
      <UnitOfMeasure>ק"ג     </UnitOfMeasure>
      <bIsWeighted>0</bIsWeighted>
      <QtyInPackage>1</QtyInPackage>
      <ItemPrice>36.90</ItemPrice>
      <UnitOfMeasurePrice>6.1500</UnitOfMeasurePrice>
      <AllowDiscount>1</AllowDiscount>
      <ItemStatus>1</ItemStatus>
      <ItemId>226764</ItemId>
    </Item>
    <Item>
      <PriceUpdateDate>2015-01-01 00:00:00</PriceUpdateDate>
      <ItemCode>7290012116841</ItemCode>
      <ItemType>0</ItemType>
      <ItemName>מברשת שיניים אינטרדנ</ItemName>
      <ManufacturerName>z h plastic</ManufacturerName>
      <ManufactureCountry>לא ידוע</ManufactureCountry>
      <ManufacturerItemDescription>מברשת שיניים אינטרדנטל</ManufacturerItemDescription>
      <UnitQty>Unknown </UnitQty>
      <Quantity>0.00</Quantity>
      <UnitOfMeasure>Unknown </UnitOfMeasure>
      <bIsWeighted>0</bIsWeighted>
      <QtyInPackage>1</QtyInPackage>
      <ItemPrice>9.90</ItemPrice>
      <UnitOfMeasurePrice>0.0000</UnitOfMeasurePrice>
      <AllowDiscount>1</AllowDiscount>
      <ItemStatus>1</ItemStatus>
      <ItemId>226776</ItemId>
    </Item>
    <Item>
      <PriceUpdateDate>2015-12-24 08:06:28</PriceUpdateDate>
      <ItemCode>7290012116612</ItemCode>
      <ItemType>0</ItemType>
      <ItemName>מברשת שיניים אורביטו</ItemName>
      <ManufacturerName>z h plastic</ManufacturerName>
      <ManufactureCountry>לא ידוע</ManufactureCountry>
      <ManufacturerItemDescription>מברשת שיניים אורביטול רביעיה</ManufacturerItemDescription>
      <UnitQty>Unknown </UnitQty>
      <Quantity>0.00</Quantity>
      <UnitOfMeasure>Unknown </UnitOfMeasure>
      <bIsWeighted>0</bIsWeighted>
      <QtyInPackage>1</QtyInPackage>
      <ItemPrice>7.90</ItemPrice>
      <UnitOfMeasurePrice>0.0000</UnitOfMeasurePrice>
      <AllowDiscount>1</AllowDiscount>
      <ItemStatus>1</ItemStatus>
      <ItemId>226779</ItemId>
    </Item>
    <Item>
      <PriceUpdateDate>2016-02-17 08:57:39</PriceUpdateDate>
      <ItemCode>7290011877910</ItemCode>
      <ItemType>0</ItemType>
      <ItemName>מי פה טריפל אקשן ורו</ItemName>
      <ManufacturerName>קוסמופארם</ManufacturerName>
      <ManufactureCountry>לא ידוע</ManufactureCountry>
      <ManufacturerItemDescription>מי פה טריפל אקשן ורוד 500 מ"ל</ManufacturerItemDescription>
      <UnitQty>מיליליטרים</UnitQty>
      <Quantity>500.00</Quantity>
      <UnitOfMeasure>100 מ"ל</UnitOfMeasure>
      <bIsWeighted>0</bIsWeighted>
      <QtyInPackage>1</QtyInPackage>
      <ItemPrice>17.90</ItemPrice>
      <UnitOfMeasurePrice>3.5800</UnitOfMeasurePrice>
      <AllowDiscount>1</AllowDiscount>
      <ItemStatus>1</ItemStatus>
      <ItemId>226781</ItemId>
    </Item>
    <Item>
      <PriceUpdateDate>2016-02-17 08:57:39</PriceUpdateDate>
      <ItemCode>7290011877927</ItemCode>
      <ItemType>0</ItemType>
      <ItemName>מי פה טריפל אקשן כחו</ItemName>
      <ManufacturerName>קוסמופארם</ManufacturerName>
      <ManufactureCountry>לא ידוע</ManufactureCountry>
      <ManufacturerItemDescription>מי פה טריפל אקשן כחול 500 מ"ל</ManufacturerItemDescription>
      <UnitQty>מיליליטרים</UnitQty>
      <Quantity>500.00</Quantity>
      <UnitOfMeasure>100 מ"ל</UnitOfMeasure>
      <bIsWeighted>0</bIsWeighted>
      <QtyInPackage>1</QtyInPackage>
      <ItemPrice>17.90</ItemPrice>
      <UnitOfMeasurePrice>3.5800</UnitOfMeasurePrice>
      <AllowDiscount>1</AllowDiscount>
      <ItemStatus>1</ItemStatus>
      <ItemId>226782</ItemId>
    </Item>
    <Item>
      <PriceUpdateDate>2015-07-29 08:12:37</PriceUpdateDate>
      <ItemCode>7290012116735</ItemCode>
      <ItemType>0</ItemType>
      <ItemName>נייר טואלט סופט גמבו</ItemName>
      <ManufacturerName>סנו</ManufacturerName>
      <ManufactureCountry>לא ידוע</ManufactureCountry>
      <ManufacturerItemDescription>נ. טואלט סופט גמבו 24 900 מטר</ManufacturerItemDescription>
      <UnitQty>מטרים</UnitQty>
      <Quantity>900.00</Quantity>
      <UnitOfMeasure>מטר</UnitOfMeasure>
      <bIsWeighted>0</bIsWeighted>
      <QtyInPackage>1</QtyInPackage>
      <ItemPrice>29.90</ItemPrice>
      <UnitOfMeasurePrice>0.0332</UnitOfMeasurePrice>
      <AllowDiscount>1</AllowDiscount>
      <ItemStatus>1</ItemStatus>
      <ItemId>226783</ItemId>
    </Item>
    <Item>
      <PriceUpdateDate>2015-01-01 00:00:00</PriceUpdateDate>
      <ItemCode>9069891</ItemCode>
      <ItemType>0</ItemType>
      <ItemName>שעועית לבנה קטנה במש</ItemName>
      <ManufacturerName>,</ManufacturerName>
      <ManufactureCountry>לא ידוע</ManufactureCountry>
      <ManufacturerItemDescription>שעועית לבנה קטנה במשקל</ManufacturerItemDescription>
      <UnitQty>קילוגרמים</UnitQty>
      <Quantity>1.00</Quantity>
      <UnitOfMeasure>ק"ג</UnitOfMeasure>
      <bIsWeighted>1</bIsWeighted>
      <QtyInPackage>לא ידוע</QtyInPackage>
      <ItemPrice>17.00</ItemPrice>
      <UnitOfMeasurePrice>17.0000</UnitOfMeasurePrice>
      <AllowDiscount>1</AllowDiscount>
      <ItemStatus>1</ItemStatus>
      <ItemId>226791</ItemId>
    </Item>
    <Item>
      <PriceUpdateDate>2015-01-01 00:00:00</PriceUpdateDate>
      <ItemCode>978574</ItemCode>
      <ItemType>0</ItemType>
      <ItemName>פרלינים במשקל</ItemName>
      <ManufacturerName>דין שיווק</ManufacturerName>
      <ManufactureCountry>איטליה</ManufactureCountry>
      <ManufacturerItemDescription>פרלינים במשקל</ManufacturerItemDescription>
      <UnitQty>קילוגרמים</UnitQty>
      <Quantity>1.00</Quantity>
      <UnitOfMeasure>ק"ג</UnitOfMeasure>
      <bIsWeighted>1</bIsWeighted>
      <QtyInPackage>1</QtyInPackage>
      <ItemPrice>75.00</ItemPrice>
      <UnitOfMeasurePrice>75.0000</UnitOfMeasurePrice>
      <AllowDiscount>1</AllowDiscount>
      <ItemStatus>1</ItemStatus>
      <ItemId>226794</ItemId>
    </Item>
    <Item>
      <PriceUpdateDate>2015-01-01 00:00:00</PriceUpdateDate>
      <ItemCode>989778</ItemCode>
      <ItemType>0</ItemType>
      <ItemName>חמוציות במשקל</ItemName>
      <ManufacturerName>דין שיווק</ManufacturerName>
      <ManufactureCountry>ישראל</ManufactureCountry>
      <ManufacturerItemDescription>חמוציות במשקל</ManufacturerItemDescription>
      <UnitQty>קילוגרמים</UnitQty>
      <Quantity>1.00</Quantity>
      <UnitOfMeasure>ק"ג</UnitOfMeasure>
      <bIsWeighted>1</bIsWeighted>
      <QtyInPackage>1</QtyInPackage>
      <ItemPrice>50.00</ItemPrice>
      <UnitOfMeasurePrice>50.0000</UnitOfMeasurePrice>
      <AllowDiscount>1</AllowDiscount>
      <ItemStatus>1</ItemStatus>
      <ItemId>226797</ItemId>
    </Item>
    <Item>
      <PriceUpdateDate>2015-01-01 00:00:00</PriceUpdateDate>
      <ItemCode>978307</ItemCode>
      <ItemType>0</ItemType>
      <ItemName>חמוציות ללא סוכר במש</ItemName>
      <ManufacturerName>,</ManufacturerName>
      <ManufactureCountry>לא ידוע</ManufactureCountry>
      <ManufacturerItemDescription>חמוציות ללא סוכר במשקל</ManufacturerItemDescription>
      <UnitQty>קילוגרמים</UnitQty>
      <Quantity>1.00</Quantity>
      <UnitOfMeasure>ק"ג</UnitOfMeasure>
      <bIsWeighted>1</bIsWeighted>
      <QtyInPackage>לא ידוע</QtyInPackage>
      <ItemPrice>69.00</ItemPrice>
      <UnitOfMeasurePrice>69.0000</UnitOfMeasurePrice>
      <AllowDiscount>1</AllowDiscount>
      <ItemStatus>1</ItemStatus>
      <ItemId>226801</ItemId>
    </Item>
    <Item>
      <PriceUpdateDate>2015-01-01 00:00:00</PriceUpdateDate>
      <ItemCode>446325</ItemCode>
      <ItemType>0</ItemType>
      <ItemName>תרכיז תפוח דובדבן טב</ItemName>
      <ManufacturerName>בטר אנד דיפרנט</ManufacturerName>
      <ManufactureCountry>לא ידוע</ManufactureCountry>
      <ManufacturerItemDescription>תרכיז תפוח דובדבן טבעי 1.2 ליטר</ManufacturerItemDescription>
      <UnitQty>ליטרים</UnitQty>
      <Quantity>1.20</Quantity>
      <UnitOfMeasure>ליטר    </UnitOfMeasure>
      <bIsWeighted>0</bIsWeighted>
      <QtyInPackage>1</QtyInPackage>
      <ItemPrice>31.90</ItemPrice>
      <UnitOfMeasurePrice>26.5833</UnitOfMeasurePrice>
      <AllowDiscount>1</AllowDiscount>
      <ItemStatus>1</ItemStatus>
      <ItemId>226806</ItemId>
    </Item>
    <Item>
      <PriceUpdateDate>2015-01-01 00:00:00</PriceUpdateDate>
      <ItemCode>8989954</ItemCode>
      <ItemType>0</ItemType>
      <ItemName>סירופ תפוז 1.2 ליטר</ItemName>
      <ManufacturerName>בטר אנד דיפרנט</ManufacturerName>
      <ManufactureCountry>לא ידוע</ManufactureCountry>
      <ManufacturerItemDescription>סירופ תפוז 1.2 ליטר</ManufacturerItemDescription>
      <UnitQty>ליטרים</UnitQty>
      <Quantity>1.20</Quantity>
      <UnitOfMeasure>ליטר    </UnitOfMeasure>
      <bIsWeighted>0</bIsWeighted>
      <QtyInPackage>1</QtyInPackage>
      <ItemPrice>19.90</ItemPrice>
      <UnitOfMeasurePrice>16.5833</UnitOfMeasurePrice>
      <AllowDiscount>1</AllowDiscount>
      <ItemStatus>1</ItemStatus>
      <ItemId>226808</ItemId>
    </Item>
    <Item>
      <PriceUpdateDate>2015-01-01 00:00:00</PriceUpdateDate>
      <ItemCode>8989961</ItemCode>
      <ItemType>0</ItemType>
      <ItemName>סירופ מנגו 1.2 ליטר</ItemName>
      <ManufacturerName>בטר אנד דיפרנט</ManufacturerName>
      <ManufactureCountry>לא ידוע</ManufactureCountry>
      <ManufacturerItemDescription>סירופ מנגו 1.2 ליטר</ManufacturerItemDescription>
      <UnitQty>ליטרים</UnitQty>
      <Quantity>1.20</Quantity>
      <UnitOfMeasure>ליטר    </UnitOfMeasure>
      <bIsWeighted>0</bIsWeighted>
      <QtyInPackage>1</QtyInPackage>
      <ItemPrice>19.90</ItemPrice>
      <UnitOfMeasurePrice>16.5833</UnitOfMeasurePrice>
      <AllowDiscount>1</AllowDiscount>
      <ItemStatus>1</ItemStatus>
      <ItemId>226809</ItemId>
    </Item>
    <Item>
      <PriceUpdateDate>2015-01-01 00:00:00</PriceUpdateDate>
      <ItemCode>3438914</ItemCode>
      <ItemType>0</ItemType>
      <ItemName>אוליביה ויקול קנולה</ItemName>
      <ManufacturerName>,</ManufacturerName>
      <ManufactureCountry>לא ידוע</ManufactureCountry>
      <ManufacturerItemDescription>אוליביה ויקול קנולה 22% גביע 150 גרם</ManufacturerItemDescription>
      <UnitQty>גרמים</UnitQty>
      <Quantity>150.00</Quantity>
      <UnitOfMeasure>100 גרם</UnitOfMeasure>
      <bIsWeighted>0</bIsWeighted>
      <QtyInPackage>1</QtyInPackage>
      <ItemPrice>8.90</ItemPrice>
      <UnitOfMeasurePrice>5.9333</UnitOfMeasurePrice>
      <AllowDiscount>1</AllowDiscount>
      <ItemStatus>1</ItemStatus>
      <ItemId>226810</ItemId>
    </Item>
    <Item>
      <PriceUpdateDate>2015-01-01 00:00:00</PriceUpdateDate>
      <ItemCode>5326424</ItemCode>
      <ItemType>0</ItemType>
      <ItemName>אוליביה ויקול שום</ItemName>
      <ManufacturerName>,</ManufacturerName>
      <ManufactureCountry>לא ידוע</ManufactureCountry>
      <ManufacturerItemDescription>אוליביה ויקול שום גביע 150 גרם 18.3%</ManufacturerItemDescription>
      <UnitQty>גרמים</UnitQty>
      <Quantity>150.00</Quantity>
      <UnitOfMeasure>100 גרם</UnitOfMeasure>
      <bIsWeighted>0</bIsWeighted>
      <QtyInPackage>1</QtyInPackage>
      <ItemPrice>8.90</ItemPrice>
      <UnitOfMeasurePrice>5.9333</UnitOfMeasurePrice>
      <AllowDiscount>1</AllowDiscount>
      <ItemStatus>1</ItemStatus>
      <ItemId>226811</ItemId>
    </Item>
    <Item>
      <PriceUpdateDate>2015-01-01 00:00:00</PriceUpdateDate>
      <ItemCode>72986233</ItemCode>
      <ItemType>0</ItemType>
      <ItemName>באדי וניל 125 מ"ל</ItemName>
      <ManufacturerName>תנובה מרכז שיתופי לש</ManufacturerName>
      <ManufactureCountry>לא ידוע</ManufactureCountry>
      <ManufacturerItemDescription>באדי וניל 125 מ"ל</ManufacturerItemDescription>
      <UnitQty>מיליליטרים</UnitQty>
      <Quantity>125.00</Quantity>
      <UnitOfMeasure>100 מ"ל</UnitOfMeasure>
      <bIsWeighted>0</bIsWeighted>
      <QtyInPackage>1</QtyInPackage>
      <ItemPrice>1.90</ItemPrice>
      <UnitOfMeasurePrice>1.5200</UnitOfMeasurePrice>
      <AllowDiscount>1</AllowDiscount>
      <ItemStatus>1</ItemStatus>
      <ItemId>226812</ItemId>
    </Item>
    <Item>
      <PriceUpdateDate>2015-01-01 00:00:00</PriceUpdateDate>
      <ItemCode>72986240</ItemCode>
      <ItemType>0</ItemType>
      <ItemName>באדי שוקו 125 מ"ל</ItemName>
      <ManufacturerName>תנובה מרכז שיתופי לש</ManufacturerName>
      <ManufactureCountry>לא ידוע</ManufactureCountry>
      <ManufacturerItemDescription>באדי שוקו 125 מ"ל</ManufacturerItemDescription>
      <UnitQty>מיליליטרים</UnitQty>
      <Quantity>125.00</Quantity>
      <UnitOfMeasure>100 מ"ל</UnitOfMeasure>
      <bIsWeighted>0</bIsWeighted>
      <QtyInPackage>1</QtyInPackage>
      <ItemPrice>1.90</ItemPrice>
      <UnitOfMeasurePrice>1.5200</UnitOfMeasurePrice>
      <AllowDiscount>1</AllowDiscount>
      <ItemStatus>1</ItemStatus>
      <ItemId>226813</ItemId>
    </Item>
    <Item>
      <PriceUpdateDate>2015-01-01 00:00:00</PriceUpdateDate>
      <ItemCode>4120252</ItemCode>
      <ItemType>0</ItemType>
      <ItemName>באדי תות 125 מ"ל</ItemName>
      <ManufacturerName>תנובה מרכז שיתופי לש</ManufacturerName>
      <ManufactureCountry>לא ידוע</ManufactureCountry>
      <ManufacturerItemDescription>באדי תות 125 מ"ל</ManufacturerItemDescription>
      <UnitQty>מיליליטרים</UnitQty>
      <Quantity>125.00</Quantity>
      <UnitOfMeasure>100 מ"ל</UnitOfMeasure>
      <bIsWeighted>0</bIsWeighted>
      <QtyInPackage>1</QtyInPackage>
      <ItemPrice>1.90</ItemPrice>
      <UnitOfMeasurePrice>1.5200</UnitOfMeasurePrice>
      <AllowDiscount>1</AllowDiscount>
      <ItemStatus>1</ItemStatus>
      <ItemId>226814</ItemId>
    </Item>
    <Item>
      <PriceUpdateDate>2015-01-01 00:00:00</PriceUpdateDate>
      <ItemCode>4122560</ItemCode>
      <ItemType>0</ItemType>
      <ItemName>פתיתי עמק למאפים 500</ItemName>
      <ManufacturerName>תנובה מרכז שיתופי לש</ManufacturerName>
      <ManufactureCountry>ישראל</ManufactureCountry>
      <ManufacturerItemDescription>פתיתי עמק למאפים 500 גרם השף הלבן</ManufacturerItemDescription>
      <UnitQty>גרמים</UnitQty>
      <Quantity>500.00</Quantity>
      <UnitOfMeasure>100 גרם</UnitOfMeasure>
      <bIsWeighted>0</bIsWeighted>
      <QtyInPackage>1</QtyInPackage>
      <ItemPrice>31.90</ItemPrice>
      <UnitOfMeasurePrice>6.3800</UnitOfMeasurePrice>
      <AllowDiscount>1</AllowDiscount>
      <ItemStatus>1</ItemStatus>
      <ItemId>226816</ItemId>
    </Item>
    <Item>
      <PriceUpdateDate>2015-09-20 13:02:05</PriceUpdateDate>
      <ItemCode>2374312</ItemCode>
      <ItemType>0</ItemType>
      <ItemName>שמן קנולה מילומור 1</ItemName>
      <ManufacturerName>שמן תעשיות</ManufacturerName>
      <ManufactureCountry>לא ידוע</ManufactureCountry>
      <ManufacturerItemDescription>שמן קנולה מילומור 1 ליטר</ManufacturerItemDescription>
      <UnitQty>ליטרים</UnitQty>
      <Quantity>1.00</Quantity>
      <UnitOfMeasure>ליטר    </UnitOfMeasure>
      <bIsWeighted>0</bIsWeighted>
      <QtyInPackage>1</QtyInPackage>
      <ItemPrice>6.90</ItemPrice>
      <UnitOfMeasurePrice>6.9000</UnitOfMeasurePrice>
      <AllowDiscount>1</AllowDiscount>
      <ItemStatus>1</ItemStatus>
      <ItemId>226843</ItemId>
    </Item>
    <Item>
      <PriceUpdateDate>2015-01-01 00:00:00</PriceUpdateDate>
      <ItemCode>2374343</ItemCode>
      <ItemType>0</ItemType>
      <ItemName>שמן קנולה מילומור 3</ItemName>
      <ManufacturerName>שמן תעשיות</ManufacturerName>
      <ManufactureCountry>לא ידוע</ManufactureCountry>
      <ManufacturerItemDescription>שמן קנולה מילומור 3 ליטר</ManufacturerItemDescription>
      <UnitQty>ליטרים</UnitQty>
      <Quantity>3.00</Quantity>
      <UnitOfMeasure>ליטר    </UnitOfMeasure>
      <bIsWeighted>0</bIsWeighted>
      <QtyInPackage>1</QtyInPackage>
      <ItemPrice>17.90</ItemPrice>
      <UnitOfMeasurePrice>5.9667</UnitOfMeasurePrice>
      <AllowDiscount>1</AllowDiscount>
      <ItemStatus>1</ItemStatus>
      <ItemId>226844</ItemId>
    </Item>
    <Item>
      <PriceUpdateDate>2015-01-01 00:00:00</PriceUpdateDate>
      <ItemCode>7290010617555</ItemCode>
      <ItemType>0</ItemType>
      <ItemName>כוס אימון מהפכנית</ItemName>
      <ManufacturerName>אריסטוקרט</ManufacturerName>
      <ManufactureCountry>ישראל</ManufactureCountry>
      <ManufacturerItemDescription>כוס אימון מהפכנית</ManufacturerItemDescription>
      <UnitQty>Unknown </UnitQty>
      <Quantity>0.00</Quantity>
      <UnitOfMeasure>Unknown </UnitOfMeasure>
      <bIsWeighted>0</bIsWeighted>
      <QtyInPackage>1</QtyInPackage>
      <ItemPrice>10.90</ItemPrice>
      <UnitOfMeasurePrice>0.0000</UnitOfMeasurePrice>
      <AllowDiscount>1</AllowDiscount>
      <ItemStatus>1</ItemStatus>
      <ItemId>226850</ItemId>
    </Item>
    <Item>
      <PriceUpdateDate>2015-01-01 00:00:00</PriceUpdateDate>
      <ItemCode>7290010617609</ItemCode>
      <ItemType>0</ItemType>
      <ItemName>מוצץ איריס זוג בינונ</ItemName>
      <ManufacturerName>אריסטוקרט</ManufacturerName>
      <ManufactureCountry>תאילנד</ManufactureCountry>
      <ManufacturerItemDescription>מוצץ איריס זוג בינוני</ManufacturerItemDescription>
      <UnitQty>Unknown </UnitQty>
      <Quantity>0.00</Quantity>
      <UnitOfMeasure>Unknown </UnitOfMeasure>
      <bIsWeighted>0</bIsWeighted>
      <QtyInPackage>2</QtyInPackage>
      <ItemPrice>13.90</ItemPrice>
      <UnitOfMeasurePrice>0.0000</UnitOfMeasurePrice>
      <AllowDiscount>1</AllowDiscount>
      <ItemStatus>1</ItemStatus>
      <ItemId>226851</ItemId>
    </Item>
    <Item>
      <PriceUpdateDate>2015-01-01 00:00:00</PriceUpdateDate>
      <ItemCode>7290010617180</ItemCode>
      <ItemType>0</ItemType>
      <ItemName>מוצץ פרח זוג גדול</ItemName>
      <ManufacturerName>אריסטוקרט</ManufacturerName>
      <ManufactureCountry>תאילנד</ManufactureCountry>
      <ManufacturerItemDescription>מוצץ פרח זוג גדול</ManufacturerItemDescription>
      <UnitQty>Unknown </UnitQty>
      <Quantity>0.00</Quantity>
      <UnitOfMeasure>Unknown </UnitOfMeasure>
      <bIsWeighted>0</bIsWeighted>
      <QtyInPackage>2</QtyInPackage>
      <ItemPrice>16.90</ItemPrice>
      <UnitOfMeasurePrice>0.0000</UnitOfMeasurePrice>
      <AllowDiscount>1</AllowDiscount>
      <ItemStatus>1</ItemStatus>
      <ItemId>226852</ItemId>
    </Item>
    <Item>
      <PriceUpdateDate>2015-01-01 00:00:00</PriceUpdateDate>
      <ItemCode>7290010617739</ItemCode>
      <ItemType>0</ItemType>
      <ItemName>מוצץ לוטוס זוג בינונ</ItemName>
      <ManufacturerName>אריסטוקרט</ManufacturerName>
      <ManufactureCountry>תאילנד</ManufactureCountry>
      <ManufacturerItemDescription>מוצץ לוטוס זוג בינוני</ManufacturerItemDescription>
      <UnitQty>Unknown </UnitQty>
      <Quantity>0.00</Quantity>
      <UnitOfMeasure>Unknown </UnitOfMeasure>
      <bIsWeighted>0</bIsWeighted>
      <QtyInPackage>2</QtyInPackage>
      <ItemPrice>10.90</ItemPrice>
      <UnitOfMeasurePrice>0.0000</UnitOfMeasurePrice>
      <AllowDiscount>1</AllowDiscount>
      <ItemStatus>1</ItemStatus>
      <ItemId>226853</ItemId>
    </Item>
    <Item>
      <PriceUpdateDate>2015-01-01 00:00:00</PriceUpdateDate>
      <ItemCode>7290010617494</ItemCode>
      <ItemType>0</ItemType>
      <ItemName>מוצץ לוטוס זוג קטן</ItemName>
      <ManufacturerName>אריסטוקרט</ManufacturerName>
      <ManufactureCountry>תאילנד</ManufactureCountry>
      <ManufacturerItemDescription>מוצץ לוטוס זוג קטן</ManufacturerItemDescription>
      <UnitQty>Unknown </UnitQty>
      <Quantity>0.00</Quantity>
      <UnitOfMeasure>Unknown </UnitOfMeasure>
      <bIsWeighted>0</bIsWeighted>
      <QtyInPackage>2</QtyInPackage>
      <ItemPrice>10.90</ItemPrice>
      <UnitOfMeasurePrice>0.0000</UnitOfMeasurePrice>
      <AllowDiscount>1</AllowDiscount>
      <ItemStatus>1</ItemStatus>
      <ItemId>226854</ItemId>
    </Item>
    <Item>
      <PriceUpdateDate>2015-01-01 00:00:00</PriceUpdateDate>
      <ItemCode>8257008</ItemCode>
      <ItemType>0</ItemType>
      <ItemName>מסרק סמיך שיני נחושת</ItemName>
      <ManufacturerName>אריסטוקרט</ManufacturerName>
      <ManufactureCountry>ישראל</ManufactureCountry>
      <ManufacturerItemDescription>מסרק סמיך שיני נחושת</ManufacturerItemDescription>
      <UnitQty>Unknown </UnitQty>
      <Quantity>0.00</Quantity>
      <UnitOfMeasure>Unknown </UnitOfMeasure>
      <bIsWeighted>0</bIsWeighted>
      <QtyInPackage>1</QtyInPackage>
      <ItemPrice>10.90</ItemPrice>
      <UnitOfMeasurePrice>0.0000</UnitOfMeasurePrice>
      <AllowDiscount>1</AllowDiscount>
      <ItemStatus>1</ItemStatus>
      <ItemId>226855</ItemId>
    </Item>
    <Item>
      <PriceUpdateDate>2015-01-01 00:00:00</PriceUpdateDate>
      <ItemCode>7290010617050</ItemCode>
      <ItemType>0</ItemType>
      <ItemName>פטמות רחבות - בינוני</ItemName>
      <ManufacturerName>אריסטוקרט</ManufacturerName>
      <ManufactureCountry>ישראל</ManufactureCountry>
      <ManufacturerItemDescription>פטמות רחבות - בינוני</ManufacturerItemDescription>
      <UnitQty>Unknown </UnitQty>
      <Quantity>0.00</Quantity>
      <UnitOfMeasure>Unknown </UnitOfMeasure>
      <bIsWeighted>0</bIsWeighted>
      <QtyInPackage>1</QtyInPackage>
      <ItemPrice>11.90</ItemPrice>
      <UnitOfMeasurePrice>0.0000</UnitOfMeasurePrice>
      <AllowDiscount>1</AllowDiscount>
      <ItemStatus>1</ItemStatus>
      <ItemId>226858</ItemId>
    </Item>
    <Item>
      <PriceUpdateDate>2015-01-01 00:00:00</PriceUpdateDate>
      <ItemCode>7290010617111</ItemCode>
      <ItemType>0</ItemType>
      <ItemName>אציטון</ItemName>
      <ManufacturerName>,</ManufacturerName>
      <ManufactureCountry>לא ידוע</ManufactureCountry>
      <ManufacturerItemDescription>אציטון</ManufacturerItemDescription>
      <UnitQty>Unknown </UnitQty>
      <Quantity>0.00</Quantity>
      <UnitOfMeasure>Unknown </UnitOfMeasure>
      <bIsWeighted>0</bIsWeighted>
      <QtyInPackage>1</QtyInPackage>
      <ItemPrice>2.90</ItemPrice>
      <UnitOfMeasurePrice>0.0000</UnitOfMeasurePrice>
      <AllowDiscount>1</AllowDiscount>
      <ItemStatus>1</ItemStatus>
      <ItemId>226864</ItemId>
    </Item>
    <Item>
      <PriceUpdateDate>2015-05-13 12:15:51</PriceUpdateDate>
      <ItemCode>19548002803</ItemCode>
      <ItemType>0</ItemType>
      <ItemName>מארז 1/8 שלוקים</ItemName>
      <ManufacturerName>אופנהיימר</ManufacturerName>
      <ManufactureCountry>ישראל</ManufactureCountry>
      <ManufacturerItemDescription>מארז 1/8 שלוקים</ManufacturerItemDescription>
      <UnitQty>Unknown </UnitQty>
      <Quantity>0.00</Quantity>
      <UnitOfMeasure>Unknown </UnitOfMeasure>
      <bIsWeighted>0</bIsWeighted>
      <QtyInPackage>8</QtyInPackage>
      <ItemPrice>3.90</ItemPrice>
      <UnitOfMeasurePrice>0.0000</UnitOfMeasurePrice>
      <AllowDiscount>1</AllowDiscount>
      <ItemStatus>1</ItemStatus>
      <ItemId>255501</ItemId>
    </Item>
    <Item>
      <PriceUpdateDate>2015-09-21 13:11:12</PriceUpdateDate>
      <ItemCode>7290012335020</ItemCode>
      <ItemType>0</ItemType>
      <ItemName>סוכריות סודה שעון מא</ItemName>
      <ManufacturerName>,</ManufacturerName>
      <ManufactureCountry>לא ידוע</ManufactureCountry>
      <ManufacturerItemDescription>סוכריות סודה שעון מארז 420 גרם</ManufacturerItemDescription>
      <UnitQty>גרמים</UnitQty>
      <Quantity>420.00</Quantity>
      <UnitOfMeasure>100 גרם</UnitOfMeasure>
      <bIsWeighted>0</bIsWeighted>
      <QtyInPackage>1</QtyInPackage>
      <ItemPrice>14.90</ItemPrice>
      <UnitOfMeasurePrice>3.5476</UnitOfMeasurePrice>
      <AllowDiscount>1</AllowDiscount>
      <ItemStatus>1</ItemStatus>
      <ItemId>226880</ItemId>
    </Item>
    <Item>
      <PriceUpdateDate>2015-09-21 13:11:12</PriceUpdateDate>
      <ItemCode>7290012335006</ItemCode>
      <ItemType>0</ItemType>
      <ItemName>סוכריות רול מיני משפ</ItemName>
      <ManufacturerName>,</ManufacturerName>
      <ManufactureCountry>לא ידוע</ManufactureCountry>
      <ManufacturerItemDescription>סוכריות רול מיני משפחתי</ManufacturerItemDescription>
      <UnitQty>גרמים</UnitQty>
      <Quantity>326.00</Quantity>
      <UnitOfMeasure>100 גרם</UnitOfMeasure>
      <bIsWeighted>0</bIsWeighted>
      <QtyInPackage>1</QtyInPackage>
      <ItemPrice>14.90</ItemPrice>
      <UnitOfMeasurePrice>4.5706</UnitOfMeasurePrice>
      <AllowDiscount>1</AllowDiscount>
      <ItemStatus>1</ItemStatus>
      <ItemId>226882</ItemId>
    </Item>
    <Item>
      <PriceUpdateDate>2015-01-01 00:00:00</PriceUpdateDate>
      <ItemCode>3989096</ItemCode>
      <ItemType>0</ItemType>
      <ItemName>חציל פיקנטי 500 גרם</ItemName>
      <ManufacturerName>,</ManufacturerName>
      <ManufactureCountry>לא ידוע</ManufactureCountry>
      <ManufacturerItemDescription>חציל פיקנטי 500 גרם</ManufacturerItemDescription>
      <UnitQty>גרמים</UnitQty>
      <Quantity>500.00</Quantity>
      <UnitOfMeasure>100 גרם</UnitOfMeasure>
      <bIsWeighted>0</bIsWeighted>
      <QtyInPackage>1</QtyInPackage>
      <ItemPrice>14.90</ItemPrice>
      <UnitOfMeasurePrice>2.9800</UnitOfMeasurePrice>
      <AllowDiscount>1</AllowDiscount>
      <ItemStatus>1</ItemStatus>
      <ItemId>226891</ItemId>
    </Item>
    <Item>
      <PriceUpdateDate>2015-01-01 00:00:00</PriceUpdateDate>
      <ItemCode>5174841</ItemCode>
      <ItemType>0</ItemType>
      <ItemName>חציל בטעם כבד 125 גר</ItemName>
      <ManufacturerName>שטראוס</ManufacturerName>
      <ManufactureCountry>לא ידוע</ManufactureCountry>
      <ManufacturerItemDescription>חציל בטעם כבד 125 גרם</ManufacturerItemDescription>
      <UnitQty>גרמים</UnitQty>
      <Quantity>125.00</Quantity>
      <UnitOfMeasure>100 גרם</UnitOfMeasure>
      <bIsWeighted>0</bIsWeighted>
      <QtyInPackage>1</QtyInPackage>
      <ItemPrice>4.50</ItemPrice>
      <UnitOfMeasurePrice>3.6000</UnitOfMeasurePrice>
      <AllowDiscount>1</AllowDiscount>
      <ItemStatus>1</ItemStatus>
      <ItemId>226895</ItemId>
    </Item>
    <Item>
      <PriceUpdateDate>2015-01-01 00:00:00</PriceUpdateDate>
      <ItemCode>5174513</ItemCode>
      <ItemType>0</ItemType>
      <ItemName>חציל במיונז 500 גרם</ItemName>
      <ManufacturerName>שטראוס</ManufacturerName>
      <ManufactureCountry>ישראל</ManufactureCountry>
      <ManufacturerItemDescription>חציל במיונז 500 גרם</ManufacturerItemDescription>
      <UnitQty>גרמים</UnitQty>
      <Quantity>500.00</Quantity>
      <UnitOfMeasure>100 גרם</UnitOfMeasure>
      <bIsWeighted>0</bIsWeighted>
      <QtyInPackage>1</QtyInPackage>
      <ItemPrice>14.90</ItemPrice>
      <UnitOfMeasurePrice>2.9800</UnitOfMeasurePrice>
      <AllowDiscount>1</AllowDiscount>
      <ItemStatus>1</ItemStatus>
      <ItemId>226896</ItemId>
    </Item>
    <Item>
      <PriceUpdateDate>2015-01-01 00:00:00</PriceUpdateDate>
      <ItemCode>5174568</ItemCode>
      <ItemType>0</ItemType>
      <ItemName>חציל במיונז 125 גרם</ItemName>
      <ManufacturerName>שטראוס</ManufacturerName>
      <ManufactureCountry>ישראל</ManufactureCountry>
      <ManufacturerItemDescription>חציל במיונז 125 גרם</ManufacturerItemDescription>
      <UnitQty>גרמים</UnitQty>
      <Quantity>125.00</Quantity>
      <UnitOfMeasure>100 גרם</UnitOfMeasure>
      <bIsWeighted>0</bIsWeighted>
      <QtyInPackage>1</QtyInPackage>
      <ItemPrice>4.50</ItemPrice>
      <UnitOfMeasurePrice>3.6000</UnitOfMeasurePrice>
      <AllowDiscount>1</AllowDiscount>
      <ItemStatus>1</ItemStatus>
      <ItemId>226897</ItemId>
    </Item>
    <Item>
      <PriceUpdateDate>2015-01-01 00:00:00</PriceUpdateDate>
      <ItemCode>2825722</ItemCode>
      <ItemType>0</ItemType>
      <ItemName>סלט כרוב אדום  500 ג</ItemName>
      <ManufacturerName>שטראוס</ManufacturerName>
      <ManufactureCountry>לא ידוע</ManufactureCountry>
      <ManufacturerItemDescription>סלט כרוב אדום  500 גרם</ManufacturerItemDescription>
      <UnitQty>גרמים</UnitQty>
      <Quantity>500.00</Quantity>
      <UnitOfMeasure>100 גרם</UnitOfMeasure>
      <bIsWeighted>0</bIsWeighted>
      <QtyInPackage>1</QtyInPackage>
      <ItemPrice>13.90</ItemPrice>
      <UnitOfMeasurePrice>2.7800</UnitOfMeasurePrice>
      <AllowDiscount>1</AllowDiscount>
      <ItemStatus>1</ItemStatus>
      <ItemId>226899</ItemId>
    </Item>
    <Item>
      <PriceUpdateDate>2015-01-01 00:00:00</PriceUpdateDate>
      <ItemCode>7290010931330</ItemCode>
      <ItemType>0</ItemType>
      <ItemName>סלט מטבוחה 500 גרם</ItemName>
      <ManufacturerName>שטראוס</ManufacturerName>
      <ManufactureCountry>ישראל</ManufactureCountry>
      <ManufacturerItemDescription>סלט מטבוחה 500 גרם</ManufacturerItemDescription>
      <UnitQty>גרמים</UnitQty>
      <Quantity>500.00</Quantity>
      <UnitOfMeasure>100 גרם</UnitOfMeasure>
      <bIsWeighted>0</bIsWeighted>
      <QtyInPackage>1</QtyInPackage>
      <ItemPrice>14.90</ItemPrice>
      <UnitOfMeasurePrice>2.9800</UnitOfMeasurePrice>
      <AllowDiscount>1</AllowDiscount>
      <ItemStatus>1</ItemStatus>
      <ItemId>226900</ItemId>
    </Item>
    <Item>
      <PriceUpdateDate>2015-12-22 15:18:54</PriceUpdateDate>
      <ItemCode>3029815</ItemCode>
      <ItemType>0</ItemType>
      <ItemName>כד חלב 2 ליטר מועשר</ItemName>
      <ManufacturerName>שטראוס</ManufacturerName>
      <ManufactureCountry>ישראל</ManufactureCountry>
      <ManufacturerItemDescription>כד חלב 2 ליטר מועשר 3% רובין</ManufacturerItemDescription>
      <UnitQty>ליטרים</UnitQty>
      <Quantity>2.00</Quantity>
      <UnitOfMeasure>ליטר    </UnitOfMeasure>
      <bIsWeighted>0</bIsWeighted>
      <QtyInPackage>1</QtyInPackage>
      <ItemPrice>14.90</ItemPrice>
      <UnitOfMeasurePrice>7.4500</UnitOfMeasurePrice>
      <AllowDiscount>1</AllowDiscount>
      <ItemStatus>1</ItemStatus>
      <ItemId>226904</ItemId>
    </Item>
    <Item>
      <PriceUpdateDate>2015-01-01 00:00:00</PriceUpdateDate>
      <ItemCode>462103</ItemCode>
      <ItemType>0</ItemType>
      <ItemName>סחוג אדום זהבי 150 ג</ItemName>
      <ManufacturerName>זהבי הכרם</ManufacturerName>
      <ManufactureCountry>ישראל</ManufactureCountry>
      <ManufacturerItemDescription>סחוג אדום זהבי 150 גרם</ManufacturerItemDescription>
      <UnitQty>גרמים</UnitQty>
      <Quantity>150.00</Quantity>
      <UnitOfMeasure>100 גרם</UnitOfMeasure>
      <bIsWeighted>0</bIsWeighted>
      <QtyInPackage>1</QtyInPackage>
      <ItemPrice>6.90</ItemPrice>
      <UnitOfMeasurePrice>4.6000</UnitOfMeasurePrice>
      <AllowDiscount>1</AllowDiscount>
      <ItemStatus>1</ItemStatus>
      <ItemId>226911</ItemId>
    </Item>
    <Item>
      <PriceUpdateDate>2015-01-01 00:00:00</PriceUpdateDate>
      <ItemCode>462141</ItemCode>
      <ItemType>0</ItemType>
      <ItemName>סחוג חריף מאוד זהבי</ItemName>
      <ManufacturerName>זהבי הכרם</ManufacturerName>
      <ManufactureCountry>ישראל</ManufactureCountry>
      <ManufacturerItemDescription>סחוג חריף מאוד זהבי  150 גרם</ManufacturerItemDescription>
      <UnitQty>גרמים</UnitQty>
      <Quantity>150.00</Quantity>
      <UnitOfMeasure>100 גרם</UnitOfMeasure>
      <bIsWeighted>0</bIsWeighted>
      <QtyInPackage>1</QtyInPackage>
      <ItemPrice>6.90</ItemPrice>
      <UnitOfMeasurePrice>4.6000</UnitOfMeasurePrice>
      <AllowDiscount>1</AllowDiscount>
      <ItemStatus>1</ItemStatus>
      <ItemId>226912</ItemId>
    </Item>
    <Item>
      <PriceUpdateDate>2015-01-01 00:00:00</PriceUpdateDate>
      <ItemCode>462172</ItemCode>
      <ItemType>0</ItemType>
      <ItemName>סחוג ירוק זהבי  150</ItemName>
      <ManufacturerName>זהבי הכרם</ManufacturerName>
      <ManufactureCountry>ישראל</ManufactureCountry>
      <ManufacturerItemDescription>סחוג ירוק זהבי  150 גרם</ManufacturerItemDescription>
      <UnitQty>גרמים</UnitQty>
      <Quantity>140.00</Quantity>
      <UnitOfMeasure>100 גרם</UnitOfMeasure>
      <bIsWeighted>0</bIsWeighted>
      <QtyInPackage>1</QtyInPackage>
      <ItemPrice>6.90</ItemPrice>
      <UnitOfMeasurePrice>4.9286</UnitOfMeasurePrice>
      <AllowDiscount>1</AllowDiscount>
      <ItemStatus>1</ItemStatus>
      <ItemId>226913</ItemId>
    </Item>
    <Item>
      <PriceUpdateDate>2016-02-11 13:39:48</PriceUpdateDate>
      <ItemCode>3321292</ItemCode>
      <ItemType>0</ItemType>
      <ItemName>גבינת סקי 9% 250 גרם</ItemName>
      <ManufacturerName>שטראוס</ManufacturerName>
      <ManufactureCountry>ישראל</ManufactureCountry>
      <ManufacturerItemDescription>גבינת סקי 9% 250 גרם</ManufacturerItemDescription>
      <UnitQty>גרמים</UnitQty>
      <Quantity>250.00</Quantity>
      <UnitOfMeasure>100 גרם</UnitOfMeasure>
      <bIsWeighted>0</bIsWeighted>
      <QtyInPackage>1</QtyInPackage>
      <ItemPrice>4.50</ItemPrice>
      <UnitOfMeasurePrice>1.8000</UnitOfMeasurePrice>
      <AllowDiscount>1</AllowDiscount>
      <ItemStatus>1</ItemStatus>
      <ItemId>226914</ItemId>
    </Item>
    <Item>
      <PriceUpdateDate>2016-02-11 13:39:48</PriceUpdateDate>
      <ItemCode>6664402</ItemCode>
      <ItemType>0</ItemType>
      <ItemName>גבינת סקי 5% 750 גרם</ItemName>
      <ManufacturerName>שטראוס</ManufacturerName>
      <ManufactureCountry>ישראל</ManufactureCountry>
      <ManufacturerItemDescription>גבינת סקי 5% 750 גרם</ManufacturerItemDescription>
      <UnitQty>גרמים</UnitQty>
      <Quantity>750.00</Quantity>
      <UnitOfMeasure>100 גרם</UnitOfMeasure>
      <bIsWeighted>0</bIsWeighted>
      <QtyInPackage>1</QtyInPackage>
      <ItemPrice>13.30</ItemPrice>
      <UnitOfMeasurePrice>1.7733</UnitOfMeasurePrice>
      <AllowDiscount>1</AllowDiscount>
      <ItemStatus>1</ItemStatus>
      <ItemId>226916</ItemId>
    </Item>
    <Item>
      <PriceUpdateDate>2015-09-21 08:44:42</PriceUpdateDate>
      <ItemCode>7290102038169</ItemCode>
      <ItemType>0</ItemType>
      <ItemName>שוקולד פרה סוכריות ק</ItemName>
      <ManufacturerName>עלית</ManufacturerName>
      <ManufactureCountry>לא ידוע</ManufactureCountry>
      <ManufacturerItemDescription>שוקולד פרה סוכריות קופצות 100 גרם מגדים</ManufacturerItemDescription>
      <UnitQty>גרמים</UnitQty>
      <Quantity>85.00</Quantity>
      <UnitOfMeasure>100 גרם</UnitOfMeasure>
      <bIsWeighted>0</bIsWeighted>
      <QtyInPackage>1</QtyInPackage>
      <ItemPrice>4.90</ItemPrice>
      <UnitOfMeasurePrice>5.7647</UnitOfMeasurePrice>
      <AllowDiscount>1</AllowDiscount>
      <ItemStatus>1</ItemStatus>
      <ItemId>226919</ItemId>
    </Item>
    <Item>
      <PriceUpdateDate>2015-01-01 00:00:00</PriceUpdateDate>
      <ItemCode>8749954</ItemCode>
      <ItemType>0</ItemType>
      <ItemName>טוב טעם 20 יח מגדים</ItemName>
      <ManufacturerName>שטראוס</ManufacturerName>
      <ManufactureCountry>ישראל</ManufactureCountry>
      <ManufacturerItemDescription>טוב טעם 20 יח מגדים 600 גרם</ManufacturerItemDescription>
      <UnitQty>גרמים</UnitQty>
      <Quantity>600.00</Quantity>
      <UnitOfMeasure>100 גרם</UnitOfMeasure>
      <bIsWeighted>0</bIsWeighted>
      <QtyInPackage>20</QtyInPackage>
      <ItemPrice>16.90</ItemPrice>
      <UnitOfMeasurePrice>2.8167</UnitOfMeasurePrice>
      <AllowDiscount>1</AllowDiscount>
      <ItemStatus>1</ItemStatus>
      <ItemId>226920</ItemId>
    </Item>
    <Item>
      <PriceUpdateDate>2015-01-01 00:00:00</PriceUpdateDate>
      <ItemCode>2757146</ItemCode>
      <ItemType>0</ItemType>
      <ItemName>קובה חמוסטה למרק 1 ק</ItemName>
      <ManufacturerName>שלושת האופים</ManufacturerName>
      <ManufactureCountry>לא ידוע</ManufactureCountry>
      <ManufacturerItemDescription>קובה חמוסטה למרק 1 ק"ג</ManufacturerItemDescription>
      <UnitQty>קילוגרמים</UnitQty>
      <Quantity>1.00</Quantity>
      <UnitOfMeasure>ק"ג     </UnitOfMeasure>
      <bIsWeighted>0</bIsWeighted>
      <QtyInPackage>1</QtyInPackage>
      <ItemPrice>14.90</ItemPrice>
      <UnitOfMeasurePrice>14.9000</UnitOfMeasurePrice>
      <AllowDiscount>1</AllowDiscount>
      <ItemStatus>1</ItemStatus>
      <ItemId>226924</ItemId>
    </Item>
    <Item>
      <PriceUpdateDate>2015-01-01 00:00:00</PriceUpdateDate>
      <ItemCode>2360155</ItemCode>
      <ItemType>0</ItemType>
      <ItemName>חליטת צמחים פומפדור</ItemName>
      <ManufacturerName>טייקנה</ManufacturerName>
      <ManufactureCountry>ישראל</ManufactureCountry>
      <ManufacturerItemDescription>חליטת צמחים פומפדור שומר 40 גרם</ManufacturerItemDescription>
      <UnitQty>גרמים</UnitQty>
      <Quantity>40.00</Quantity>
      <UnitOfMeasure>100 גרם</UnitOfMeasure>
      <bIsWeighted>0</bIsWeighted>
      <QtyInPackage>1</QtyInPackage>
      <ItemPrice>14.90</ItemPrice>
      <UnitOfMeasurePrice>37.2500</UnitOfMeasurePrice>
      <AllowDiscount>1</AllowDiscount>
      <ItemStatus>1</ItemStatus>
      <ItemId>248978</ItemId>
    </Item>
    <Item>
      <PriceUpdateDate>2015-01-01 00:00:00</PriceUpdateDate>
      <ItemCode>5410046014247</ItemCode>
      <ItemType>0</ItemType>
      <ItemName>מחית תפוח בננה עם פק</ItemName>
      <ManufacturerName>מטרן</ManufacturerName>
      <ManufactureCountry>לא ידוע</ManufactureCountry>
      <ManufacturerItemDescription>מחית תפוח בננה עם פקק</ManufacturerItemDescription>
      <UnitQty>גרמים</UnitQty>
      <Quantity>360.00</Quantity>
      <UnitOfMeasure>100 גרם</UnitOfMeasure>
      <bIsWeighted>0</bIsWeighted>
      <QtyInPackage>1</QtyInPackage>
      <ItemPrice>13.90</ItemPrice>
      <UnitOfMeasurePrice>3.8611</UnitOfMeasurePrice>
      <AllowDiscount>1</AllowDiscount>
      <ItemStatus>1</ItemStatus>
      <ItemId>250931</ItemId>
    </Item>
    <Item>
      <PriceUpdateDate>2015-01-01 00:00:00</PriceUpdateDate>
      <ItemCode>2552833</ItemCode>
      <ItemType>0</ItemType>
      <ItemName>שישיות גל קל ללא סוכ</ItemName>
      <ManufacturerName>גלידות ריאו ביח"ר לג</ManufacturerName>
      <ManufactureCountry>לא ידוע</ManufactureCountry>
      <ManufacturerItemDescription>שישיות גל קל ללא סוכר</ManufacturerItemDescription>
      <UnitQty>Unknown </UnitQty>
      <Quantity>0.00</Quantity>
      <UnitOfMeasure>Unknown </UnitOfMeasure>
      <bIsWeighted>0</bIsWeighted>
      <QtyInPackage>1</QtyInPackage>
      <ItemPrice>17.90</ItemPrice>
      <UnitOfMeasurePrice>0.0000</UnitOfMeasurePrice>
      <AllowDiscount>1</AllowDiscount>
      <ItemStatus>1</ItemStatus>
      <ItemId>227177</ItemId>
    </Item>
    <Item>
      <PriceUpdateDate>2015-01-01 00:00:00</PriceUpdateDate>
      <ItemCode>835811008934</ItemCode>
      <ItemType>0</ItemType>
      <ItemName>מזלגות 50 יח משובחים</ItemName>
      <ManufacturerName>,</ManufacturerName>
      <ManufactureCountry>לא ידוע</ManufactureCountry>
      <ManufacturerItemDescription>מזלגות 50 יח משובחים ואיכותיים קרם/שקוף</ManufacturerItemDescription>
      <UnitQty>Unknown </UnitQty>
      <Quantity>0.00</Quantity>
      <UnitOfMeasure>Unknown </UnitOfMeasure>
      <bIsWeighted>0</bIsWeighted>
      <QtyInPackage>1</QtyInPackage>
      <ItemPrice>6.90</ItemPrice>
      <UnitOfMeasurePrice>0.0000</UnitOfMeasurePrice>
      <AllowDiscount>1</AllowDiscount>
      <ItemStatus>1</ItemStatus>
      <ItemId>227180</ItemId>
    </Item>
    <Item>
      <PriceUpdateDate>2015-01-01 00:00:00</PriceUpdateDate>
      <ItemCode>835811008699</ItemCode>
      <ItemType>0</ItemType>
      <ItemName>כפות 50 יח משובחים ו</ItemName>
      <ManufacturerName>,</ManufacturerName>
      <ManufactureCountry>לא ידוע</ManufactureCountry>
      <ManufacturerItemDescription>כפות 50 יח משובחים ואיכותים קרם/שקוף</ManufacturerItemDescription>
      <UnitQty>Unknown </UnitQty>
      <Quantity>0.00</Quantity>
      <UnitOfMeasure>Unknown </UnitOfMeasure>
      <bIsWeighted>0</bIsWeighted>
      <QtyInPackage>1</QtyInPackage>
      <ItemPrice>6.90</ItemPrice>
      <UnitOfMeasurePrice>0.0000</UnitOfMeasurePrice>
      <AllowDiscount>1</AllowDiscount>
      <ItemStatus>1</ItemStatus>
      <ItemId>227181</ItemId>
    </Item>
    <Item>
      <PriceUpdateDate>2015-01-01 00:00:00</PriceUpdateDate>
      <ItemCode>835811008941</ItemCode>
      <ItemType>0</ItemType>
      <ItemName>סכינים 50 יח משובחים</ItemName>
      <ManufacturerName>,</ManufacturerName>
      <ManufactureCountry>לא ידוע</ManufactureCountry>
      <ManufacturerItemDescription>סכינים 50 יח משובחים ואיכותיים קרם/שקוף</ManufacturerItemDescription>
      <UnitQty>Unknown </UnitQty>
      <Quantity>0.00</Quantity>
      <UnitOfMeasure>Unknown </UnitOfMeasure>
      <bIsWeighted>0</bIsWeighted>
      <QtyInPackage>1</QtyInPackage>
      <ItemPrice>6.90</ItemPrice>
      <UnitOfMeasurePrice>0.0000</UnitOfMeasurePrice>
      <AllowDiscount>1</AllowDiscount>
      <ItemStatus>1</ItemStatus>
      <ItemId>227182</ItemId>
    </Item>
    <Item>
      <PriceUpdateDate>2015-01-01 00:00:00</PriceUpdateDate>
      <ItemCode>4130695</ItemCode>
      <ItemType>0</ItemType>
      <ItemName>שוקו אייס קפה בבקבוק</ItemName>
      <ManufacturerName>תנובה מרכז שיתופי לש</ManufacturerName>
      <ManufactureCountry>לא ידוע</ManufactureCountry>
      <ManufacturerItemDescription>שוקו אייס קפה בבקבוק 1 ליטר</ManufacturerItemDescription>
      <UnitQty>ליטרים</UnitQty>
      <Quantity>1.00</Quantity>
      <UnitOfMeasure>ליטר    </UnitOfMeasure>
      <bIsWeighted>0</bIsWeighted>
      <QtyInPackage>1</QtyInPackage>
      <ItemPrice>11.90</ItemPrice>
      <UnitOfMeasurePrice>11.9000</UnitOfMeasurePrice>
      <AllowDiscount>1</AllowDiscount>
      <ItemStatus>1</ItemStatus>
      <ItemId>227183</ItemId>
    </Item>
    <Item>
      <PriceUpdateDate>2015-01-01 00:00:00</PriceUpdateDate>
      <ItemCode>4120269</ItemCode>
      <ItemType>0</ItemType>
      <ItemName>מאגדת שוקו שקיות 6*</ItemName>
      <ManufacturerName>תנובה מרכז שיתופי לש</ManufacturerName>
      <ManufactureCountry>לא ידוע</ManufactureCountry>
      <ManufacturerItemDescription>מאגדת שוקו שקיות 6*225 מ"ל</ManufacturerItemDescription>
      <UnitQty>ליטרים</UnitQty>
      <Quantity>1.35</Quantity>
      <UnitOfMeasure>ליטר    </UnitOfMeasure>
      <bIsWeighted>0</bIsWeighted>
      <QtyInPackage>1</QtyInPackage>
      <ItemPrice>14.90</ItemPrice>
      <UnitOfMeasurePrice>11.0370</UnitOfMeasurePrice>
      <AllowDiscount>1</AllowDiscount>
      <ItemStatus>1</ItemStatus>
      <ItemId>227184</ItemId>
    </Item>
    <Item>
      <PriceUpdateDate>2015-01-01 00:00:00</PriceUpdateDate>
      <ItemCode>835811008958</ItemCode>
      <ItemType>0</ItemType>
      <ItemName>כפיות 50 יח משובחים</ItemName>
      <ManufacturerName>,</ManufacturerName>
      <ManufactureCountry>לא ידוע</ManufactureCountry>
      <ManufacturerItemDescription>כפיות 50 יח משובחים ואיכותים קרם/שקוף</ManufacturerItemDescription>
      <UnitQty>Unknown </UnitQty>
      <Quantity>0.00</Quantity>
      <UnitOfMeasure>Unknown </UnitOfMeasure>
      <bIsWeighted>0</bIsWeighted>
      <QtyInPackage>1</QtyInPackage>
      <ItemPrice>6.90</ItemPrice>
      <UnitOfMeasurePrice>0.0000</UnitOfMeasurePrice>
      <AllowDiscount>1</AllowDiscount>
      <ItemStatus>1</ItemStatus>
      <ItemId>227185</ItemId>
    </Item>
    <Item>
      <PriceUpdateDate>2015-01-01 00:00:00</PriceUpdateDate>
      <ItemCode>8443630</ItemCode>
      <ItemType>0</ItemType>
      <ItemName>שמפו נקה 7 לשיער מתו</ItemName>
      <ManufacturerName>אמיליה קוסמטיקס</ManufacturerName>
      <ManufactureCountry>לא ידוע</ManufactureCountry>
      <ManufacturerItemDescription>שמפו נקה 7 לשיער מתולתל 750 מ"ל</ManufacturerItemDescription>
      <UnitQty>מיליליטרים</UnitQty>
      <Quantity>750.00</Quantity>
      <UnitOfMeasure>100 מ"ל</UnitOfMeasure>
      <bIsWeighted>0</bIsWeighted>
      <QtyInPackage>1</QtyInPackage>
      <ItemPrice>8.90</ItemPrice>
      <UnitOfMeasurePrice>1.1867</UnitOfMeasurePrice>
      <AllowDiscount>1</AllowDiscount>
      <ItemStatus>1</ItemStatus>
      <ItemId>227193</ItemId>
    </Item>
    <Item>
      <PriceUpdateDate>2015-01-01 00:00:00</PriceUpdateDate>
      <ItemCode>5617584</ItemCode>
      <ItemType>0</ItemType>
      <ItemName>ספוג מסג מיוחד נופר</ItemName>
      <ManufacturerName>,</ManufacturerName>
      <ManufactureCountry>לא ידוע</ManufactureCountry>
      <ManufacturerItemDescription>ספוג מסג מיוחד נופר</ManufacturerItemDescription>
      <UnitQty>Unknown </UnitQty>
      <Quantity>0.00</Quantity>
      <UnitOfMeasure>Unknown </UnitOfMeasure>
      <bIsWeighted>0</bIsWeighted>
      <QtyInPackage>1</QtyInPackage>
      <ItemPrice>6.90</ItemPrice>
      <UnitOfMeasurePrice>0.0000</UnitOfMeasurePrice>
      <AllowDiscount>1</AllowDiscount>
      <ItemStatus>1</ItemStatus>
      <ItemId>227228</ItemId>
    </Item>
    <Item>
      <PriceUpdateDate>2015-01-01 00:00:00</PriceUpdateDate>
      <ItemCode>5617430</ItemCode>
      <ItemType>0</ItemType>
      <ItemName>ספוג מסג דו צדדי נופ</ItemName>
      <ManufacturerName>,</ManufacturerName>
      <ManufactureCountry>לא ידוע</ManufactureCountry>
      <ManufacturerItemDescription>ספוג מסג דו צדדי נופר</ManufacturerItemDescription>
      <UnitQty>Unknown </UnitQty>
      <Quantity>0.00</Quantity>
      <UnitOfMeasure>Unknown </UnitOfMeasure>
      <bIsWeighted>0</bIsWeighted>
      <QtyInPackage>1</QtyInPackage>
      <ItemPrice>4.90</ItemPrice>
      <UnitOfMeasurePrice>0.0000</UnitOfMeasurePrice>
      <AllowDiscount>1</AllowDiscount>
      <ItemStatus>1</ItemStatus>
      <ItemId>227230</ItemId>
    </Item>
    <Item>
      <PriceUpdateDate>2015-01-01 00:00:00</PriceUpdateDate>
      <ItemCode>835811009184</ItemCode>
      <ItemType>0</ItemType>
      <ItemName>צלחות אלגנט ענק 18 י</ItemName>
      <ManufacturerName>,</ManufacturerName>
      <ManufactureCountry>לא ידוע</ManufactureCountry>
      <ManufacturerItemDescription>צלחות אלגנט 110 ענק 18 יח</ManufacturerItemDescription>
      <UnitQty>Unknown </UnitQty>
      <Quantity>0.00</Quantity>
      <UnitOfMeasure>Unknown </UnitOfMeasure>
      <bIsWeighted>0</bIsWeighted>
      <QtyInPackage>1</QtyInPackage>
      <ItemPrice>29.90</ItemPrice>
      <UnitOfMeasurePrice>0.0000</UnitOfMeasurePrice>
      <AllowDiscount>1</AllowDiscount>
      <ItemStatus>1</ItemStatus>
      <ItemId>227239</ItemId>
    </Item>
    <Item>
      <PriceUpdateDate>2015-01-01 00:00:00</PriceUpdateDate>
      <ItemCode>835811009191</ItemCode>
      <ItemType>0</ItemType>
      <ItemName>צלחות אלגנט בינוני 1</ItemName>
      <ManufacturerName>,</ManufacturerName>
      <ManufactureCountry>לא ידוע</ManufactureCountry>
      <ManufacturerItemDescription>צלחות אלגנט 9 בינוני</ManufacturerItemDescription>
      <UnitQty>Unknown </UnitQty>
      <Quantity>0.00</Quantity>
      <UnitOfMeasure>Unknown </UnitOfMeasure>
      <bIsWeighted>0</bIsWeighted>
      <QtyInPackage>1</QtyInPackage>
      <ItemPrice>21.90</ItemPrice>
      <UnitOfMeasurePrice>0.0000</UnitOfMeasurePrice>
      <AllowDiscount>1</AllowDiscount>
      <ItemStatus>1</ItemStatus>
      <ItemId>227240</ItemId>
    </Item>
    <Item>
      <PriceUpdateDate>2015-01-01 00:00:00</PriceUpdateDate>
      <ItemCode>835811009214</ItemCode>
      <ItemType>0</ItemType>
      <ItemName>צלחות אלגנט קטנות 18</ItemName>
      <ManufacturerName>,</ManufacturerName>
      <ManufactureCountry>לא ידוע</ManufactureCountry>
      <ManufacturerItemDescription>צלחות אלגנט 7.5 קטן</ManufacturerItemDescription>
      <UnitQty>Unknown </UnitQty>
      <Quantity>0.00</Quantity>
      <UnitOfMeasure>Unknown </UnitOfMeasure>
      <bIsWeighted>0</bIsWeighted>
      <QtyInPackage>1</QtyInPackage>
      <ItemPrice>15.90</ItemPrice>
      <UnitOfMeasurePrice>0.0000</UnitOfMeasurePrice>
      <AllowDiscount>1</AllowDiscount>
      <ItemStatus>1</ItemStatus>
      <ItemId>227241</ItemId>
    </Item>
    <Item>
      <PriceUpdateDate>2015-01-01 00:00:00</PriceUpdateDate>
      <ItemCode>835811009221</ItemCode>
      <ItemType>0</ItemType>
      <ItemName>לפתניות אלגנט 18 יח</ItemName>
      <ManufacturerName>,</ManufacturerName>
      <ManufactureCountry>לא ידוע</ManufactureCountry>
      <ManufacturerItemDescription>לפתניות אלגנט עגול 18 יח</ManufacturerItemDescription>
      <UnitQty>Unknown </UnitQty>
      <Quantity>0.00</Quantity>
      <UnitOfMeasure>Unknown </UnitOfMeasure>
      <bIsWeighted>0</bIsWeighted>
      <QtyInPackage>1</QtyInPackage>
      <ItemPrice>8.90</ItemPrice>
      <UnitOfMeasurePrice>0.0000</UnitOfMeasurePrice>
      <AllowDiscount>1</AllowDiscount>
      <ItemStatus>1</ItemStatus>
      <ItemId>227242</ItemId>
    </Item>
    <Item>
      <PriceUpdateDate>2015-01-01 00:00:00</PriceUpdateDate>
      <ItemCode>1215456</ItemCode>
      <ItemType>0</ItemType>
      <ItemName>פילה מקרל מקרוסקה</ItemName>
      <ManufacturerName>מעדני מיקי תעשיות מז</ManufacturerName>
      <ManufactureCountry>לא ידוע</ManufactureCountry>
      <ManufacturerItemDescription>פילה מקרל מקרוסקה</ManufacturerItemDescription>
      <UnitQty>קילוגרמים</UnitQty>
      <Quantity>1.00</Quantity>
      <UnitOfMeasure>ק"ג</UnitOfMeasure>
      <bIsWeighted>1</bIsWeighted>
      <QtyInPackage>לא ידוע</QtyInPackage>
      <ItemPrice>89.90</ItemPrice>
      <UnitOfMeasurePrice>89.9000</UnitOfMeasurePrice>
      <AllowDiscount>1</AllowDiscount>
      <ItemStatus>1</ItemStatus>
      <ItemId>227251</ItemId>
    </Item>
    <Item>
      <PriceUpdateDate>2015-01-01 00:00:00</PriceUpdateDate>
      <ItemCode>4048525</ItemCode>
      <ItemType>0</ItemType>
      <ItemName>פילה אמנון 5-7</ItemName>
      <ManufacturerName>דלידג</ManufacturerName>
      <ManufactureCountry>לא ידוע</ManufactureCountry>
      <ManufacturerItemDescription>פילה אמנון 5-7</ManufacturerItemDescription>
      <UnitQty>קילוגרמים</UnitQty>
      <Quantity>1.00</Quantity>
      <UnitOfMeasure>ק"ג</UnitOfMeasure>
      <bIsWeighted>1</bIsWeighted>
      <QtyInPackage>לא ידוע</QtyInPackage>
      <ItemPrice>34.90</ItemPrice>
      <UnitOfMeasurePrice>34.9000</UnitOfMeasurePrice>
      <AllowDiscount>1</AllowDiscount>
      <ItemStatus>1</ItemStatus>
      <ItemId>227253</ItemId>
    </Item>
    <Item>
      <PriceUpdateDate>2015-01-01 00:00:00</PriceUpdateDate>
      <ItemCode>7290011877446</ItemCode>
      <ItemType>0</ItemType>
      <ItemName>בייבי כיף קרם למניעת</ItemName>
      <ManufacturerName>קוסמופארם</ManufacturerName>
      <ManufactureCountry>לא ידוע</ManufactureCountry>
      <ManufacturerItemDescription>בייבי כיף קרם למניעת גירויים 100 מ"ל</ManufacturerItemDescription>
      <UnitQty>גרמים</UnitQty>
      <Quantity>100.00</Quantity>
      <UnitOfMeasure>100 גרם</UnitOfMeasure>
      <bIsWeighted>0</bIsWeighted>
      <QtyInPackage>1</QtyInPackage>
      <ItemPrice>15.90</ItemPrice>
      <UnitOfMeasurePrice>15.9000</UnitOfMeasurePrice>
      <AllowDiscount>1</AllowDiscount>
      <ItemStatus>1</ItemStatus>
      <ItemId>227263</ItemId>
    </Item>
    <Item>
      <PriceUpdateDate>2015-01-01 00:00:00</PriceUpdateDate>
      <ItemCode>7290012116575</ItemCode>
      <ItemType>0</ItemType>
      <ItemName>כיף שעוה למיקרו דבש</ItemName>
      <ManufacturerName>,</ManufacturerName>
      <ManufactureCountry>לא ידוע</ManufactureCountry>
      <ManufacturerItemDescription>כיף שעוה למיקרו דבש 500 מ"ל</ManufacturerItemDescription>
      <UnitQty>גרמים</UnitQty>
      <Quantity>500.00</Quantity>
      <UnitOfMeasure>100 גרם</UnitOfMeasure>
      <bIsWeighted>0</bIsWeighted>
      <QtyInPackage>1</QtyInPackage>
      <ItemPrice>18.90</ItemPrice>
      <UnitOfMeasurePrice>3.7800</UnitOfMeasurePrice>
      <AllowDiscount>1</AllowDiscount>
      <ItemStatus>1</ItemStatus>
      <ItemId>227266</ItemId>
    </Item>
    <Item>
      <PriceUpdateDate>2016-06-22 11:25:33</PriceUpdateDate>
      <ItemCode>9000100891141</ItemCode>
      <ItemType>1</ItemType>
      <ItemName>טבליות גל כביסה פרסי</ItemName>
      <ManufacturerName>,</ManufacturerName>
      <ManufactureCountry>לא ידוע</ManufactureCountry>
      <ManufacturerItemDescription>טבליות גל כביסה פרסיל 26 יח</ManufacturerItemDescription>
      <UnitQty>Unknown </UnitQty>
      <Quantity>0.00</Quantity>
      <UnitOfMeasure>Unknown </UnitOfMeasure>
      <bIsWeighted>0</bIsWeighted>
      <QtyInPackage>1</QtyInPackage>
      <ItemPrice>14.90</ItemPrice>
      <UnitOfMeasurePrice>0.0000</UnitOfMeasurePrice>
      <AllowDiscount>1</AllowDiscount>
      <ItemStatus>1</ItemStatus>
      <ItemId>268606</ItemId>
    </Item>
    <Item>
      <PriceUpdateDate>2016-02-10 13:55:00</PriceUpdateDate>
      <ItemCode>7290012116681</ItemCode>
      <ItemType>0</ItemType>
      <ItemName>דאודורנט קרמה מן גל-</ItemName>
      <ManufacturerName>קוסמופארם</ManufacturerName>
      <ManufactureCountry>לא ידוע</ManufactureCountry>
      <ManufacturerItemDescription>דאודורנט קרמה מן גל-קאלם 75 מ"ל</ManufacturerItemDescription>
      <UnitQty>מיליליטרים</UnitQty>
      <Quantity>75.00</Quantity>
      <UnitOfMeasure>100 מ"ל</UnitOfMeasure>
      <bIsWeighted>0</bIsWeighted>
      <QtyInPackage>1</QtyInPackage>
      <ItemPrice>9.90</ItemPrice>
      <UnitOfMeasurePrice>13.2000</UnitOfMeasurePrice>
      <AllowDiscount>1</AllowDiscount>
      <ItemStatus>1</ItemStatus>
      <ItemId>227270</ItemId>
    </Item>
    <Item>
      <PriceUpdateDate>2016-02-10 13:55:00</PriceUpdateDate>
      <ItemCode>7290012116698</ItemCode>
      <ItemType>0</ItemType>
      <ItemName>דאודורנט קרמה מן גל-</ItemName>
      <ManufacturerName>קוסמופארם</ManufacturerName>
      <ManufactureCountry>לא ידוע</ManufactureCountry>
      <ManufacturerItemDescription>דאודורנט קרמה מן גל-אולטימטיבי 75 מ"ל</ManufacturerItemDescription>
      <UnitQty>מיליליטרים</UnitQty>
      <Quantity>75.00</Quantity>
      <UnitOfMeasure>100 מ"ל</UnitOfMeasure>
      <bIsWeighted>0</bIsWeighted>
      <QtyInPackage>1</QtyInPackage>
      <ItemPrice>9.90</ItemPrice>
      <UnitOfMeasurePrice>13.2000</UnitOfMeasurePrice>
      <AllowDiscount>1</AllowDiscount>
      <ItemStatus>1</ItemStatus>
      <ItemId>227271</ItemId>
    </Item>
    <Item>
      <PriceUpdateDate>2015-01-01 00:00:00</PriceUpdateDate>
      <ItemCode>7290010193035</ItemCode>
      <ItemType>0</ItemType>
      <ItemName>כבד עוף צלוי א.מ 250</ItemName>
      <ManufacturerName>,</ManufacturerName>
      <ManufactureCountry>לא ידוע</ManufactureCountry>
      <ManufacturerItemDescription>כבד עוף צלוי א.מ 250 גרם</ManufacturerItemDescription>
      <UnitQty>Unknown </UnitQty>
      <Quantity>0.00</Quantity>
      <UnitOfMeasure>Unknown </UnitOfMeasure>
      <bIsWeighted>0</bIsWeighted>
      <QtyInPackage>1</QtyInPackage>
      <ItemPrice>26.90</ItemPrice>
      <UnitOfMeasurePrice>0.0000</UnitOfMeasurePrice>
      <AllowDiscount>1</AllowDiscount>
      <ItemStatus>1</ItemStatus>
      <ItemId>227276</ItemId>
    </Item>
    <Item>
      <PriceUpdateDate>2015-01-01 00:00:00</PriceUpdateDate>
      <ItemCode>3751273</ItemCode>
      <ItemType>0</ItemType>
      <ItemName>רולדה עוף מיוחד ק"ג</ItemName>
      <ManufacturerName>מ ב גלאט עוף למהדרין</ManufacturerName>
      <ManufactureCountry>ישראל</ManufactureCountry>
      <ManufacturerItemDescription>רולדה עוף מיוחד קג</ManufacturerItemDescription>
      <UnitQty>קילוגרמים</UnitQty>
      <Quantity>1.00</Quantity>
      <UnitOfMeasure>ק"ג</UnitOfMeasure>
      <bIsWeighted>1</bIsWeighted>
      <QtyInPackage>1</QtyInPackage>
      <ItemPrice>34.90</ItemPrice>
      <UnitOfMeasurePrice>34.9000</UnitOfMeasurePrice>
      <AllowDiscount>1</AllowDiscount>
      <ItemStatus>1</ItemStatus>
      <ItemId>227277</ItemId>
    </Item>
    <Item>
      <PriceUpdateDate>2015-01-01 00:00:00</PriceUpdateDate>
      <ItemCode>3203314</ItemCode>
      <ItemType>0</ItemType>
      <ItemName>בשר אדום עוף מיוחד ק</ItemName>
      <ManufacturerName>מ ב גלאט עוף למהדרין</ManufacturerName>
      <ManufactureCountry>ישראל</ManufactureCountry>
      <ManufacturerItemDescription>בשר אדום עוף מיוחד קג</ManufacturerItemDescription>
      <UnitQty>קילוגרמים</UnitQty>
      <Quantity>1.00</Quantity>
      <UnitOfMeasure>ק"ג</UnitOfMeasure>
      <bIsWeighted>1</bIsWeighted>
      <QtyInPackage>1</QtyInPackage>
      <ItemPrice>34.90</ItemPrice>
      <UnitOfMeasurePrice>34.9000</UnitOfMeasurePrice>
      <AllowDiscount>1</AllowDiscount>
      <ItemStatus>1</ItemStatus>
      <ItemId>227278</ItemId>
    </Item>
    <Item>
      <PriceUpdateDate>2015-01-01 00:00:00</PriceUpdateDate>
      <ItemCode>7290010193677</ItemCode>
      <ItemType>0</ItemType>
      <ItemName>טחון עוף 500 גרם</ItemName>
      <ManufacturerName>,</ManufacturerName>
      <ManufactureCountry>לא ידוע</ManufactureCountry>
      <ManufacturerItemDescription>טחון עוף 500 גרם</ManufacturerItemDescription>
      <UnitQty>גרמים</UnitQty>
      <Quantity>500.00</Quantity>
      <UnitOfMeasure>100 גרם</UnitOfMeasure>
      <bIsWeighted>0</bIsWeighted>
      <QtyInPackage>1</QtyInPackage>
      <ItemPrice>17.90</ItemPrice>
      <UnitOfMeasurePrice>3.5800</UnitOfMeasurePrice>
      <AllowDiscount>1</AllowDiscount>
      <ItemStatus>1</ItemStatus>
      <ItemId>227280</ItemId>
    </Item>
    <Item>
      <PriceUpdateDate>2015-01-01 00:00:00</PriceUpdateDate>
      <ItemCode>7290010193660</ItemCode>
      <ItemType>0</ItemType>
      <ItemName>טחון עוף 500 גרם</ItemName>
      <ManufacturerName>מ ב גלאט עוף למהדרין</ManufacturerName>
      <ManufactureCountry>ישראל</ManufactureCountry>
      <ManufacturerItemDescription>טחון עוף 500 גרם</ManufacturerItemDescription>
      <UnitQty>גרמים</UnitQty>
      <Quantity>500.00</Quantity>
      <UnitOfMeasure>100 גרם</UnitOfMeasure>
      <bIsWeighted>0</bIsWeighted>
      <QtyInPackage>1</QtyInPackage>
      <ItemPrice>16.90</ItemPrice>
      <UnitOfMeasurePrice>3.3800</UnitOfMeasurePrice>
      <AllowDiscount>1</AllowDiscount>
      <ItemStatus>1</ItemStatus>
      <ItemId>227281</ItemId>
    </Item>
    <Item>
      <PriceUpdateDate>2015-01-01 00:00:00</PriceUpdateDate>
      <ItemCode>7290010193288</ItemCode>
      <ItemType>0</ItemType>
      <ItemName>קישקע ממולא 500 גרם</ItemName>
      <ManufacturerName>מ ב גלאט עוף למהדרין</ManufacturerName>
      <ManufactureCountry>ישראל</ManufactureCountry>
      <ManufacturerItemDescription>קישקע ממולא 500 גרם</ManufacturerItemDescription>
      <UnitQty>גרמים</UnitQty>
      <Quantity>500.00</Quantity>
      <UnitOfMeasure>100 גרם</UnitOfMeasure>
      <bIsWeighted>0</bIsWeighted>
      <QtyInPackage>1</QtyInPackage>
      <ItemPrice>15.90</ItemPrice>
      <UnitOfMeasurePrice>3.1800</UnitOfMeasurePrice>
      <AllowDiscount>1</AllowDiscount>
      <ItemStatus>1</ItemStatus>
      <ItemId>227287</ItemId>
    </Item>
    <Item>
      <PriceUpdateDate>2015-09-20 12:48:04</PriceUpdateDate>
      <ItemCode>7290100240632</ItemCode>
      <ItemType>0</ItemType>
      <ItemName>פתית 6 דגנים 250 גרם</ItemName>
      <ManufacturerName>יוניליוור</ManufacturerName>
      <ManufactureCountry>ישראל</ManufactureCountry>
      <ManufacturerItemDescription>פתית 6 דגנים 250 גרם בדצ</ManufacturerItemDescription>
      <UnitQty>גרמים</UnitQty>
      <Quantity>250.00</Quantity>
      <UnitOfMeasure>100 גרם</UnitOfMeasure>
      <bIsWeighted>0</bIsWeighted>
      <QtyInPackage>1</QtyInPackage>
      <ItemPrice>14.90</ItemPrice>
      <UnitOfMeasurePrice>5.9600</UnitOfMeasurePrice>
      <AllowDiscount>1</AllowDiscount>
      <ItemStatus>1</ItemStatus>
      <ItemId>227307</ItemId>
    </Item>
    <Item>
      <PriceUpdateDate>2015-09-20 12:48:04</PriceUpdateDate>
      <ItemCode>7290100240656</ItemCode>
      <ItemType>0</ItemType>
      <ItemName>פתית שיפון 300 גרם ב</ItemName>
      <ManufacturerName>יוניליוור</ManufacturerName>
      <ManufactureCountry>ישראל</ManufactureCountry>
      <ManufacturerItemDescription>פתית שיפון 300 גרם בדצ</ManufacturerItemDescription>
      <UnitQty>גרמים</UnitQty>
      <Quantity>300.00</Quantity>
      <UnitOfMeasure>100 גרם</UnitOfMeasure>
      <bIsWeighted>0</bIsWeighted>
      <QtyInPackage>1</QtyInPackage>
      <ItemPrice>14.90</ItemPrice>
      <UnitOfMeasurePrice>4.9667</UnitOfMeasurePrice>
      <AllowDiscount>1</AllowDiscount>
      <ItemStatus>1</ItemStatus>
      <ItemId>227308</ItemId>
    </Item>
    <Item>
      <PriceUpdateDate>2015-01-01 00:00:00</PriceUpdateDate>
      <ItemCode>3808649</ItemCode>
      <ItemType>0</ItemType>
      <ItemName>שוקולד מריר 2 יח ורד</ItemName>
      <ManufacturerName>יוניליוור</ManufacturerName>
      <ManufactureCountry>לא ידוע</ManufactureCountry>
      <ManufacturerItemDescription>שוקולד מריר 2 יח ורד הגליל</ManufacturerItemDescription>
      <UnitQty>גרמים</UnitQty>
      <Quantity>200.00</Quantity>
      <UnitOfMeasure>100 גרם</UnitOfMeasure>
      <bIsWeighted>0</bIsWeighted>
      <QtyInPackage>1</QtyInPackage>
      <ItemPrice>11.90</ItemPrice>
      <UnitOfMeasurePrice>5.9500</UnitOfMeasurePrice>
      <AllowDiscount>1</AllowDiscount>
      <ItemStatus>1</ItemStatus>
      <ItemId>227310</ItemId>
    </Item>
    <Item>
      <PriceUpdateDate>2015-01-01 00:00:00</PriceUpdateDate>
      <ItemCode>7290100243664</ItemCode>
      <ItemType>0</ItemType>
      <ItemName>מרכך כביסה בדין אקסט</ItemName>
      <ManufacturerName>יוניליוור</ManufacturerName>
      <ManufactureCountry>לא ידוע</ManufactureCountry>
      <ManufacturerItemDescription>מ.כביסה בדין אקסטרא סגול 960 מ"ל</ManufacturerItemDescription>
      <UnitQty>מיליליטרים</UnitQty>
      <Quantity>960.00</Quantity>
      <UnitOfMeasure>100 מ"ל</UnitOfMeasure>
      <bIsWeighted>0</bIsWeighted>
      <QtyInPackage>1</QtyInPackage>
      <ItemPrice>11.90</ItemPrice>
      <UnitOfMeasurePrice>1.2396</UnitOfMeasurePrice>
      <AllowDiscount>1</AllowDiscount>
      <ItemStatus>1</ItemStatus>
      <ItemId>227314</ItemId>
    </Item>
    <Item>
      <PriceUpdateDate>2015-01-01 00:00:00</PriceUpdateDate>
      <ItemCode>7290100243688</ItemCode>
      <ItemType>0</ItemType>
      <ItemName>מרכך כביסה בדין אקסט</ItemName>
      <ManufacturerName>יוניליוור</ManufacturerName>
      <ManufactureCountry>לא ידוע</ManufactureCountry>
      <ManufacturerItemDescription>מ.כביסה בדין אקסטרא ורוד 960 מ"ל</ManufacturerItemDescription>
      <UnitQty>מיליליטרים</UnitQty>
      <Quantity>960.00</Quantity>
      <UnitOfMeasure>100 מ"ל</UnitOfMeasure>
      <bIsWeighted>0</bIsWeighted>
      <QtyInPackage>1</QtyInPackage>
      <ItemPrice>11.90</ItemPrice>
      <UnitOfMeasurePrice>1.2396</UnitOfMeasurePrice>
      <AllowDiscount>1</AllowDiscount>
      <ItemStatus>1</ItemStatus>
      <ItemId>227315</ItemId>
    </Item>
    <Item>
      <PriceUpdateDate>2015-01-01 00:00:00</PriceUpdateDate>
      <ItemCode>42404</ItemCode>
      <ItemType>0</ItemType>
      <ItemName>חלב מועשר 3% בשקית י</ItemName>
      <ManufacturerName>שטראוס</ManufacturerName>
      <ManufactureCountry>ישראל</ManufactureCountry>
      <ManufacturerItemDescription>חלב מועשר 3% בשקית יטבתה 1 ליטר</ManufacturerItemDescription>
      <UnitQty>ליטרים</UnitQty>
      <Quantity>1.00</Quantity>
      <UnitOfMeasure>ליטר    </UnitOfMeasure>
      <bIsWeighted>0</bIsWeighted>
      <QtyInPackage>1</QtyInPackage>
      <ItemPrice>5.50</ItemPrice>
      <UnitOfMeasurePrice>5.5000</UnitOfMeasurePrice>
      <AllowDiscount>1</AllowDiscount>
      <ItemStatus>1</ItemStatus>
      <ItemId>245615</ItemId>
    </Item>
    <Item>
      <PriceUpdateDate>2015-01-01 00:00:00</PriceUpdateDate>
      <ItemCode>8257718</ItemCode>
      <ItemType>0</ItemType>
      <ItemName>רפידות הנקה זוג</ItemName>
      <ManufacturerName>,</ManufacturerName>
      <ManufactureCountry>לא ידוע</ManufactureCountry>
      <ManufacturerItemDescription>רפידות הנקה זוג</ManufacturerItemDescription>
      <UnitQty>Unknown </UnitQty>
      <Quantity>0.00</Quantity>
      <UnitOfMeasure>Unknown </UnitOfMeasure>
      <bIsWeighted>0</bIsWeighted>
      <QtyInPackage>1</QtyInPackage>
      <ItemPrice>18.90</ItemPrice>
      <UnitOfMeasurePrice>0.0000</UnitOfMeasurePrice>
      <AllowDiscount>1</AllowDiscount>
      <ItemStatus>1</ItemStatus>
      <ItemId>245296</ItemId>
    </Item>
    <Item>
      <PriceUpdateDate>2015-01-01 00:00:00</PriceUpdateDate>
      <ItemCode>7290101867647</ItemCode>
      <ItemType>0</ItemType>
      <ItemName>נוזל אסלה הרפיק שליש</ItemName>
      <ManufacturerName>RB פולין</ManufacturerName>
      <ManufactureCountry>לא ידוע</ManufactureCountry>
      <ManufacturerItemDescription>נוזל אסלה הרפיק שלישיה</ManufacturerItemDescription>
      <UnitQty>ליטרים</UnitQty>
      <Quantity>2.25</Quantity>
      <UnitOfMeasure>ליטר    </UnitOfMeasure>
      <bIsWeighted>0</bIsWeighted>
      <QtyInPackage>1</QtyInPackage>
      <ItemPrice>18.90</ItemPrice>
      <UnitOfMeasurePrice>8.4000</UnitOfMeasurePrice>
      <AllowDiscount>1</AllowDiscount>
      <ItemStatus>1</ItemStatus>
      <ItemId>242058</ItemId>
    </Item>
    <Item>
      <PriceUpdateDate>2016-04-18 18:06:13</PriceUpdateDate>
      <ItemCode>70970458378</ItemCode>
      <ItemType>1</ItemType>
      <ItemName>סוכריות מייק &amp; אייק</ItemName>
      <ManufacturerName>,</ManufacturerName>
      <ManufactureCountry>לא ידוע</ManufactureCountry>
      <ManufacturerItemDescription>סוכריות מייק &amp; אייק 24 יח</ManufacturerItemDescription>
      <UnitQty>גרמים</UnitQty>
      <Quantity>528.00</Quantity>
      <UnitOfMeasure>100 גרם</UnitOfMeasure>
      <bIsWeighted>0</bIsWeighted>
      <QtyInPackage>1</QtyInPackage>
      <ItemPrice>14.90</ItemPrice>
      <UnitOfMeasurePrice>2.8220</UnitOfMeasurePrice>
      <AllowDiscount>1</AllowDiscount>
      <ItemStatus>1</ItemStatus>
      <ItemId>267967</ItemId>
    </Item>
    <Item>
      <PriceUpdateDate>2016-02-11 13:45:52</PriceUpdateDate>
      <ItemCode>474502</ItemCode>
      <ItemType>0</ItemType>
      <ItemName>גבינה לבנה 5% 250 גר</ItemName>
      <ManufacturerName>טרה</ManufacturerName>
      <ManufactureCountry>לא ידוע</ManufactureCountry>
      <ManufacturerItemDescription>גבינה לבנה 5% 250 גרם מהדרין</ManufacturerItemDescription>
      <UnitQty>גרמים</UnitQty>
      <Quantity>250.00</Quantity>
      <UnitOfMeasure>100 גרם</UnitOfMeasure>
      <bIsWeighted>0</bIsWeighted>
      <QtyInPackage>1</QtyInPackage>
      <ItemPrice>4.50</ItemPrice>
      <UnitOfMeasurePrice>1.8000</UnitOfMeasurePrice>
      <AllowDiscount>1</AllowDiscount>
      <ItemStatus>1</ItemStatus>
      <ItemId>227327</ItemId>
    </Item>
    <Item>
      <PriceUpdateDate>2015-01-01 00:00:00</PriceUpdateDate>
      <ItemCode>7290102391844</ItemCode>
      <ItemType>0</ItemType>
      <ItemName>מולר פרופ פרי פירות</ItemName>
      <ManufacturerName>טרה</ManufacturerName>
      <ManufactureCountry>לא ידוע</ManufactureCountry>
      <ManufacturerItemDescription>מולר פרופ פרי פירות יער 150 מ"ל</ManufacturerItemDescription>
      <UnitQty>מיליליטרים</UnitQty>
      <Quantity>150.00</Quantity>
      <UnitOfMeasure>100 מ"ל</UnitOfMeasure>
      <bIsWeighted>0</bIsWeighted>
      <QtyInPackage>1</QtyInPackage>
      <ItemPrice>4.80</ItemPrice>
      <UnitOfMeasurePrice>3.2000</UnitOfMeasurePrice>
      <AllowDiscount>1</AllowDiscount>
      <ItemStatus>1</ItemStatus>
      <ItemId>227330</ItemId>
    </Item>
    <Item>
      <PriceUpdateDate>2016-03-08 08:35:07</PriceUpdateDate>
      <ItemCode>8830690</ItemCode>
      <ItemType>0</ItemType>
      <ItemName>מובחרים מן הטבע</ItemName>
      <ManufacturerName>,</ManufacturerName>
      <ManufactureCountry>לא ידוע</ManufactureCountry>
      <ManufacturerItemDescription>מובחרים מן הטבע</ManufacturerItemDescription>
      <UnitQty>Unknown </UnitQty>
      <Quantity>0.00</Quantity>
      <UnitOfMeasure>Unknown </UnitOfMeasure>
      <bIsWeighted>0</bIsWeighted>
      <QtyInPackage>1</QtyInPackage>
      <ItemPrice>10.00</ItemPrice>
      <UnitOfMeasurePrice>0.0000</UnitOfMeasurePrice>
      <AllowDiscount>1</AllowDiscount>
      <ItemStatus>1</ItemStatus>
      <ItemId>255479</ItemId>
    </Item>
    <Item>
      <PriceUpdateDate>2015-05-19 16:30:53</PriceUpdateDate>
      <ItemCode>7290015014724</ItemCode>
      <ItemType>0</ItemType>
      <ItemName>מיקרו רשד</ItemName>
      <ManufacturerName>,</ManufacturerName>
      <ManufactureCountry>לא ידוע</ManufactureCountry>
      <ManufacturerItemDescription>מיקרו רשד</ManufacturerItemDescription>
      <UnitQty>Unknown </UnitQty>
      <Quantity>0.00</Quantity>
      <UnitOfMeasure>Unknown </UnitOfMeasure>
      <bIsWeighted>0</bIsWeighted>
      <QtyInPackage>1</QtyInPackage>
      <ItemPrice>6.90</ItemPrice>
      <UnitOfMeasurePrice>0.0000</UnitOfMeasurePrice>
      <AllowDiscount>1</AllowDiscount>
      <ItemStatus>1</ItemStatus>
      <ItemId>259552</ItemId>
    </Item>
    <Item>
      <PriceUpdateDate>2015-01-01 00:00:00</PriceUpdateDate>
      <ItemCode>7290100686928</ItemCode>
      <ItemType>0</ItemType>
      <ItemName>עוגת שוקולד פרורים 4</ItemName>
      <ManufacturerName>אסם</ManufacturerName>
      <ManufactureCountry>לא ידוע</ManufactureCountry>
      <ManufacturerItemDescription>עוגת שוקולד פרורים 400 גרם</ManufacturerItemDescription>
      <UnitQty>גרמים</UnitQty>
      <Quantity>400.00</Quantity>
      <UnitOfMeasure>100 גרם</UnitOfMeasure>
      <bIsWeighted>0</bIsWeighted>
      <QtyInPackage>1</QtyInPackage>
      <ItemPrice>16.90</ItemPrice>
      <UnitOfMeasurePrice>4.2250</UnitOfMeasurePrice>
      <AllowDiscount>1</AllowDiscount>
      <ItemStatus>1</ItemStatus>
      <ItemId>227357</ItemId>
    </Item>
    <Item>
      <PriceUpdateDate>2015-01-01 00:00:00</PriceUpdateDate>
      <ItemCode>7290100684306</ItemCode>
      <ItemType>0</ItemType>
      <ItemName>רוטב צילי מתוק 600 מ</ItemName>
      <ManufacturerName>אסם</ManufacturerName>
      <ManufactureCountry>לא ידוע</ManufactureCountry>
      <ManufacturerItemDescription>רוטב צילי מתוק 600 מ"ל</ManufacturerItemDescription>
      <UnitQty>מיליליטרים</UnitQty>
      <Quantity>600.00</Quantity>
      <UnitOfMeasure>100 מ"ל</UnitOfMeasure>
      <bIsWeighted>0</bIsWeighted>
      <QtyInPackage>1</QtyInPackage>
      <ItemPrice>16.90</ItemPrice>
      <UnitOfMeasurePrice>2.8167</UnitOfMeasurePrice>
      <AllowDiscount>1</AllowDiscount>
      <ItemStatus>1</ItemStatus>
      <ItemId>227358</ItemId>
    </Item>
    <Item>
      <PriceUpdateDate>2015-09-20 12:45:35</PriceUpdateDate>
      <ItemCode>24905</ItemCode>
      <ItemType>0</ItemType>
      <ItemName>וודקה קגלביץ קלאסיקה</ItemName>
      <ManufacturerName>ברקן סגל</ManufacturerName>
      <ManufactureCountry>לא ידוע</ManufactureCountry>
      <ManufacturerItemDescription>וודקה קגלביץ קלאסיקה 40% 700 מ"ל</ManufacturerItemDescription>
      <UnitQty>מיליליטרים</UnitQty>
      <Quantity>700.00</Quantity>
      <UnitOfMeasure>100 מ"ל</UnitOfMeasure>
      <bIsWeighted>0</bIsWeighted>
      <QtyInPackage>1</QtyInPackage>
      <ItemPrice>49.90</ItemPrice>
      <UnitOfMeasurePrice>7.1286</UnitOfMeasurePrice>
      <AllowDiscount>1</AllowDiscount>
      <ItemStatus>1</ItemStatus>
      <ItemId>227364</ItemId>
    </Item>
    <Item>
      <PriceUpdateDate>2016-04-18 18:06:13</PriceUpdateDate>
      <ItemCode>7290002739685</ItemCode>
      <ItemType>1</ItemType>
      <ItemName>נקניקיות מרגז 400 גר</ItemName>
      <ManufacturerName>עטרה</ManufacturerName>
      <ManufactureCountry>ישראל</ManufactureCountry>
      <ManufacturerItemDescription>נקניקיות מרגז 400 גרם עטרה</ManufacturerItemDescription>
      <UnitQty>גרמים</UnitQty>
      <Quantity>400.00</Quantity>
      <UnitOfMeasure>100 גרם</UnitOfMeasure>
      <bIsWeighted>0</bIsWeighted>
      <QtyInPackage>1</QtyInPackage>
      <ItemPrice>19.90</ItemPrice>
      <UnitOfMeasurePrice>4.9750</UnitOfMeasurePrice>
      <AllowDiscount>1</AllowDiscount>
      <ItemStatus>1</ItemStatus>
      <ItemId>267968</ItemId>
    </Item>
    <Item>
      <PriceUpdateDate>2015-09-20 12:45:35</PriceUpdateDate>
      <ItemCode>24912</ItemCode>
      <ItemType>0</ItemType>
      <ItemName>וודקה קגלביץ לימון</ItemName>
      <ManufacturerName>ברקן סגל</ManufacturerName>
      <ManufactureCountry>לא ידוע</ManufactureCountry>
      <ManufacturerItemDescription>וודקה קגלביץ לימון 35% פרש 700 מ"ל</ManufacturerItemDescription>
      <UnitQty>מיליליטרים</UnitQty>
      <Quantity>700.00</Quantity>
      <UnitOfMeasure>100 מ"ל</UnitOfMeasure>
      <bIsWeighted>0</bIsWeighted>
      <QtyInPackage>1</QtyInPackage>
      <ItemPrice>39.90</ItemPrice>
      <UnitOfMeasurePrice>5.7000</UnitOfMeasurePrice>
      <AllowDiscount>1</AllowDiscount>
      <ItemStatus>1</ItemStatus>
      <ItemId>227365</ItemId>
    </Item>
    <Item>
      <PriceUpdateDate>2016-07-07 16:50:31</PriceUpdateDate>
      <ItemCode>96619315802</ItemCode>
      <ItemType>0</ItemType>
      <ItemName>נייר אלומניום עבה 30</ItemName>
      <ManufacturerName>,</ManufacturerName>
      <ManufactureCountry>לא ידוע</ManufactureCountry>
      <ManufacturerItemDescription>נייר אלומניום עבה 304 מטר</ManufacturerItemDescription>
      <UnitQty>Unknown </UnitQty>
      <Quantity>0.00</Quantity>
      <UnitOfMeasure>Unknown </UnitOfMeasure>
      <bIsWeighted>0</bIsWeighted>
      <QtyInPackage>1</QtyInPackage>
      <ItemPrice>129.90</ItemPrice>
      <UnitOfMeasurePrice>0.0000</UnitOfMeasurePrice>
      <AllowDiscount>1</AllowDiscount>
      <ItemStatus>1</ItemStatus>
      <ItemId>268820</ItemId>
    </Item>
    <Item>
      <PriceUpdateDate>2015-01-01 00:00:00</PriceUpdateDate>
      <ItemCode>8597906</ItemCode>
      <ItemType>0</ItemType>
      <ItemName>אורז יסמין 5 ק"ג שקד</ItemName>
      <ManufacturerName>,</ManufacturerName>
      <ManufactureCountry>לא ידוע</ManufactureCountry>
      <ManufacturerItemDescription>אורז יסמין 5 ק"ג שקדיה</ManufacturerItemDescription>
      <UnitQty>קילוגרמים</UnitQty>
      <Quantity>5.00</Quantity>
      <UnitOfMeasure>ק"ג     </UnitOfMeasure>
      <bIsWeighted>0</bIsWeighted>
      <QtyInPackage>1</QtyInPackage>
      <ItemPrice>39.90</ItemPrice>
      <UnitOfMeasurePrice>7.9800</UnitOfMeasurePrice>
      <AllowDiscount>1</AllowDiscount>
      <ItemStatus>1</ItemStatus>
      <ItemId>227390</ItemId>
    </Item>
    <Item>
      <PriceUpdateDate>2015-01-01 00:00:00</PriceUpdateDate>
      <ItemCode>6102014102276</ItemCode>
      <ItemType>0</ItemType>
      <ItemName>סיכות תיקתק שחור</ItemName>
      <ManufacturerName>,</ManufacturerName>
      <ManufactureCountry>לא ידוע</ManufactureCountry>
      <ManufacturerItemDescription>סיכות תיקתק שחור</ManufacturerItemDescription>
      <UnitQty>Unknown </UnitQty>
      <Quantity>0.00</Quantity>
      <UnitOfMeasure>Unknown </UnitOfMeasure>
      <bIsWeighted>0</bIsWeighted>
      <QtyInPackage>1</QtyInPackage>
      <ItemPrice>8.90</ItemPrice>
      <UnitOfMeasurePrice>0.0000</UnitOfMeasurePrice>
      <AllowDiscount>1</AllowDiscount>
      <ItemStatus>1</ItemStatus>
      <ItemId>251299</ItemId>
    </Item>
    <Item>
      <PriceUpdateDate>2016-06-23 10:16:21</PriceUpdateDate>
      <ItemCode>7290015588218</ItemCode>
      <ItemType>1</ItemType>
      <ItemName>שקיות אשפה בגליל 25</ItemName>
      <ManufacturerName>,</ManufacturerName>
      <ManufactureCountry>לא ידוע</ManufactureCountry>
      <ManufacturerItemDescription>שקיות אשפה בגליל 25 יח</ManufacturerItemDescription>
      <UnitQty>Unknown </UnitQty>
      <Quantity>0.00</Quantity>
      <UnitOfMeasure>Unknown </UnitOfMeasure>
      <bIsWeighted>0</bIsWeighted>
      <QtyInPackage>1</QtyInPackage>
      <ItemPrice>5.90</ItemPrice>
      <UnitOfMeasurePrice>0.0000</UnitOfMeasurePrice>
      <AllowDiscount>1</AllowDiscount>
      <ItemStatus>1</ItemStatus>
      <ItemId>268610</ItemId>
    </Item>
    <Item>
      <PriceUpdateDate>2015-01-01 00:00:00</PriceUpdateDate>
      <ItemCode>327686</ItemCode>
      <ItemType>0</ItemType>
      <ItemName>טמפרי תפוזים 1.5 ליט</ItemName>
      <ManufacturerName>טמפו</ManufacturerName>
      <ManufactureCountry>לא ידוע</ManufactureCountry>
      <ManufacturerItemDescription>טמפרי תפוזים 1.5 ליטר</ManufacturerItemDescription>
      <UnitQty>ליטרים</UnitQty>
      <Quantity>1.50</Quantity>
      <UnitOfMeasure>ליטר    </UnitOfMeasure>
      <bIsWeighted>0</bIsWeighted>
      <QtyInPackage>1</QtyInPackage>
      <ItemPrice>3.40</ItemPrice>
      <UnitOfMeasurePrice>2.2667</UnitOfMeasurePrice>
      <AllowDiscount>1</AllowDiscount>
      <ItemStatus>1</ItemStatus>
      <ItemId>227424</ItemId>
    </Item>
    <Item>
      <PriceUpdateDate>2015-01-01 00:00:00</PriceUpdateDate>
      <ItemCode>327730</ItemCode>
      <ItemType>0</ItemType>
      <ItemName>טמפרי אשכוליות 1.5 ל</ItemName>
      <ManufacturerName>טמפו</ManufacturerName>
      <ManufactureCountry>לא ידוע</ManufactureCountry>
      <ManufacturerItemDescription>טמפרי אשכוליות 1.5 ליטר</ManufacturerItemDescription>
      <UnitQty>ליטרים</UnitQty>
      <Quantity>1.50</Quantity>
      <UnitOfMeasure>ליטר    </UnitOfMeasure>
      <bIsWeighted>0</bIsWeighted>
      <QtyInPackage>1</QtyInPackage>
      <ItemPrice>3.40</ItemPrice>
      <UnitOfMeasurePrice>2.2667</UnitOfMeasurePrice>
      <AllowDiscount>1</AllowDiscount>
      <ItemStatus>1</ItemStatus>
      <ItemId>227425</ItemId>
    </Item>
    <Item>
      <PriceUpdateDate>2015-01-01 00:00:00</PriceUpdateDate>
      <ItemCode>327839</ItemCode>
      <ItemType>0</ItemType>
      <ItemName>טמפרי ענבים 1.5 ליטר</ItemName>
      <ManufacturerName>טמפו</ManufacturerName>
      <ManufactureCountry>לא ידוע</ManufactureCountry>
      <ManufacturerItemDescription>טמפרי ענבים 1.5 ליטר</ManufacturerItemDescription>
      <UnitQty>ליטרים</UnitQty>
      <Quantity>1.50</Quantity>
      <UnitOfMeasure>ליטר    </UnitOfMeasure>
      <bIsWeighted>0</bIsWeighted>
      <QtyInPackage>1</QtyInPackage>
      <ItemPrice>3.40</ItemPrice>
      <UnitOfMeasurePrice>2.2667</UnitOfMeasurePrice>
      <AllowDiscount>1</AllowDiscount>
      <ItemStatus>1</ItemStatus>
      <ItemId>227426</ItemId>
    </Item>
    <Item>
      <PriceUpdateDate>2015-01-01 00:00:00</PriceUpdateDate>
      <ItemCode>2922797</ItemCode>
      <ItemType>0</ItemType>
      <ItemName>חזה הודו טרי ארוז עט</ItemName>
      <ManufacturerName>עטרה</ManufacturerName>
      <ManufactureCountry>לא ידוע</ManufactureCountry>
      <ManufacturerItemDescription>חזה הודו טרי ארוז עטרה</ManufacturerItemDescription>
      <UnitQty>קילוגרמים</UnitQty>
      <Quantity>1.00</Quantity>
      <UnitOfMeasure>ק"ג</UnitOfMeasure>
      <bIsWeighted>1</bIsWeighted>
      <QtyInPackage>לא ידוע</QtyInPackage>
      <ItemPrice>22.90</ItemPrice>
      <UnitOfMeasurePrice>22.9000</UnitOfMeasurePrice>
      <AllowDiscount>1</AllowDiscount>
      <ItemStatus>1</ItemStatus>
      <ItemId>227431</ItemId>
    </Item>
    <Item>
      <PriceUpdateDate>2015-01-01 00:00:00</PriceUpdateDate>
      <ItemCode>1209783</ItemCode>
      <ItemType>0</ItemType>
      <ItemName>עין מיושן מבשר קפוא</ItemName>
      <ManufacturerName>נטו</ManufacturerName>
      <ManufactureCountry>לא ידוע</ManufactureCountry>
      <ManufacturerItemDescription>עין מיושן מבשר קפוא עטרה</ManufacturerItemDescription>
      <UnitQty>קילוגרמים</UnitQty>
      <Quantity>1.00</Quantity>
      <UnitOfMeasure>ק"ג</UnitOfMeasure>
      <bIsWeighted>1</bIsWeighted>
      <QtyInPackage>לא ידוע</QtyInPackage>
      <ItemPrice>49.90</ItemPrice>
      <UnitOfMeasurePrice>49.9000</UnitOfMeasurePrice>
      <AllowDiscount>1</AllowDiscount>
      <ItemStatus>1</ItemStatus>
      <ItemId>227435</ItemId>
    </Item>
    <Item>
      <PriceUpdateDate>2015-01-01 00:00:00</PriceUpdateDate>
      <ItemCode>1209905</ItemCode>
      <ItemType>0</ItemType>
      <ItemName>צלעות מיושן מבשר קפו</ItemName>
      <ManufacturerName>נטו</ManufacturerName>
      <ManufactureCountry>לא ידוע</ManufactureCountry>
      <ManufacturerItemDescription>צלעות מיושן מבשר קפוא עטרה</ManufacturerItemDescription>
      <UnitQty>קילוגרמים</UnitQty>
      <Quantity>1.00</Quantity>
      <UnitOfMeasure>ק"ג</UnitOfMeasure>
      <bIsWeighted>1</bIsWeighted>
      <QtyInPackage>לא ידוע</QtyInPackage>
      <ItemPrice>39.90</ItemPrice>
      <UnitOfMeasurePrice>39.9000</UnitOfMeasurePrice>
      <AllowDiscount>1</AllowDiscount>
      <ItemStatus>1</ItemStatus>
      <ItemId>227436</ItemId>
    </Item>
    <Item>
      <PriceUpdateDate>2015-10-26 14:55:09</PriceUpdateDate>
      <ItemCode>1209769</ItemCode>
      <ItemType>0</ItemType>
      <ItemName>כתף מיושן מבשר קפוא</ItemName>
      <ManufacturerName>נטו</ManufacturerName>
      <ManufactureCountry>לא ידוע</ManufactureCountry>
      <ManufacturerItemDescription>כתף מיושן מבשר קפוא עטרה</ManufacturerItemDescription>
      <UnitQty>קילוגרמים</UnitQty>
      <Quantity>1.00</Quantity>
      <UnitOfMeasure>ק"ג</UnitOfMeasure>
      <bIsWeighted>1</bIsWeighted>
      <QtyInPackage>לא ידוע</QtyInPackage>
      <ItemPrice>39.90</ItemPrice>
      <UnitOfMeasurePrice>39.9000</UnitOfMeasurePrice>
      <AllowDiscount>1</AllowDiscount>
      <ItemStatus>1</ItemStatus>
      <ItemId>227437</ItemId>
    </Item>
    <Item>
      <PriceUpdateDate>2016-04-18 18:06:13</PriceUpdateDate>
      <ItemCode>7290002739692</ItemCode>
      <ItemType>1</ItemType>
      <ItemName>נקניקיות צוריסוס 400</ItemName>
      <ManufacturerName>עטרה</ManufacturerName>
      <ManufactureCountry>ישראל</ManufactureCountry>
      <ManufacturerItemDescription>נקניקיות צוריסוס 400 גרם עטרה</ManufacturerItemDescription>
      <UnitQty>גרמים</UnitQty>
      <Quantity>400.00</Quantity>
      <UnitOfMeasure>100 גרם</UnitOfMeasure>
      <bIsWeighted>0</bIsWeighted>
      <QtyInPackage>1</QtyInPackage>
      <ItemPrice>19.90</ItemPrice>
      <UnitOfMeasurePrice>4.9750</UnitOfMeasurePrice>
      <AllowDiscount>1</AllowDiscount>
      <ItemStatus>1</ItemStatus>
      <ItemId>267969</ItemId>
    </Item>
    <Item>
      <PriceUpdateDate>2015-10-26 14:55:10</PriceUpdateDate>
      <ItemCode>1209950</ItemCode>
      <ItemType>0</ItemType>
      <ItemName>פילה מדומה מיושן מבש</ItemName>
      <ManufacturerName>נטו</ManufacturerName>
      <ManufactureCountry>לא ידוע</ManufactureCountry>
      <ManufacturerItemDescription>פילה מדומה מיושן מבשר קפוא עטרה</ManufacturerItemDescription>
      <UnitQty>קילוגרמים</UnitQty>
      <Quantity>1.00</Quantity>
      <UnitOfMeasure>ק"ג</UnitOfMeasure>
      <bIsWeighted>1</bIsWeighted>
      <QtyInPackage>לא ידוע</QtyInPackage>
      <ItemPrice>49.90</ItemPrice>
      <UnitOfMeasurePrice>49.9000</UnitOfMeasurePrice>
      <AllowDiscount>1</AllowDiscount>
      <ItemStatus>1</ItemStatus>
      <ItemId>227439</ItemId>
    </Item>
    <Item>
      <PriceUpdateDate>2015-01-01 00:00:00</PriceUpdateDate>
      <ItemCode>1209912</ItemCode>
      <ItemType>0</ItemType>
      <ItemName>שריר מיושן מבשר קפוא</ItemName>
      <ManufacturerName>נטו</ManufacturerName>
      <ManufactureCountry>לא ידוע</ManufactureCountry>
      <ManufacturerItemDescription>שרירמיושן מבשר קפוא עטרה</ManufacturerItemDescription>
      <UnitQty>קילוגרמים</UnitQty>
      <Quantity>1.00</Quantity>
      <UnitOfMeasure>ק"ג</UnitOfMeasure>
      <bIsWeighted>1</bIsWeighted>
      <QtyInPackage>לא ידוע</QtyInPackage>
      <ItemPrice>39.90</ItemPrice>
      <UnitOfMeasurePrice>39.9000</UnitOfMeasurePrice>
      <AllowDiscount>1</AllowDiscount>
      <ItemStatus>1</ItemStatus>
      <ItemId>227440</ItemId>
    </Item>
    <Item>
      <PriceUpdateDate>2015-01-01 00:00:00</PriceUpdateDate>
      <ItemCode>2922766</ItemCode>
      <ItemType>0</ItemType>
      <ItemName>כתף כבש פרוס עטרה</ItemName>
      <ManufacturerName>,</ManufacturerName>
      <ManufactureCountry>לא ידוע</ManufactureCountry>
      <ManufacturerItemDescription>כתף כבש פרוס עטרה</ManufacturerItemDescription>
      <UnitQty>קילוגרמים</UnitQty>
      <Quantity>1.00</Quantity>
      <UnitOfMeasure>ק"ג</UnitOfMeasure>
      <bIsWeighted>1</bIsWeighted>
      <QtyInPackage>לא ידוע</QtyInPackage>
      <ItemPrice>69.90</ItemPrice>
      <UnitOfMeasurePrice>69.9000</UnitOfMeasurePrice>
      <AllowDiscount>1</AllowDiscount>
      <ItemStatus>1</ItemStatus>
      <ItemId>227465</ItemId>
    </Item>
    <Item>
      <PriceUpdateDate>2015-01-01 00:00:00</PriceUpdateDate>
      <ItemCode>319452</ItemCode>
      <ItemType>0</ItemType>
      <ItemName>סלמי גלעד 500 גרם בד</ItemName>
      <ManufacturerName>מעדני יחיעם 1993 בעמ</ManufacturerName>
      <ManufactureCountry>לא ידוע</ManufactureCountry>
      <ManufacturerItemDescription>סלמי גלעד 500 גרם בדצ בית יוסף</ManufacturerItemDescription>
      <UnitQty>גרמים</UnitQty>
      <Quantity>500.00</Quantity>
      <UnitOfMeasure>100 גרם</UnitOfMeasure>
      <bIsWeighted>0</bIsWeighted>
      <QtyInPackage>1</QtyInPackage>
      <ItemPrice>18.90</ItemPrice>
      <UnitOfMeasurePrice>3.7800</UnitOfMeasurePrice>
      <AllowDiscount>1</AllowDiscount>
      <ItemStatus>1</ItemStatus>
      <ItemId>227466</ItemId>
    </Item>
    <Item>
      <PriceUpdateDate>2015-01-01 00:00:00</PriceUpdateDate>
      <ItemCode>319476</ItemCode>
      <ItemType>0</ItemType>
      <ItemName>פסטרמה של פעם 300 גר</ItemName>
      <ManufacturerName>מעדני יחיעם 1993 בעמ</ManufacturerName>
      <ManufactureCountry>לא ידוע</ManufactureCountry>
      <ManufacturerItemDescription>פסטרמה של פעם 300 גרם בדצ בית יוסף</ManufacturerItemDescription>
      <UnitQty>גרמים</UnitQty>
      <Quantity>300.00</Quantity>
      <UnitOfMeasure>100 גרם</UnitOfMeasure>
      <bIsWeighted>0</bIsWeighted>
      <QtyInPackage>1</QtyInPackage>
      <ItemPrice>23.90</ItemPrice>
      <UnitOfMeasurePrice>7.9667</UnitOfMeasurePrice>
      <AllowDiscount>1</AllowDiscount>
      <ItemStatus>1</ItemStatus>
      <ItemId>227467</ItemId>
    </Item>
    <Item>
      <PriceUpdateDate>2015-01-01 00:00:00</PriceUpdateDate>
      <ItemCode>319568</ItemCode>
      <ItemType>0</ItemType>
      <ItemName>פסטרמה ברביקיו 300 ג</ItemName>
      <ManufacturerName>מעדני יחיעם 1993 בעמ</ManufacturerName>
      <ManufactureCountry>לא ידוע</ManufactureCountry>
      <ManufacturerItemDescription>פסטרמה ברביקיו 300 גרם בדצ בית יוסף</ManufacturerItemDescription>
      <UnitQty>גרמים</UnitQty>
      <Quantity>300.00</Quantity>
      <UnitOfMeasure>100 גרם</UnitOfMeasure>
      <bIsWeighted>0</bIsWeighted>
      <QtyInPackage>1</QtyInPackage>
      <ItemPrice>23.90</ItemPrice>
      <UnitOfMeasurePrice>7.9667</UnitOfMeasurePrice>
      <AllowDiscount>1</AllowDiscount>
      <ItemStatus>1</ItemStatus>
      <ItemId>227469</ItemId>
    </Item>
    <Item>
      <PriceUpdateDate>2016-07-31 15:35:31</PriceUpdateDate>
      <ItemCode>7290100411667</ItemCode>
      <ItemType>0</ItemType>
      <ItemName>מחית תפוח וגזר שישיה</ItemName>
      <ManufacturerName>,</ManufacturerName>
      <ManufactureCountry>לא ידוע</ManufactureCountry>
      <ManufacturerItemDescription>מחית תפוח וגזר שישיה</ManufacturerItemDescription>
      <UnitQty>קילוגרמים</UnitQty>
      <Quantity>1.14</Quantity>
      <UnitOfMeasure>ק"ג     </UnitOfMeasure>
      <bIsWeighted>0</bIsWeighted>
      <QtyInPackage>1</QtyInPackage>
      <ItemPrice>19.90</ItemPrice>
      <UnitOfMeasurePrice>17.4561</UnitOfMeasurePrice>
      <AllowDiscount>1</AllowDiscount>
      <ItemStatus>1</ItemStatus>
      <ItemId>269032</ItemId>
    </Item>
    <Item>
      <PriceUpdateDate>2015-01-01 00:00:00</PriceUpdateDate>
      <ItemCode>7290014600928</ItemCode>
      <ItemType>0</ItemType>
      <ItemName>מיני קרקר 1.2 ק"ג  ב</ItemName>
      <ManufacturerName>,</ManufacturerName>
      <ManufactureCountry>לא ידוע</ManufactureCountry>
      <ManufacturerItemDescription>מיני קרקר 1.2 ק"ג  בצנצנת אושר עד</ManufacturerItemDescription>
      <UnitQty>קילוגרמים</UnitQty>
      <Quantity>1.20</Quantity>
      <UnitOfMeasure>ק"ג     </UnitOfMeasure>
      <bIsWeighted>0</bIsWeighted>
      <QtyInPackage>1</QtyInPackage>
      <ItemPrice>19.90</ItemPrice>
      <UnitOfMeasurePrice>16.5833</UnitOfMeasurePrice>
      <AllowDiscount>1</AllowDiscount>
      <ItemStatus>1</ItemStatus>
      <ItemId>245612</ItemId>
    </Item>
    <Item>
      <PriceUpdateDate>2015-01-01 00:00:00</PriceUpdateDate>
      <ItemCode>319650</ItemCode>
      <ItemType>0</ItemType>
      <ItemName>נקניק הודו 450 גרם י</ItemName>
      <ManufacturerName>מעדני יחיעם 1993 בעמ</ManufacturerName>
      <ManufactureCountry>לא ידוע</ManufactureCountry>
      <ManufacturerItemDescription>נקניק הודו 450 גרם בדצ בית יוסף</ManufacturerItemDescription>
      <UnitQty>גרמים</UnitQty>
      <Quantity>450.00</Quantity>
      <UnitOfMeasure>100 גרם</UnitOfMeasure>
      <bIsWeighted>0</bIsWeighted>
      <QtyInPackage>1</QtyInPackage>
      <ItemPrice>12.90</ItemPrice>
      <UnitOfMeasurePrice>2.8667</UnitOfMeasurePrice>
      <AllowDiscount>1</AllowDiscount>
      <ItemStatus>1</ItemStatus>
      <ItemId>227474</ItemId>
    </Item>
    <Item>
      <PriceUpdateDate>2015-01-01 00:00:00</PriceUpdateDate>
      <ItemCode>319681</ItemCode>
      <ItemType>0</ItemType>
      <ItemName>נקנקיות הודו 900 גרם</ItemName>
      <ManufacturerName>מעדני יחיעם 1993 בעמ</ManufacturerName>
      <ManufactureCountry>לא ידוע</ManufactureCountry>
      <ManufacturerItemDescription>נקנקיות הודו 900 גרם בדצ בית יוסף</ManufacturerItemDescription>
      <UnitQty>גרמים</UnitQty>
      <Quantity>900.00</Quantity>
      <UnitOfMeasure>100 גרם</UnitOfMeasure>
      <bIsWeighted>0</bIsWeighted>
      <QtyInPackage>1</QtyInPackage>
      <ItemPrice>20.90</ItemPrice>
      <UnitOfMeasurePrice>2.3222</UnitOfMeasurePrice>
      <AllowDiscount>1</AllowDiscount>
      <ItemStatus>1</ItemStatus>
      <ItemId>227476</ItemId>
    </Item>
    <Item>
      <PriceUpdateDate>2015-01-01 00:00:00</PriceUpdateDate>
      <ItemCode>319698</ItemCode>
      <ItemType>0</ItemType>
      <ItemName>נקנקיות הודו 400 גרם</ItemName>
      <ManufacturerName>מעדני יחיעם 1993 בעמ</ManufacturerName>
      <ManufactureCountry>לא ידוע</ManufactureCountry>
      <ManufacturerItemDescription>נקנקיות הודו 400 גרם בדצ בית יוסף</ManufacturerItemDescription>
      <UnitQty>גרמים</UnitQty>
      <Quantity>400.00</Quantity>
      <UnitOfMeasure>100 גרם</UnitOfMeasure>
      <bIsWeighted>0</bIsWeighted>
      <QtyInPackage>1</QtyInPackage>
      <ItemPrice>11.90</ItemPrice>
      <UnitOfMeasurePrice>2.9750</UnitOfMeasurePrice>
      <AllowDiscount>1</AllowDiscount>
      <ItemStatus>1</ItemStatus>
      <ItemId>227477</ItemId>
    </Item>
    <Item>
      <PriceUpdateDate>2015-01-01 00:00:00</PriceUpdateDate>
      <ItemCode>3060009</ItemCode>
      <ItemType>0</ItemType>
      <ItemName>קמח בהיר 1 ק"ג</ItemName>
      <ManufacturerName>טחנות ישראליות</ManufacturerName>
      <ManufactureCountry>לא ידוע</ManufactureCountry>
      <ManufacturerItemDescription>קמח בהיר 1 ק"ג</ManufacturerItemDescription>
      <UnitQty>קילוגרמים</UnitQty>
      <Quantity>1.00</Quantity>
      <UnitOfMeasure>ק"ג     </UnitOfMeasure>
      <bIsWeighted>0</bIsWeighted>
      <QtyInPackage>1</QtyInPackage>
      <ItemPrice>3.90</ItemPrice>
      <UnitOfMeasurePrice>3.9000</UnitOfMeasurePrice>
      <AllowDiscount>1</AllowDiscount>
      <ItemStatus>1</ItemStatus>
      <ItemId>227481</ItemId>
    </Item>
    <Item>
      <PriceUpdateDate>2015-01-01 00:00:00</PriceUpdateDate>
      <ItemCode>3060023</ItemCode>
      <ItemType>0</ItemType>
      <ItemName>סולת 1 ק"ג</ItemName>
      <ManufacturerName>טחנות ישראליות</ManufacturerName>
      <ManufactureCountry>לא ידוע</ManufactureCountry>
      <ManufacturerItemDescription>סולת 1 ק"ג</ManufacturerItemDescription>
      <UnitQty>קילוגרמים</UnitQty>
      <Quantity>1.00</Quantity>
      <UnitOfMeasure>ק"ג     </UnitOfMeasure>
      <bIsWeighted>0</bIsWeighted>
      <QtyInPackage>1</QtyInPackage>
      <ItemPrice>4.40</ItemPrice>
      <UnitOfMeasurePrice>4.4000</UnitOfMeasurePrice>
      <AllowDiscount>1</AllowDiscount>
      <ItemStatus>1</ItemStatus>
      <ItemId>227482</ItemId>
    </Item>
    <Item>
      <PriceUpdateDate>2015-01-01 00:00:00</PriceUpdateDate>
      <ItemCode>3060047</ItemCode>
      <ItemType>0</ItemType>
      <ItemName>קמח תופח 1 ק"ג</ItemName>
      <ManufacturerName>טחנות ישראליות</ManufacturerName>
      <ManufactureCountry>לא ידוע</ManufactureCountry>
      <ManufacturerItemDescription>קמח תופח 1 ק"ג</ManufacturerItemDescription>
      <UnitQty>קילוגרמים</UnitQty>
      <Quantity>1.00</Quantity>
      <UnitOfMeasure>ק"ג     </UnitOfMeasure>
      <bIsWeighted>0</bIsWeighted>
      <QtyInPackage>1</QtyInPackage>
      <ItemPrice>4.90</ItemPrice>
      <UnitOfMeasurePrice>4.9000</UnitOfMeasurePrice>
      <AllowDiscount>1</AllowDiscount>
      <ItemStatus>1</ItemStatus>
      <ItemId>227483</ItemId>
    </Item>
    <Item>
      <PriceUpdateDate>2015-01-01 00:00:00</PriceUpdateDate>
      <ItemCode>901121</ItemCode>
      <ItemType>0</ItemType>
      <ItemName>צלעות טרי בלי עצם עט</ItemName>
      <ManufacturerName>,</ManufacturerName>
      <ManufactureCountry>לא ידוע</ManufactureCountry>
      <ManufacturerItemDescription>צלעות טרי בלי עצם עטרה</ManufacturerItemDescription>
      <UnitQty>קילוגרמים</UnitQty>
      <Quantity>1.00</Quantity>
      <UnitOfMeasure>ק"ג</UnitOfMeasure>
      <bIsWeighted>1</bIsWeighted>
      <QtyInPackage>לא ידוע</QtyInPackage>
      <ItemPrice>54.90</ItemPrice>
      <UnitOfMeasurePrice>54.9000</UnitOfMeasurePrice>
      <AllowDiscount>1</AllowDiscount>
      <ItemStatus>1</ItemStatus>
      <ItemId>227509</ItemId>
    </Item>
    <Item>
      <PriceUpdateDate>2015-01-01 00:00:00</PriceUpdateDate>
      <ItemCode>7296146077867</ItemCode>
      <ItemType>0</ItemType>
      <ItemName>צינולייט + פתיליות</ItemName>
      <ManufacturerName>,</ManufacturerName>
      <ManufactureCountry>לא ידוע</ManufactureCountry>
      <ManufacturerItemDescription>צינולייט + פתיליות</ManufacturerItemDescription>
      <UnitQty>Unknown </UnitQty>
      <Quantity>0.00</Quantity>
      <UnitOfMeasure>Unknown </UnitOfMeasure>
      <bIsWeighted>0</bIsWeighted>
      <QtyInPackage>1</QtyInPackage>
      <ItemPrice>5.90</ItemPrice>
      <UnitOfMeasurePrice>0.0000</UnitOfMeasurePrice>
      <AllowDiscount>1</AllowDiscount>
      <ItemStatus>1</ItemStatus>
      <ItemId>227515</ItemId>
    </Item>
    <Item>
      <PriceUpdateDate>2015-01-01 00:00:00</PriceUpdateDate>
      <ItemCode>7296146007796</ItemCode>
      <ItemType>0</ItemType>
      <ItemName>כוסיות המשושים</ItemName>
      <ManufacturerName>,</ManufacturerName>
      <ManufactureCountry>לא ידוע</ManufactureCountry>
      <ManufacturerItemDescription>כוסיות המשושים</ManufacturerItemDescription>
      <UnitQty>Unknown </UnitQty>
      <Quantity>0.00</Quantity>
      <UnitOfMeasure>Unknown </UnitOfMeasure>
      <bIsWeighted>0</bIsWeighted>
      <QtyInPackage>1</QtyInPackage>
      <ItemPrice>4.90</ItemPrice>
      <UnitOfMeasurePrice>0.0000</UnitOfMeasurePrice>
      <AllowDiscount>1</AllowDiscount>
      <ItemStatus>1</ItemStatus>
      <ItemId>227535</ItemId>
    </Item>
    <Item>
      <PriceUpdateDate>2015-01-01 00:00:00</PriceUpdateDate>
      <ItemCode>334042</ItemCode>
      <ItemType>0</ItemType>
      <ItemName>טוגן 2 ק"ג</ItemName>
      <ManufacturerName>תפוגן</ManufacturerName>
      <ManufactureCountry>ישראל</ManufactureCountry>
      <ManufacturerItemDescription>טוגן 2 קג</ManufacturerItemDescription>
      <UnitQty>קילוגרמים</UnitQty>
      <Quantity>2.00</Quantity>
      <UnitOfMeasure>ק"ג     </UnitOfMeasure>
      <bIsWeighted>0</bIsWeighted>
      <QtyInPackage>1</QtyInPackage>
      <ItemPrice>19.90</ItemPrice>
      <UnitOfMeasurePrice>9.9500</UnitOfMeasurePrice>
      <AllowDiscount>1</AllowDiscount>
      <ItemStatus>1</ItemStatus>
      <ItemId>227546</ItemId>
    </Item>
    <Item>
      <PriceUpdateDate>2015-01-01 00:00:00</PriceUpdateDate>
      <ItemCode>7290010617623</ItemCode>
      <ItemType>0</ItemType>
      <ItemName>כוס אימון +ידית יוקר</ItemName>
      <ManufacturerName>אריסטוקרט</ManufacturerName>
      <ManufactureCountry>ישראל</ManufactureCountry>
      <ManufacturerItemDescription>כוס אימון +ידית יוקרתית</ManufacturerItemDescription>
      <UnitQty>Unknown </UnitQty>
      <Quantity>0.00</Quantity>
      <UnitOfMeasure>Unknown </UnitOfMeasure>
      <bIsWeighted>0</bIsWeighted>
      <QtyInPackage>1</QtyInPackage>
      <ItemPrice>14.90</ItemPrice>
      <UnitOfMeasurePrice>0.0000</UnitOfMeasurePrice>
      <AllowDiscount>1</AllowDiscount>
      <ItemStatus>1</ItemStatus>
      <ItemId>227582</ItemId>
    </Item>
    <Item>
      <PriceUpdateDate>2015-01-01 00:00:00</PriceUpdateDate>
      <ItemCode>7290010617593</ItemCode>
      <ItemType>0</ItemType>
      <ItemName>כוס אימון +ידית רכות</ItemName>
      <ManufacturerName>אריסטוקרט</ManufacturerName>
      <ManufactureCountry>ישראל</ManufactureCountry>
      <ManufacturerItemDescription>כוס אימון +ידית רכות במיוחד</ManufacturerItemDescription>
      <UnitQty>Unknown </UnitQty>
      <Quantity>0.00</Quantity>
      <UnitOfMeasure>Unknown </UnitOfMeasure>
      <bIsWeighted>0</bIsWeighted>
      <QtyInPackage>1</QtyInPackage>
      <ItemPrice>14.90</ItemPrice>
      <UnitOfMeasurePrice>0.0000</UnitOfMeasurePrice>
      <AllowDiscount>1</AllowDiscount>
      <ItemStatus>1</ItemStatus>
      <ItemId>227583</ItemId>
    </Item>
    <Item>
      <PriceUpdateDate>2015-09-21 08:18:19</PriceUpdateDate>
      <ItemCode>7290100681510</ItemCode>
      <ItemType>0</ItemType>
      <ItemName>סירופ אשכולית אדומה</ItemName>
      <ManufacturerName>בית השיטה עסיס תעשיו</ManufacturerName>
      <ManufactureCountry>לא ידוע</ManufactureCountry>
      <ManufacturerItemDescription>סירופ אשכולית אדומה דיאט עסיס 1 ליטר</ManufacturerItemDescription>
      <UnitQty>ליטרים</UnitQty>
      <Quantity>1.00</Quantity>
      <UnitOfMeasure>ליטר    </UnitOfMeasure>
      <bIsWeighted>0</bIsWeighted>
      <QtyInPackage>1</QtyInPackage>
      <ItemPrice>9.90</ItemPrice>
      <UnitOfMeasurePrice>9.9000</UnitOfMeasurePrice>
      <AllowDiscount>1</AllowDiscount>
      <ItemStatus>1</ItemStatus>
      <ItemId>244287</ItemId>
    </Item>
    <Item>
      <PriceUpdateDate>2015-05-19 13:16:10</PriceUpdateDate>
      <ItemCode>96619659067</ItemCode>
      <ItemType>0</ItemType>
      <ItemName>זוג תרסיס שמן קנולה</ItemName>
      <ManufacturerName>,</ManufacturerName>
      <ManufactureCountry>לא ידוע</ManufactureCountry>
      <ManufacturerItemDescription>זוג תרסיס שמן קנולה XL קירקלנד</ManufacturerItemDescription>
      <UnitQty>מיליליטרים</UnitQty>
      <Quantity>454.00</Quantity>
      <UnitOfMeasure>100 מ"ל</UnitOfMeasure>
      <bIsWeighted>0</bIsWeighted>
      <QtyInPackage>1</QtyInPackage>
      <ItemPrice>39.90</ItemPrice>
      <UnitOfMeasurePrice>8.7885</UnitOfMeasurePrice>
      <AllowDiscount>1</AllowDiscount>
      <ItemStatus>1</ItemStatus>
      <ItemId>255638</ItemId>
    </Item>
    <Item>
      <PriceUpdateDate>2015-12-24 12:46:18</PriceUpdateDate>
      <ItemCode>7290011860912</ItemCode>
      <ItemType>0</ItemType>
      <ItemName>שניצל דק בטעם ביתי 7</ItemName>
      <ManufacturerName>תפוגן</ManufacturerName>
      <ManufactureCountry>לא ידוע</ManufactureCountry>
      <ManufacturerItemDescription>שניצל דק בטעם ביתי 750 גרם</ManufacturerItemDescription>
      <UnitQty>גרמים</UnitQty>
      <Quantity>750.00</Quantity>
      <UnitOfMeasure>100 גרם</UnitOfMeasure>
      <bIsWeighted>0</bIsWeighted>
      <QtyInPackage>1</QtyInPackage>
      <ItemPrice>15.90</ItemPrice>
      <UnitOfMeasurePrice>2.1200</UnitOfMeasurePrice>
      <AllowDiscount>1</AllowDiscount>
      <ItemStatus>1</ItemStatus>
      <ItemId>227614</ItemId>
    </Item>
    <Item>
      <PriceUpdateDate>2015-01-01 00:00:00</PriceUpdateDate>
      <ItemCode>3461677</ItemCode>
      <ItemType>0</ItemType>
      <ItemName>חומוס אסלי 1 ק"ג</ItemName>
      <ManufacturerName>סלטי שמיר 2006 בעמ</ManufacturerName>
      <ManufactureCountry>לא ידוע</ManufactureCountry>
      <ManufacturerItemDescription>חומוס אסלי 1 ק"ג</ManufacturerItemDescription>
      <UnitQty>קילוגרמים</UnitQty>
      <Quantity>1.00</Quantity>
      <UnitOfMeasure>ק"ג     </UnitOfMeasure>
      <bIsWeighted>0</bIsWeighted>
      <QtyInPackage>1</QtyInPackage>
      <ItemPrice>9.90</ItemPrice>
      <UnitOfMeasurePrice>9.9000</UnitOfMeasurePrice>
      <AllowDiscount>1</AllowDiscount>
      <ItemStatus>1</ItemStatus>
      <ItemId>227643</ItemId>
    </Item>
    <Item>
      <PriceUpdateDate>2015-01-01 00:00:00</PriceUpdateDate>
      <ItemCode>3461868</ItemCode>
      <ItemType>0</ItemType>
      <ItemName>חציל במיונז אסלי 1 ק</ItemName>
      <ManufacturerName>סלטי שמיר 2006 בעמ</ManufacturerName>
      <ManufactureCountry>לא ידוע</ManufactureCountry>
      <ManufacturerItemDescription>חציל במיונז אסלי 1 ק"ג</ManufacturerItemDescription>
      <UnitQty>קילוגרמים</UnitQty>
      <Quantity>1.00</Quantity>
      <UnitOfMeasure>ק"ג     </UnitOfMeasure>
      <bIsWeighted>0</bIsWeighted>
      <QtyInPackage>1</QtyInPackage>
      <ItemPrice>9.90</ItemPrice>
      <UnitOfMeasurePrice>9.9000</UnitOfMeasurePrice>
      <AllowDiscount>1</AllowDiscount>
      <ItemStatus>1</ItemStatus>
      <ItemId>227645</ItemId>
    </Item>
    <Item>
      <PriceUpdateDate>2015-12-06 12:59:35</PriceUpdateDate>
      <ItemCode>4648879</ItemCode>
      <ItemType>0</ItemType>
      <ItemName>לשון חלק</ItemName>
      <ManufacturerName>,</ManufacturerName>
      <ManufactureCountry>לא ידוע</ManufactureCountry>
      <ManufacturerItemDescription>לשון חלק</ManufacturerItemDescription>
      <UnitQty>קילוגרמים</UnitQty>
      <Quantity>1.00</Quantity>
      <UnitOfMeasure>ק"ג</UnitOfMeasure>
      <bIsWeighted>1</bIsWeighted>
      <QtyInPackage>לא ידוע</QtyInPackage>
      <ItemPrice>44.90</ItemPrice>
      <UnitOfMeasurePrice>44.9000</UnitOfMeasurePrice>
      <AllowDiscount>1</AllowDiscount>
      <ItemStatus>1</ItemStatus>
      <ItemId>227649</ItemId>
    </Item>
    <Item>
      <PriceUpdateDate>2015-01-01 00:00:00</PriceUpdateDate>
      <ItemCode>7290103401382</ItemCode>
      <ItemType>0</ItemType>
      <ItemName>קפה פרא אפריקאי 200</ItemName>
      <ManufacturerName>שטראוס</ManufacturerName>
      <ManufactureCountry>לא ידוע</ManufactureCountry>
      <ManufacturerItemDescription>קפה פרא אפריקאי 200 גרם</ManufacturerItemDescription>
      <UnitQty>גרמים</UnitQty>
      <Quantity>200.00</Quantity>
      <UnitOfMeasure>100 גרם</UnitOfMeasure>
      <bIsWeighted>0</bIsWeighted>
      <QtyInPackage>1</QtyInPackage>
      <ItemPrice>24.90</ItemPrice>
      <UnitOfMeasurePrice>12.4500</UnitOfMeasurePrice>
      <AllowDiscount>1</AllowDiscount>
      <ItemStatus>1</ItemStatus>
      <ItemId>227656</ItemId>
    </Item>
    <Item>
      <PriceUpdateDate>2015-01-01 00:00:00</PriceUpdateDate>
      <ItemCode>7290103401429</ItemCode>
      <ItemType>0</ItemType>
      <ItemName>קפה קצב ברזילאי 200</ItemName>
      <ManufacturerName>שטראוס</ManufacturerName>
      <ManufactureCountry>לא ידוע</ManufactureCountry>
      <ManufacturerItemDescription>קפה קצב ברזילאי 200 גרם</ManufacturerItemDescription>
      <UnitQty>גרמים</UnitQty>
      <Quantity>200.00</Quantity>
      <UnitOfMeasure>100 גרם</UnitOfMeasure>
      <bIsWeighted>0</bIsWeighted>
      <QtyInPackage>1</QtyInPackage>
      <ItemPrice>24.90</ItemPrice>
      <UnitOfMeasurePrice>12.4500</UnitOfMeasurePrice>
      <AllowDiscount>1</AllowDiscount>
      <ItemStatus>1</ItemStatus>
      <ItemId>227657</ItemId>
    </Item>
    <Item>
      <PriceUpdateDate>2015-01-01 00:00:00</PriceUpdateDate>
      <ItemCode>7290103407902</ItemCode>
      <ItemType>0</ItemType>
      <ItemName>מארז  מעדני מיני מיל</ItemName>
      <ManufacturerName>שטראוס</ManufacturerName>
      <ManufactureCountry>לא ידוע</ManufactureCountry>
      <ManufacturerItemDescription>מארז מיני מילקי שמיניה</ManufacturerItemDescription>
      <UnitQty>ליטרים</UnitQty>
      <Quantity>1.20</Quantity>
      <UnitOfMeasure>ליטר    </UnitOfMeasure>
      <bIsWeighted>0</bIsWeighted>
      <QtyInPackage>1</QtyInPackage>
      <ItemPrice>10.90</ItemPrice>
      <UnitOfMeasurePrice>9.0833</UnitOfMeasurePrice>
      <AllowDiscount>1</AllowDiscount>
      <ItemStatus>1</ItemStatus>
      <ItemId>227665</ItemId>
    </Item>
    <Item>
      <PriceUpdateDate>2015-01-01 00:00:00</PriceUpdateDate>
      <ItemCode>2922872</ItemCode>
      <ItemType>0</ItemType>
      <ItemName>המבורגר מובחר 500 גר</ItemName>
      <ManufacturerName>,</ManufacturerName>
      <ManufactureCountry>לא ידוע</ManufactureCountry>
      <ManufacturerItemDescription>המבורגר מובחר 500 גרם טאק טורו</ManufacturerItemDescription>
      <UnitQty>גרמים</UnitQty>
      <Quantity>500.00</Quantity>
      <UnitOfMeasure>100 גרם</UnitOfMeasure>
      <bIsWeighted>0</bIsWeighted>
      <QtyInPackage>1</QtyInPackage>
      <ItemPrice>12.90</ItemPrice>
      <UnitOfMeasurePrice>2.5800</UnitOfMeasurePrice>
      <AllowDiscount>1</AllowDiscount>
      <ItemStatus>1</ItemStatus>
      <ItemId>227680</ItemId>
    </Item>
    <Item>
      <PriceUpdateDate>2015-01-01 00:00:00</PriceUpdateDate>
      <ItemCode>2922865</ItemCode>
      <ItemType>0</ItemType>
      <ItemName>קבב מובחר 500 גרם טא</ItemName>
      <ManufacturerName>,</ManufacturerName>
      <ManufactureCountry>לא ידוע</ManufactureCountry>
      <ManufacturerItemDescription>קבב מובחר 500 גרם טאק טורו</ManufacturerItemDescription>
      <UnitQty>גרמים</UnitQty>
      <Quantity>500.00</Quantity>
      <UnitOfMeasure>100 גרם</UnitOfMeasure>
      <bIsWeighted>0</bIsWeighted>
      <QtyInPackage>1</QtyInPackage>
      <ItemPrice>12.90</ItemPrice>
      <UnitOfMeasurePrice>2.5800</UnitOfMeasurePrice>
      <AllowDiscount>1</AllowDiscount>
      <ItemStatus>1</ItemStatus>
      <ItemId>227681</ItemId>
    </Item>
    <Item>
      <PriceUpdateDate>2015-01-01 00:00:00</PriceUpdateDate>
      <ItemCode>7290103151409</ItemCode>
      <ItemType>0</ItemType>
      <ItemName>שקיות אשפה 52/65 100</ItemName>
      <ManufacturerName>רווח</ManufacturerName>
      <ManufactureCountry>לא ידוע</ManufactureCountry>
      <ManufacturerItemDescription>שקיות אשפה 52/65 100 יח LD</ManufacturerItemDescription>
      <UnitQty>Unknown </UnitQty>
      <Quantity>0.00</Quantity>
      <UnitOfMeasure>Unknown </UnitOfMeasure>
      <bIsWeighted>0</bIsWeighted>
      <QtyInPackage>1</QtyInPackage>
      <ItemPrice>25.90</ItemPrice>
      <UnitOfMeasurePrice>0.0000</UnitOfMeasurePrice>
      <AllowDiscount>1</AllowDiscount>
      <ItemStatus>1</ItemStatus>
      <ItemId>227694</ItemId>
    </Item>
    <Item>
      <PriceUpdateDate>2015-12-30 14:03:53</PriceUpdateDate>
      <ItemCode>6765765</ItemCode>
      <ItemType>0</ItemType>
      <ItemName>פפאיה 400 גרם</ItemName>
      <ManufacturerName>,</ManufacturerName>
      <ManufactureCountry>לא ידוע</ManufactureCountry>
      <ManufacturerItemDescription>פפאיה 400 גרם</ManufacturerItemDescription>
      <UnitQty>גרמים</UnitQty>
      <Quantity>400.00</Quantity>
      <UnitOfMeasure>100 גרם</UnitOfMeasure>
      <bIsWeighted>0</bIsWeighted>
      <QtyInPackage>1</QtyInPackage>
      <ItemPrice>14.50</ItemPrice>
      <UnitOfMeasurePrice>3.6250</UnitOfMeasurePrice>
      <AllowDiscount>1</AllowDiscount>
      <ItemStatus>1</ItemStatus>
      <ItemId>227718</ItemId>
    </Item>
    <Item>
      <PriceUpdateDate>2015-01-01 00:00:00</PriceUpdateDate>
      <ItemCode>498355</ItemCode>
      <ItemType>0</ItemType>
      <ItemName>לחם אחיד 750 גרם</ItemName>
      <ManufacturerName>מאפית י את א ברמן בע</ManufacturerName>
      <ManufactureCountry>לא ידוע</ManufactureCountry>
      <ManufacturerItemDescription>לחם אחיד 750 גרם</ManufacturerItemDescription>
      <UnitQty>גרמים</UnitQty>
      <Quantity>750.00</Quantity>
      <UnitOfMeasure>100 גרם</UnitOfMeasure>
      <bIsWeighted>0</bIsWeighted>
      <QtyInPackage>1</QtyInPackage>
      <ItemPrice>4.50</ItemPrice>
      <UnitOfMeasurePrice>0.6000</UnitOfMeasurePrice>
      <AllowDiscount>1</AllowDiscount>
      <ItemStatus>1</ItemStatus>
      <ItemId>227753</ItemId>
    </Item>
    <Item>
      <PriceUpdateDate>2015-01-01 00:00:00</PriceUpdateDate>
      <ItemCode>498362</ItemCode>
      <ItemType>0</ItemType>
      <ItemName>לחם לבן 750 גרם</ItemName>
      <ManufacturerName>,</ManufacturerName>
      <ManufactureCountry>לא ידוע</ManufactureCountry>
      <ManufacturerItemDescription>לחם לבן 750 גרם</ManufacturerItemDescription>
      <UnitQty>גרמים</UnitQty>
      <Quantity>750.00</Quantity>
      <UnitOfMeasure>100 גרם</UnitOfMeasure>
      <bIsWeighted>0</bIsWeighted>
      <QtyInPackage>1</QtyInPackage>
      <ItemPrice>4.50</ItemPrice>
      <UnitOfMeasurePrice>0.6000</UnitOfMeasurePrice>
      <AllowDiscount>1</AllowDiscount>
      <ItemStatus>1</ItemStatus>
      <ItemId>227754</ItemId>
    </Item>
    <Item>
      <PriceUpdateDate>2015-01-01 00:00:00</PriceUpdateDate>
      <ItemCode>497198</ItemCode>
      <ItemType>0</ItemType>
      <ItemName>פיתות ברמן 10 יח</ItemName>
      <ManufacturerName>מאפית י את א ברמן בע</ManufacturerName>
      <ManufactureCountry>לא ידוע</ManufactureCountry>
      <ManufacturerItemDescription>פיתות ברמן 10 יח</ManufacturerItemDescription>
      <UnitQty>קילוגרמים</UnitQty>
      <Quantity>1.00</Quantity>
      <UnitOfMeasure>ק"ג     </UnitOfMeasure>
      <bIsWeighted>0</bIsWeighted>
      <QtyInPackage>1</QtyInPackage>
      <ItemPrice>9.90</ItemPrice>
      <UnitOfMeasurePrice>9.9000</UnitOfMeasurePrice>
      <AllowDiscount>1</AllowDiscount>
      <ItemStatus>1</ItemStatus>
      <ItemId>227757</ItemId>
    </Item>
    <Item>
      <PriceUpdateDate>2015-01-01 00:00:00</PriceUpdateDate>
      <ItemCode>497426</ItemCode>
      <ItemType>0</ItemType>
      <ItemName>לחם ברמן קל ולעניין</ItemName>
      <ManufacturerName>מאפית י את א ברמן בע</ManufacturerName>
      <ManufactureCountry>לא ידוע</ManufactureCountry>
      <ManufacturerItemDescription>לחם ברמן קל ולעניין 500 גרם</ManufacturerItemDescription>
      <UnitQty>גרמים</UnitQty>
      <Quantity>500.00</Quantity>
      <UnitOfMeasure>100 גרם</UnitOfMeasure>
      <bIsWeighted>0</bIsWeighted>
      <QtyInPackage>1</QtyInPackage>
      <ItemPrice>12.40</ItemPrice>
      <UnitOfMeasurePrice>2.4800</UnitOfMeasurePrice>
      <AllowDiscount>1</AllowDiscount>
      <ItemStatus>1</ItemStatus>
      <ItemId>227760</ItemId>
    </Item>
    <Item>
      <PriceUpdateDate>2015-01-01 00:00:00</PriceUpdateDate>
      <ItemCode>497570</ItemCode>
      <ItemType>0</ItemType>
      <ItemName>לחם דגני קלות ברמן</ItemName>
      <ManufacturerName>מאפית י את א ברמן בע</ManufacturerName>
      <ManufactureCountry>לא ידוע</ManufactureCountry>
      <ManufacturerItemDescription>לחם דגני קלות ברמן 500 גרם</ManufacturerItemDescription>
      <UnitQty>גרמים</UnitQty>
      <Quantity>500.00</Quantity>
      <UnitOfMeasure>100 גרם</UnitOfMeasure>
      <bIsWeighted>0</bIsWeighted>
      <QtyInPackage>1</QtyInPackage>
      <ItemPrice>12.40</ItemPrice>
      <UnitOfMeasurePrice>2.4800</UnitOfMeasurePrice>
      <AllowDiscount>1</AllowDiscount>
      <ItemStatus>1</ItemStatus>
      <ItemId>227761</ItemId>
    </Item>
    <Item>
      <PriceUpdateDate>2015-01-01 00:00:00</PriceUpdateDate>
      <ItemCode>498409</ItemCode>
      <ItemType>0</ItemType>
      <ItemName>חלה מתוקה 500 גרם</ItemName>
      <ManufacturerName>מאפית י את א ברמן בע</ManufacturerName>
      <ManufactureCountry>לא ידוע</ManufactureCountry>
      <ManufacturerItemDescription>חלה מתוקה 500 גרם</ManufacturerItemDescription>
      <UnitQty>גרמים</UnitQty>
      <Quantity>500.00</Quantity>
      <UnitOfMeasure>100 גרם</UnitOfMeasure>
      <bIsWeighted>0</bIsWeighted>
      <QtyInPackage>1</QtyInPackage>
      <ItemPrice>8.40</ItemPrice>
      <UnitOfMeasurePrice>1.6800</UnitOfMeasurePrice>
      <AllowDiscount>1</AllowDiscount>
      <ItemStatus>1</ItemStatus>
      <ItemId>227763</ItemId>
    </Item>
    <Item>
      <PriceUpdateDate>2015-01-01 00:00:00</PriceUpdateDate>
      <ItemCode>498416</ItemCode>
      <ItemType>0</ItemType>
      <ItemName>חצי חלה מיוחדת 250 ג</ItemName>
      <ManufacturerName>מאפית י את א ברמן בע</ManufacturerName>
      <ManufactureCountry>לא ידוע</ManufactureCountry>
      <ManufacturerItemDescription>חצי חלה מיוחדת 250 גרם</ManufacturerItemDescription>
      <UnitQty>גרמים</UnitQty>
      <Quantity>250.00</Quantity>
      <UnitOfMeasure>100 גרם</UnitOfMeasure>
      <bIsWeighted>0</bIsWeighted>
      <QtyInPackage>1</QtyInPackage>
      <ItemPrice>5.90</ItemPrice>
      <UnitOfMeasurePrice>2.3600</UnitOfMeasurePrice>
      <AllowDiscount>1</AllowDiscount>
      <ItemStatus>1</ItemStatus>
      <ItemId>227765</ItemId>
    </Item>
    <Item>
      <PriceUpdateDate>2015-01-01 00:00:00</PriceUpdateDate>
      <ItemCode>497358</ItemCode>
      <ItemType>0</ItemType>
      <ItemName>חלומית ארוזה 500 גרם</ItemName>
      <ManufacturerName>מאפית י את א ברמן בע</ManufacturerName>
      <ManufactureCountry>לא ידוע</ManufactureCountry>
      <ManufacturerItemDescription>חלומית ארוזה 500 גרם</ManufacturerItemDescription>
      <UnitQty>גרמים</UnitQty>
      <Quantity>500.00</Quantity>
      <UnitOfMeasure>100 גרם</UnitOfMeasure>
      <bIsWeighted>0</bIsWeighted>
      <QtyInPackage>1</QtyInPackage>
      <ItemPrice>9.90</ItemPrice>
      <UnitOfMeasurePrice>1.9800</UnitOfMeasurePrice>
      <AllowDiscount>1</AllowDiscount>
      <ItemStatus>1</ItemStatus>
      <ItemId>227766</ItemId>
    </Item>
    <Item>
      <PriceUpdateDate>2015-01-01 00:00:00</PriceUpdateDate>
      <ItemCode>23977</ItemCode>
      <ItemType>0</ItemType>
      <ItemName>יין קלאסיק מרלו 750</ItemName>
      <ManufacturerName>ברקן סגל</ManufacturerName>
      <ManufactureCountry>לא ידוע</ManufactureCountry>
      <ManufacturerItemDescription>יין קלאסיק מרלו 750 מ"ל</ManufacturerItemDescription>
      <UnitQty>מיליליטרים</UnitQty>
      <Quantity>750.00</Quantity>
      <UnitOfMeasure>100 מ"ל</UnitOfMeasure>
      <bIsWeighted>0</bIsWeighted>
      <QtyInPackage>1</QtyInPackage>
      <ItemPrice>24.90</ItemPrice>
      <UnitOfMeasurePrice>3.3200</UnitOfMeasurePrice>
      <AllowDiscount>1</AllowDiscount>
      <ItemStatus>1</ItemStatus>
      <ItemId>227804</ItemId>
    </Item>
    <Item>
      <PriceUpdateDate>2016-03-01 16:01:20</PriceUpdateDate>
      <ItemCode>4645311</ItemCode>
      <ItemType>0</ItemType>
      <ItemName>טונה עם עור</ItemName>
      <ManufacturerName>,</ManufacturerName>
      <ManufactureCountry>לא ידוע</ManufactureCountry>
      <ManufacturerItemDescription>טונה עם עור</ManufacturerItemDescription>
      <UnitQty>קילוגרמים</UnitQty>
      <Quantity>1.00</Quantity>
      <UnitOfMeasure>ק"ג</UnitOfMeasure>
      <bIsWeighted>1</bIsWeighted>
      <QtyInPackage>לא ידוע</QtyInPackage>
      <ItemPrice>29.90</ItemPrice>
      <UnitOfMeasurePrice>29.9000</UnitOfMeasurePrice>
      <AllowDiscount>1</AllowDiscount>
      <ItemStatus>1</ItemStatus>
      <ItemId>254427</ItemId>
    </Item>
    <Item>
      <PriceUpdateDate>2015-01-01 00:00:00</PriceUpdateDate>
      <ItemCode>7290012454172</ItemCode>
      <ItemType>0</ItemType>
      <ItemName>סוכריות ללא סוכר יוג</ItemName>
      <ManufacturerName>מיה תעשיות מזון בעמ</ManufacturerName>
      <ManufactureCountry>ישראל</ManufactureCountry>
      <ManufacturerItemDescription>סוכריות ללא סוכר יוגורט תות 80 גרם</ManufacturerItemDescription>
      <UnitQty>גרמים</UnitQty>
      <Quantity>80.00</Quantity>
      <UnitOfMeasure>100 גרם</UnitOfMeasure>
      <bIsWeighted>0</bIsWeighted>
      <QtyInPackage>1</QtyInPackage>
      <ItemPrice>5.80</ItemPrice>
      <UnitOfMeasurePrice>7.2500</UnitOfMeasurePrice>
      <AllowDiscount>1</AllowDiscount>
      <ItemStatus>1</ItemStatus>
      <ItemId>227844</ItemId>
    </Item>
    <Item>
      <PriceUpdateDate>2015-01-01 00:00:00</PriceUpdateDate>
      <ItemCode>7290012454202</ItemCode>
      <ItemType>0</ItemType>
      <ItemName>סוכריות ללא סוכר ריב</ItemName>
      <ManufacturerName>מיה תעשיות מזון בעמ</ManufacturerName>
      <ManufactureCountry>ישראל</ManufactureCountry>
      <ManufacturerItemDescription>סוכריות ללא סוכר ריבת חלב 80 גרם</ManufacturerItemDescription>
      <UnitQty>גרמים</UnitQty>
      <Quantity>80.00</Quantity>
      <UnitOfMeasure>100 גרם</UnitOfMeasure>
      <bIsWeighted>0</bIsWeighted>
      <QtyInPackage>1</QtyInPackage>
      <ItemPrice>5.80</ItemPrice>
      <UnitOfMeasurePrice>7.2500</UnitOfMeasurePrice>
      <AllowDiscount>1</AllowDiscount>
      <ItemStatus>1</ItemStatus>
      <ItemId>227845</ItemId>
    </Item>
    <Item>
      <PriceUpdateDate>2015-01-01 00:00:00</PriceUpdateDate>
      <ItemCode>7290012454189</ItemCode>
      <ItemType>0</ItemType>
      <ItemName>סוכריות ללא סוכר יוג</ItemName>
      <ManufacturerName>מיה תעשיות מזון בעמ</ManufacturerName>
      <ManufactureCountry>ישראל</ManufactureCountry>
      <ManufacturerItemDescription>סוכריות ללא סוכר יוגורט אפרסק 80 גרם</ManufacturerItemDescription>
      <UnitQty>גרמים</UnitQty>
      <Quantity>80.00</Quantity>
      <UnitOfMeasure>100 גרם</UnitOfMeasure>
      <bIsWeighted>0</bIsWeighted>
      <QtyInPackage>1</QtyInPackage>
      <ItemPrice>5.80</ItemPrice>
      <UnitOfMeasurePrice>7.2500</UnitOfMeasurePrice>
      <AllowDiscount>1</AllowDiscount>
      <ItemStatus>1</ItemStatus>
      <ItemId>227846</ItemId>
    </Item>
    <Item>
      <PriceUpdateDate>2015-01-01 00:00:00</PriceUpdateDate>
      <ItemCode>7290012454196</ItemCode>
      <ItemType>0</ItemType>
      <ItemName>סוכריות ללא סוכר קפו</ItemName>
      <ManufacturerName>מיה תעשיות מזון בעמ</ManufacturerName>
      <ManufactureCountry>ישראל</ManufactureCountry>
      <ManufacturerItemDescription>סוכריות ללא סוכר קפוצינו 80 גרם</ManufacturerItemDescription>
      <UnitQty>גרמים</UnitQty>
      <Quantity>80.00</Quantity>
      <UnitOfMeasure>100 גרם</UnitOfMeasure>
      <bIsWeighted>0</bIsWeighted>
      <QtyInPackage>1</QtyInPackage>
      <ItemPrice>5.80</ItemPrice>
      <UnitOfMeasurePrice>7.2500</UnitOfMeasurePrice>
      <AllowDiscount>1</AllowDiscount>
      <ItemStatus>1</ItemStatus>
      <ItemId>227847</ItemId>
    </Item>
    <Item>
      <PriceUpdateDate>2016-05-30 14:20:51</PriceUpdateDate>
      <ItemCode>7290104857362</ItemCode>
      <ItemType>0</ItemType>
      <ItemName>כוסות נייר 80 יח 250</ItemName>
      <ManufacturerName>כוס נייר</ManufacturerName>
      <ManufactureCountry>לא ידוע</ManufactureCountry>
      <ManufacturerItemDescription>כוסות נייר 80 יח 250 מ"ל</ManufacturerItemDescription>
      <UnitQty>Unknown </UnitQty>
      <Quantity>0.00</Quantity>
      <UnitOfMeasure>Unknown </UnitOfMeasure>
      <bIsWeighted>0</bIsWeighted>
      <QtyInPackage>1</QtyInPackage>
      <ItemPrice>9.90</ItemPrice>
      <UnitOfMeasurePrice>0.0000</UnitOfMeasurePrice>
      <AllowDiscount>1</AllowDiscount>
      <ItemStatus>1</ItemStatus>
      <ItemId>268344</ItemId>
    </Item>
    <Item>
      <PriceUpdateDate>2015-01-01 00:00:00</PriceUpdateDate>
      <ItemCode>7290012557774</ItemCode>
      <ItemType>0</ItemType>
      <ItemName>בונבוניירה פרוגרס דו</ItemName>
      <ManufacturerName>אלפרוז</ManufacturerName>
      <ManufactureCountry>לא ידוע</ManufactureCountry>
      <ManufacturerItemDescription>בונבוניירה נפוליטנים 15 יח בד"צ</ManufacturerItemDescription>
      <UnitQty>Unknown </UnitQty>
      <Quantity>0.00</Quantity>
      <UnitOfMeasure>Unknown </UnitOfMeasure>
      <bIsWeighted>0</bIsWeighted>
      <QtyInPackage>1</QtyInPackage>
      <ItemPrice>13.90</ItemPrice>
      <UnitOfMeasurePrice>0.0000</UnitOfMeasurePrice>
      <AllowDiscount>1</AllowDiscount>
      <ItemStatus>1</ItemStatus>
      <ItemId>249465</ItemId>
    </Item>
    <Item>
      <PriceUpdateDate>2016-02-16 11:13:13</PriceUpdateDate>
      <ItemCode>995410</ItemCode>
      <ItemType>0</ItemType>
      <ItemName>נבטים סינים יח</ItemName>
      <ManufacturerName>,</ManufacturerName>
      <ManufactureCountry>לא ידוע</ManufactureCountry>
      <ManufacturerItemDescription>נבטים סינים יח</ManufacturerItemDescription>
      <UnitQty>Unknown </UnitQty>
      <Quantity>0.00</Quantity>
      <UnitOfMeasure>Unknown </UnitOfMeasure>
      <bIsWeighted>0</bIsWeighted>
      <QtyInPackage>1</QtyInPackage>
      <ItemPrice>5.90</ItemPrice>
      <UnitOfMeasurePrice>0.0000</UnitOfMeasurePrice>
      <AllowDiscount>1</AllowDiscount>
      <ItemStatus>1</ItemStatus>
      <ItemId>227932</ItemId>
    </Item>
    <Item>
      <PriceUpdateDate>2015-01-01 00:00:00</PriceUpdateDate>
      <ItemCode>6739681</ItemCode>
      <ItemType>0</ItemType>
      <ItemName>חטיפי תירס קלאסי 600</ItemName>
      <ManufacturerName>זוגלובק</ManufacturerName>
      <ManufactureCountry>לא ידוע</ManufactureCountry>
      <ManufacturerItemDescription>חטיפי תירס קלאסי 600 גרם</ManufacturerItemDescription>
      <UnitQty>גרמים</UnitQty>
      <Quantity>600.00</Quantity>
      <UnitOfMeasure>100 גרם</UnitOfMeasure>
      <bIsWeighted>0</bIsWeighted>
      <QtyInPackage>1</QtyInPackage>
      <ItemPrice>19.90</ItemPrice>
      <UnitOfMeasurePrice>3.3167</UnitOfMeasurePrice>
      <AllowDiscount>1</AllowDiscount>
      <ItemStatus>1</ItemStatus>
      <ItemId>227950</ItemId>
    </Item>
    <Item>
      <PriceUpdateDate>2015-01-01 00:00:00</PriceUpdateDate>
      <ItemCode>50072</ItemCode>
      <ItemType>0</ItemType>
      <ItemName>מארז 1/6 יופלה תות</ItemName>
      <ManufacturerName>תנובה מרכז שיתופי לש</ManufacturerName>
      <ManufactureCountry>ישראל</ManufactureCountry>
      <ManufacturerItemDescription>מארז יופלה תות שישיה רבנות</ManufacturerItemDescription>
      <UnitQty>Unknown </UnitQty>
      <Quantity>0.00</Quantity>
      <UnitOfMeasure>Unknown </UnitOfMeasure>
      <bIsWeighted>0</bIsWeighted>
      <QtyInPackage>1</QtyInPackage>
      <ItemPrice>9.90</ItemPrice>
      <UnitOfMeasurePrice>0.0000</UnitOfMeasurePrice>
      <AllowDiscount>1</AllowDiscount>
      <ItemStatus>1</ItemStatus>
      <ItemId>227961</ItemId>
    </Item>
    <Item>
      <PriceUpdateDate>2015-01-01 00:00:00</PriceUpdateDate>
      <ItemCode>50065</ItemCode>
      <ItemType>0</ItemType>
      <ItemName>מארז 1/6 יופלה קלאסי</ItemName>
      <ManufacturerName>תנובה מרכז שיתופי לש</ManufacturerName>
      <ManufactureCountry>לא ידוע</ManufactureCountry>
      <ManufacturerItemDescription>מארז יופלה קלאסי שישיה מהדרין</ManufacturerItemDescription>
      <UnitQty>Unknown </UnitQty>
      <Quantity>0.00</Quantity>
      <UnitOfMeasure>Unknown </UnitOfMeasure>
      <bIsWeighted>0</bIsWeighted>
      <QtyInPackage>1</QtyInPackage>
      <ItemPrice>9.90</ItemPrice>
      <UnitOfMeasurePrice>0.0000</UnitOfMeasurePrice>
      <AllowDiscount>1</AllowDiscount>
      <ItemStatus>1</ItemStatus>
      <ItemId>227962</ItemId>
    </Item>
    <Item>
      <PriceUpdateDate>2016-05-18 16:56:20</PriceUpdateDate>
      <ItemCode>879</ItemCode>
      <ItemType>0</ItemType>
      <ItemName>תמר לח</ItemName>
      <ManufacturerName>,</ManufacturerName>
      <ManufactureCountry>לא ידוע</ManufactureCountry>
      <ManufacturerItemDescription>תמר לח</ManufacturerItemDescription>
      <UnitQty>Unknown </UnitQty>
      <Quantity>0.00</Quantity>
      <UnitOfMeasure>Unknown </UnitOfMeasure>
      <bIsWeighted>0</bIsWeighted>
      <QtyInPackage>1</QtyInPackage>
      <ItemPrice>9.90</ItemPrice>
      <UnitOfMeasurePrice>0.0000</UnitOfMeasurePrice>
      <AllowDiscount>1</AllowDiscount>
      <ItemStatus>1</ItemStatus>
      <ItemId>227963</ItemId>
    </Item>
    <Item>
      <PriceUpdateDate>2015-01-01 00:00:00</PriceUpdateDate>
      <ItemCode>7290102392094</ItemCode>
      <ItemType>0</ItemType>
      <ItemName>חלב עיזים בקרטון 1 ל</ItemName>
      <ManufacturerName>מחלבת משק צוריאל</ManufacturerName>
      <ManufactureCountry>לא ידוע</ManufactureCountry>
      <ManufacturerItemDescription>חלב עיזים בקרטון 1 ליטר</ManufacturerItemDescription>
      <UnitQty>גרמים</UnitQty>
      <Quantity>250.00</Quantity>
      <UnitOfMeasure>100 גרם</UnitOfMeasure>
      <bIsWeighted>0</bIsWeighted>
      <QtyInPackage>1</QtyInPackage>
      <ItemPrice>12.90</ItemPrice>
      <UnitOfMeasurePrice>5.1600</UnitOfMeasurePrice>
      <AllowDiscount>1</AllowDiscount>
      <ItemStatus>1</ItemStatus>
      <ItemId>227966</ItemId>
    </Item>
    <Item>
      <PriceUpdateDate>2015-01-01 00:00:00</PriceUpdateDate>
      <ItemCode>977102</ItemCode>
      <ItemType>0</ItemType>
      <ItemName>תערובת פיצוחים</ItemName>
      <ManufacturerName>,</ManufacturerName>
      <ManufactureCountry>לא ידוע</ManufactureCountry>
      <ManufacturerItemDescription>תערובת פיצוחים</ManufacturerItemDescription>
      <UnitQty>קילוגרמים</UnitQty>
      <Quantity>1.00</Quantity>
      <UnitOfMeasure>ק"ג</UnitOfMeasure>
      <bIsWeighted>1</bIsWeighted>
      <QtyInPackage>לא ידוע</QtyInPackage>
      <ItemPrice>85.00</ItemPrice>
      <UnitOfMeasurePrice>85.0000</UnitOfMeasurePrice>
      <AllowDiscount>1</AllowDiscount>
      <ItemStatus>1</ItemStatus>
      <ItemId>227969</ItemId>
    </Item>
    <Item>
      <PriceUpdateDate>2016-01-05 07:49:13</PriceUpdateDate>
      <ItemCode>3726141</ItemCode>
      <ItemType>0</ItemType>
      <ItemName>טופו 300 גרם</ItemName>
      <ManufacturerName>,</ManufacturerName>
      <ManufactureCountry>לא ידוע</ManufactureCountry>
      <ManufacturerItemDescription>טופו 300 גרם</ManufacturerItemDescription>
      <UnitQty>גרמים</UnitQty>
      <Quantity>300.00</Quantity>
      <UnitOfMeasure>100 גרם</UnitOfMeasure>
      <bIsWeighted>0</bIsWeighted>
      <QtyInPackage>1</QtyInPackage>
      <ItemPrice>12.90</ItemPrice>
      <UnitOfMeasurePrice>4.3000</UnitOfMeasurePrice>
      <AllowDiscount>1</AllowDiscount>
      <ItemStatus>1</ItemStatus>
      <ItemId>227972</ItemId>
    </Item>
    <Item>
      <PriceUpdateDate>2016-05-19 08:13:20</PriceUpdateDate>
      <ItemCode>9005950</ItemCode>
      <ItemType>0</ItemType>
      <ItemName>אפרסק</ItemName>
      <ManufacturerName>,</ManufacturerName>
      <ManufactureCountry>לא ידוע</ManufactureCountry>
      <ManufacturerItemDescription>אפרסק</ManufacturerItemDescription>
      <UnitQty>קילוגרמים</UnitQty>
      <Quantity>1.00</Quantity>
      <UnitOfMeasure>ק"ג</UnitOfMeasure>
      <bIsWeighted>1</bIsWeighted>
      <QtyInPackage>לא ידוע</QtyInPackage>
      <ItemPrice>9.90</ItemPrice>
      <UnitOfMeasurePrice>9.9000</UnitOfMeasurePrice>
      <AllowDiscount>1</AllowDiscount>
      <ItemStatus>1</ItemStatus>
      <ItemId>227975</ItemId>
    </Item>
    <Item>
      <PriceUpdateDate>2015-01-01 00:00:00</PriceUpdateDate>
      <ItemCode>3719280</ItemCode>
      <ItemType>0</ItemType>
      <ItemName>לחם ליבו דגנים 750 ג</ItemName>
      <ManufacturerName>מאפית י את א ברמן בע</ManufacturerName>
      <ManufactureCountry>לא ידוע</ManufactureCountry>
      <ManufacturerItemDescription>לחם ליבו דגנים 750 גרם</ManufacturerItemDescription>
      <UnitQty>גרמים</UnitQty>
      <Quantity>750.00</Quantity>
      <UnitOfMeasure>100 גרם</UnitOfMeasure>
      <bIsWeighted>0</bIsWeighted>
      <QtyInPackage>1</QtyInPackage>
      <ItemPrice>13.90</ItemPrice>
      <UnitOfMeasurePrice>1.8533</UnitOfMeasurePrice>
      <AllowDiscount>1</AllowDiscount>
      <ItemStatus>1</ItemStatus>
      <ItemId>227979</ItemId>
    </Item>
    <Item>
      <PriceUpdateDate>2015-01-01 00:00:00</PriceUpdateDate>
      <ItemCode>2661115</ItemCode>
      <ItemType>0</ItemType>
      <ItemName>לחם הולנדי 1200 ק"ג</ItemName>
      <ManufacturerName>מאפית י את א ברמן בע</ManufacturerName>
      <ManufactureCountry>לא ידוע</ManufactureCountry>
      <ManufacturerItemDescription>לחם הולנדי 1200 ק"ג</ManufacturerItemDescription>
      <UnitQty>קילוגרמים</UnitQty>
      <Quantity>1.20</Quantity>
      <UnitOfMeasure>ק"ג     </UnitOfMeasure>
      <bIsWeighted>0</bIsWeighted>
      <QtyInPackage>1</QtyInPackage>
      <ItemPrice>14.90</ItemPrice>
      <UnitOfMeasurePrice>12.4167</UnitOfMeasurePrice>
      <AllowDiscount>1</AllowDiscount>
      <ItemStatus>1</ItemStatus>
      <ItemId>227980</ItemId>
    </Item>
    <Item>
      <PriceUpdateDate>2015-01-01 00:00:00</PriceUpdateDate>
      <ItemCode>4122676</ItemCode>
      <ItemType>0</ItemType>
      <ItemName>חמד לייט פיראוס 5%</ItemName>
      <ManufacturerName>תנובה מרכז שיתופי לש</ManufacturerName>
      <ManufactureCountry>לא ידוע</ManufactureCountry>
      <ManufacturerItemDescription>חמד לייט פיראוס 5%  250 גרם</ManufacturerItemDescription>
      <UnitQty>גרמים</UnitQty>
      <Quantity>250.00</Quantity>
      <UnitOfMeasure>100 גרם</UnitOfMeasure>
      <bIsWeighted>0</bIsWeighted>
      <QtyInPackage>1</QtyInPackage>
      <ItemPrice>16.90</ItemPrice>
      <UnitOfMeasurePrice>6.7600</UnitOfMeasurePrice>
      <AllowDiscount>1</AllowDiscount>
      <ItemStatus>1</ItemStatus>
      <ItemId>227981</ItemId>
    </Item>
    <Item>
      <PriceUpdateDate>2015-01-01 00:00:00</PriceUpdateDate>
      <ItemCode>2037828</ItemCode>
      <ItemType>0</ItemType>
      <ItemName>לחם דגני קלות 500 גר</ItemName>
      <ManufacturerName>מאפית י את א ברמן בע</ManufacturerName>
      <ManufactureCountry>לא ידוע</ManufactureCountry>
      <ManufacturerItemDescription>לחם דגני קלות 500 גרם</ManufacturerItemDescription>
      <UnitQty>גרמים</UnitQty>
      <Quantity>500.00</Quantity>
      <UnitOfMeasure>100 גרם</UnitOfMeasure>
      <bIsWeighted>0</bIsWeighted>
      <QtyInPackage>1</QtyInPackage>
      <ItemPrice>12.40</ItemPrice>
      <UnitOfMeasurePrice>2.4800</UnitOfMeasurePrice>
      <AllowDiscount>1</AllowDiscount>
      <ItemStatus>1</ItemStatus>
      <ItemId>227984</ItemId>
    </Item>
    <Item>
      <PriceUpdateDate>2015-01-01 00:00:00</PriceUpdateDate>
      <ItemCode>4685133</ItemCode>
      <ItemType>0</ItemType>
      <ItemName>לחם הארץ קל 750 גרם</ItemName>
      <ManufacturerName>מאפית י את א ברמן בע</ManufacturerName>
      <ManufactureCountry>לא ידוע</ManufactureCountry>
      <ManufacturerItemDescription>לחם הארץ קל 750 גרם</ManufacturerItemDescription>
      <UnitQty>גרמים</UnitQty>
      <Quantity>750.00</Quantity>
      <UnitOfMeasure>100 גרם</UnitOfMeasure>
      <bIsWeighted>0</bIsWeighted>
      <QtyInPackage>1</QtyInPackage>
      <ItemPrice>14.90</ItemPrice>
      <UnitOfMeasurePrice>1.9867</UnitOfMeasurePrice>
      <AllowDiscount>1</AllowDiscount>
      <ItemStatus>1</ItemStatus>
      <ItemId>227989</ItemId>
    </Item>
    <Item>
      <PriceUpdateDate>2015-09-21 08:15:31</PriceUpdateDate>
      <ItemCode>61450</ItemCode>
      <ItemType>0</ItemType>
      <ItemName>פתיתים אפויים 3 צבעי</ItemName>
      <ManufacturerName>אסם</ManufacturerName>
      <ManufactureCountry>לא ידוע</ManufactureCountry>
      <ManufacturerItemDescription>פתיתים אפויים 3 צבעים 500 גרם</ManufacturerItemDescription>
      <UnitQty>גרמים</UnitQty>
      <Quantity>500.00</Quantity>
      <UnitOfMeasure>100 גרם</UnitOfMeasure>
      <bIsWeighted>0</bIsWeighted>
      <QtyInPackage>1</QtyInPackage>
      <ItemPrice>5.90</ItemPrice>
      <UnitOfMeasurePrice>1.1800</UnitOfMeasurePrice>
      <AllowDiscount>1</AllowDiscount>
      <ItemStatus>1</ItemStatus>
      <ItemId>227990</ItemId>
    </Item>
    <Item>
      <PriceUpdateDate>2015-09-21 08:15:31</PriceUpdateDate>
      <ItemCode>61214</ItemCode>
      <ItemType>0</ItemType>
      <ItemName>פתיתים אפויים עם בצל</ItemName>
      <ManufacturerName>אסם</ManufacturerName>
      <ManufactureCountry>לא ידוע</ManufactureCountry>
      <ManufacturerItemDescription>פתיתים אפויים עם בצל 500 גרם</ManufacturerItemDescription>
      <UnitQty>גרמים</UnitQty>
      <Quantity>500.00</Quantity>
      <UnitOfMeasure>100 גרם</UnitOfMeasure>
      <bIsWeighted>0</bIsWeighted>
      <QtyInPackage>1</QtyInPackage>
      <ItemPrice>5.90</ItemPrice>
      <UnitOfMeasurePrice>1.1800</UnitOfMeasurePrice>
      <AllowDiscount>1</AllowDiscount>
      <ItemStatus>1</ItemStatus>
      <ItemId>227999</ItemId>
    </Item>
    <Item>
      <PriceUpdateDate>2015-01-01 00:00:00</PriceUpdateDate>
      <ItemCode>2037309</ItemCode>
      <ItemType>0</ItemType>
      <ItemName>לחמניות המבורגר 8 יח</ItemName>
      <ManufacturerName>מאפית י את א ברמן בע</ManufacturerName>
      <ManufactureCountry>לא ידוע</ManufactureCountry>
      <ManufacturerItemDescription>לחמניות המבורגר 8 יח</ManufacturerItemDescription>
      <UnitQty>גרמים</UnitQty>
      <Quantity>400.00</Quantity>
      <UnitOfMeasure>100 גרם</UnitOfMeasure>
      <bIsWeighted>0</bIsWeighted>
      <QtyInPackage>1</QtyInPackage>
      <ItemPrice>11.90</ItemPrice>
      <UnitOfMeasurePrice>2.9750</UnitOfMeasurePrice>
      <AllowDiscount>1</AllowDiscount>
      <ItemStatus>1</ItemStatus>
      <ItemId>228014</ItemId>
    </Item>
    <Item>
      <PriceUpdateDate>2015-01-01 00:00:00</PriceUpdateDate>
      <ItemCode>2037040</ItemCode>
      <ItemType>0</ItemType>
      <ItemName>חלה קלה 500 גרם</ItemName>
      <ManufacturerName>מאפית י את א ברמן בע</ManufacturerName>
      <ManufactureCountry>לא ידוע</ManufactureCountry>
      <ManufacturerItemDescription>חלה קלה 500 גרם</ManufacturerItemDescription>
      <UnitQty>גרמים</UnitQty>
      <Quantity>500.00</Quantity>
      <UnitOfMeasure>100 גרם</UnitOfMeasure>
      <bIsWeighted>0</bIsWeighted>
      <QtyInPackage>1</QtyInPackage>
      <ItemPrice>12.90</ItemPrice>
      <UnitOfMeasurePrice>2.5800</UnitOfMeasurePrice>
      <AllowDiscount>1</AllowDiscount>
      <ItemStatus>1</ItemStatus>
      <ItemId>228039</ItemId>
    </Item>
    <Item>
      <PriceUpdateDate>2015-01-01 00:00:00</PriceUpdateDate>
      <ItemCode>4685195</ItemCode>
      <ItemType>0</ItemType>
      <ItemName>לחם 10 דגנים 750 גרם</ItemName>
      <ManufacturerName>מאפית י את א ברמן בע</ManufacturerName>
      <ManufactureCountry>לא ידוע</ManufactureCountry>
      <ManufacturerItemDescription>לחם 10 דגנים 750 גרם לחם הארץ</ManufacturerItemDescription>
      <UnitQty>גרמים</UnitQty>
      <Quantity>750.00</Quantity>
      <UnitOfMeasure>100 גרם</UnitOfMeasure>
      <bIsWeighted>0</bIsWeighted>
      <QtyInPackage>1</QtyInPackage>
      <ItemPrice>14.90</ItemPrice>
      <UnitOfMeasurePrice>1.9867</UnitOfMeasurePrice>
      <AllowDiscount>1</AllowDiscount>
      <ItemStatus>1</ItemStatus>
      <ItemId>228043</ItemId>
    </Item>
    <Item>
      <PriceUpdateDate>2015-01-01 00:00:00</PriceUpdateDate>
      <ItemCode>7290011115401</ItemCode>
      <ItemType>0</ItemType>
      <ItemName>סבון נקה 7 מוצק לבן</ItemName>
      <ManufacturerName>,</ManufacturerName>
      <ManufactureCountry>לא ידוע</ManufactureCountry>
      <ManufacturerItemDescription>סבון נקה 7 מוצק לבן 4*100 גרם</ManufacturerItemDescription>
      <UnitQty>גרמים</UnitQty>
      <Quantity>400.00</Quantity>
      <UnitOfMeasure>100 גרם</UnitOfMeasure>
      <bIsWeighted>0</bIsWeighted>
      <QtyInPackage>1</QtyInPackage>
      <ItemPrice>9.90</ItemPrice>
      <UnitOfMeasurePrice>2.4750</UnitOfMeasurePrice>
      <AllowDiscount>1</AllowDiscount>
      <ItemStatus>1</ItemStatus>
      <ItemId>228046</ItemId>
    </Item>
    <Item>
      <PriceUpdateDate>2015-01-01 00:00:00</PriceUpdateDate>
      <ItemCode>7290011051365</ItemCode>
      <ItemType>0</ItemType>
      <ItemName>רביעיית שוופס סודה ל</ItemName>
      <ManufacturerName>יפאורה תבורי</ManufacturerName>
      <ManufactureCountry>לא ידוע</ManufactureCountry>
      <ManufacturerItemDescription>שוופס סודה לימון רביעייה * 1.5 ליטר</ManufacturerItemDescription>
      <UnitQty>ליטרים</UnitQty>
      <Quantity>6.00</Quantity>
      <UnitOfMeasure>ליטר    </UnitOfMeasure>
      <bIsWeighted>0</bIsWeighted>
      <QtyInPackage>1</QtyInPackage>
      <ItemPrice>9.90</ItemPrice>
      <UnitOfMeasurePrice>1.6500</UnitOfMeasurePrice>
      <AllowDiscount>1</AllowDiscount>
      <ItemStatus>1</ItemStatus>
      <ItemId>228055</ItemId>
    </Item>
    <Item>
      <PriceUpdateDate>2016-04-18 18:06:13</PriceUpdateDate>
      <ItemCode>7290014236516</ItemCode>
      <ItemType>1</ItemType>
      <ItemName>קרקר שוודי 400 גרם</ItemName>
      <ManufacturerName>,</ManufacturerName>
      <ManufactureCountry>לא ידוע</ManufactureCountry>
      <ManufacturerItemDescription>קרקר שוודי 400 גרם</ManufacturerItemDescription>
      <UnitQty>גרמים</UnitQty>
      <Quantity>400.00</Quantity>
      <UnitOfMeasure>100 גרם</UnitOfMeasure>
      <bIsWeighted>0</bIsWeighted>
      <QtyInPackage>1</QtyInPackage>
      <ItemPrice>9.90</ItemPrice>
      <UnitOfMeasurePrice>2.4750</UnitOfMeasurePrice>
      <AllowDiscount>1</AllowDiscount>
      <ItemStatus>1</ItemStatus>
      <ItemId>267970</ItemId>
    </Item>
    <Item>
      <PriceUpdateDate>2015-01-01 00:00:00</PriceUpdateDate>
      <ItemCode>11688114</ItemCode>
      <ItemType>0</ItemType>
      <ItemName>מי עדן 1.5 ליטר - פנ</ItemName>
      <ManufacturerName>,</ManufacturerName>
      <ManufactureCountry>לא ידוע</ManufactureCountry>
      <ManufacturerItemDescription>מי עדן 1.5 ליטר - פנימי</ManufacturerItemDescription>
      <UnitQty>ליטרים</UnitQty>
      <Quantity>1.50</Quantity>
      <UnitOfMeasure>ליטר    </UnitOfMeasure>
      <bIsWeighted>0</bIsWeighted>
      <QtyInPackage>1</QtyInPackage>
      <ItemPrice>2.90</ItemPrice>
      <UnitOfMeasurePrice>1.9333</UnitOfMeasurePrice>
      <AllowDiscount>1</AllowDiscount>
      <ItemStatus>1</ItemStatus>
      <ItemId>228089</ItemId>
    </Item>
    <Item>
      <PriceUpdateDate>2015-01-01 00:00:00</PriceUpdateDate>
      <ItemCode>598130</ItemCode>
      <ItemType>0</ItemType>
      <ItemName>מצות 400 גרם</ItemName>
      <ManufacturerName>,</ManufacturerName>
      <ManufactureCountry>לא ידוע</ManufactureCountry>
      <ManufacturerItemDescription>מצות 400 גרם</ManufacturerItemDescription>
      <UnitQty>גרמים</UnitQty>
      <Quantity>400.00</Quantity>
      <UnitOfMeasure>100 גרם</UnitOfMeasure>
      <bIsWeighted>0</bIsWeighted>
      <QtyInPackage>1</QtyInPackage>
      <ItemPrice>13.90</ItemPrice>
      <UnitOfMeasurePrice>3.4750</UnitOfMeasurePrice>
      <AllowDiscount>1</AllowDiscount>
      <ItemStatus>1</ItemStatus>
      <ItemId>228091</ItemId>
    </Item>
    <Item>
      <PriceUpdateDate>2015-01-01 00:00:00</PriceUpdateDate>
      <ItemCode>113608560</ItemCode>
      <ItemType>0</ItemType>
      <ItemName>קולה אר.סי 1.5 ליטר</ItemName>
      <ManufacturerName>,</ManufacturerName>
      <ManufactureCountry>לא ידוע</ManufactureCountry>
      <ManufacturerItemDescription>קולה אר.סי 1.5 ליטר</ManufacturerItemDescription>
      <UnitQty>ליטרים</UnitQty>
      <Quantity>1.50</Quantity>
      <UnitOfMeasure>ליטר    </UnitOfMeasure>
      <bIsWeighted>0</bIsWeighted>
      <QtyInPackage>1</QtyInPackage>
      <ItemPrice>4.50</ItemPrice>
      <UnitOfMeasurePrice>3.0000</UnitOfMeasurePrice>
      <AllowDiscount>1</AllowDiscount>
      <ItemStatus>1</ItemStatus>
      <ItemId>228094</ItemId>
    </Item>
    <Item>
      <PriceUpdateDate>2016-02-24 13:45:21</PriceUpdateDate>
      <ItemCode>4030643</ItemCode>
      <ItemType>0</ItemType>
      <ItemName>מיץ לימונדה לואיזה</ItemName>
      <ManufacturerName>פריניב</ManufacturerName>
      <ManufactureCountry>לא ידוע</ManufactureCountry>
      <ManufacturerItemDescription>מיץ לימונדה לואיזה סחוט טרי 2 ליטר</ManufacturerItemDescription>
      <UnitQty>ליטרים</UnitQty>
      <Quantity>2.00</Quantity>
      <UnitOfMeasure>ליטר    </UnitOfMeasure>
      <bIsWeighted>0</bIsWeighted>
      <QtyInPackage>1</QtyInPackage>
      <ItemPrice>13.90</ItemPrice>
      <UnitOfMeasurePrice>6.9500</UnitOfMeasurePrice>
      <AllowDiscount>1</AllowDiscount>
      <ItemStatus>1</ItemStatus>
      <ItemId>228128</ItemId>
    </Item>
    <Item>
      <PriceUpdateDate>2015-09-21 08:20:56</PriceUpdateDate>
      <ItemCode>3087273</ItemCode>
      <ItemType>0</ItemType>
      <ItemName>באגסי ברביקיו 200 גר</ItemName>
      <ManufacturerName>א מ חטיפי העמק בעמ</ManufacturerName>
      <ManufactureCountry>לא ידוע</ManufactureCountry>
      <ManufacturerItemDescription>באגסי ברביקיו 200 גרם</ManufacturerItemDescription>
      <UnitQty>גרמים</UnitQty>
      <Quantity>200.00</Quantity>
      <UnitOfMeasure>100 גרם</UnitOfMeasure>
      <bIsWeighted>0</bIsWeighted>
      <QtyInPackage>1</QtyInPackage>
      <ItemPrice>3.90</ItemPrice>
      <UnitOfMeasurePrice>1.9500</UnitOfMeasurePrice>
      <AllowDiscount>1</AllowDiscount>
      <ItemStatus>1</ItemStatus>
      <ItemId>228135</ItemId>
    </Item>
    <Item>
      <PriceUpdateDate>2015-01-01 00:00:00</PriceUpdateDate>
      <ItemCode>7290015321327</ItemCode>
      <ItemType>0</ItemType>
      <ItemName>תבלין לדגים 250 גרם</ItemName>
      <ManufacturerName>,</ManufacturerName>
      <ManufactureCountry>לא ידוע</ManufactureCountry>
      <ManufacturerItemDescription>תבלין לדגים 250 גרם</ManufacturerItemDescription>
      <UnitQty>גרמים</UnitQty>
      <Quantity>250.00</Quantity>
      <UnitOfMeasure>100 גרם</UnitOfMeasure>
      <bIsWeighted>0</bIsWeighted>
      <QtyInPackage>1</QtyInPackage>
      <ItemPrice>19.90</ItemPrice>
      <UnitOfMeasurePrice>7.9600</UnitOfMeasurePrice>
      <AllowDiscount>1</AllowDiscount>
      <ItemStatus>1</ItemStatus>
      <ItemId>254854</ItemId>
    </Item>
    <Item>
      <PriceUpdateDate>2015-09-21 08:20:56</PriceUpdateDate>
      <ItemCode>7290010967506</ItemCode>
      <ItemType>0</ItemType>
      <ItemName>באגסי פלאפל 200 גרם</ItemName>
      <ManufacturerName>א מ חטיפי העמק בעמ</ManufacturerName>
      <ManufactureCountry>לא ידוע</ManufactureCountry>
      <ManufacturerItemDescription>באגסי פלאפל 200 גרם</ManufacturerItemDescription>
      <UnitQty>גרמים</UnitQty>
      <Quantity>200.00</Quantity>
      <UnitOfMeasure>100 גרם</UnitOfMeasure>
      <bIsWeighted>0</bIsWeighted>
      <QtyInPackage>1</QtyInPackage>
      <ItemPrice>3.90</ItemPrice>
      <UnitOfMeasurePrice>1.9500</UnitOfMeasurePrice>
      <AllowDiscount>1</AllowDiscount>
      <ItemStatus>1</ItemStatus>
      <ItemId>228137</ItemId>
    </Item>
    <Item>
      <PriceUpdateDate>2015-09-21 08:20:56</PriceUpdateDate>
      <ItemCode>3087266</ItemCode>
      <ItemType>0</ItemType>
      <ItemName>באגסי בצל 190 גרם</ItemName>
      <ManufacturerName>א מ חטיפי העמק בעמ</ManufacturerName>
      <ManufactureCountry>לא ידוע</ManufactureCountry>
      <ManufacturerItemDescription>באגסי בצל 190 גרם</ManufacturerItemDescription>
      <UnitQty>גרמים</UnitQty>
      <Quantity>190.00</Quantity>
      <UnitOfMeasure>100 גרם</UnitOfMeasure>
      <bIsWeighted>0</bIsWeighted>
      <QtyInPackage>1</QtyInPackage>
      <ItemPrice>3.90</ItemPrice>
      <UnitOfMeasurePrice>2.0526</UnitOfMeasurePrice>
      <AllowDiscount>1</AllowDiscount>
      <ItemStatus>1</ItemStatus>
      <ItemId>228138</ItemId>
    </Item>
    <Item>
      <PriceUpdateDate>2015-01-01 00:00:00</PriceUpdateDate>
      <ItemCode>7290012116629</ItemCode>
      <ItemType>0</ItemType>
      <ItemName>תחליב סנו די לתינוקו</ItemName>
      <ManufacturerName>קוסמופארם</ManufacturerName>
      <ManufactureCountry>לא ידוע</ManufactureCountry>
      <ManufacturerItemDescription>תחליב סנו די לתינוקות וילדים 50 מ"ל</ManufacturerItemDescription>
      <UnitQty>מיליליטרים</UnitQty>
      <Quantity>50.00</Quantity>
      <UnitOfMeasure>100 מ"ל</UnitOfMeasure>
      <bIsWeighted>0</bIsWeighted>
      <QtyInPackage>1</QtyInPackage>
      <ItemPrice>17.90</ItemPrice>
      <UnitOfMeasurePrice>35.8000</UnitOfMeasurePrice>
      <AllowDiscount>1</AllowDiscount>
      <ItemStatus>1</ItemStatus>
      <ItemId>228160</ItemId>
    </Item>
    <Item>
      <PriceUpdateDate>2015-01-01 00:00:00</PriceUpdateDate>
      <ItemCode>7290011800826</ItemCode>
      <ItemType>0</ItemType>
      <ItemName>חציל בטחינה רפי 400</ItemName>
      <ManufacturerName>צבר</ManufacturerName>
      <ManufactureCountry>לא ידוע</ManufactureCountry>
      <ManufacturerItemDescription>חציל בטחינה רפי 400 גרם בד"צ</ManufacturerItemDescription>
      <UnitQty>גרמים</UnitQty>
      <Quantity>400.00</Quantity>
      <UnitOfMeasure>100 גרם</UnitOfMeasure>
      <bIsWeighted>0</bIsWeighted>
      <QtyInPackage>1</QtyInPackage>
      <ItemPrice>9.90</ItemPrice>
      <UnitOfMeasurePrice>2.4750</UnitOfMeasurePrice>
      <AllowDiscount>1</AllowDiscount>
      <ItemStatus>1</ItemStatus>
      <ItemId>228192</ItemId>
    </Item>
    <Item>
      <PriceUpdateDate>2015-01-01 00:00:00</PriceUpdateDate>
      <ItemCode>7290011800840</ItemCode>
      <ItemType>0</ItemType>
      <ItemName>טחינה לבנה רפי 400 ג</ItemName>
      <ManufacturerName>צבר</ManufacturerName>
      <ManufactureCountry>לא ידוע</ManufactureCountry>
      <ManufacturerItemDescription>טחינה לבנה רפי 400 גרם בד"צ</ManufacturerItemDescription>
      <UnitQty>גרמים</UnitQty>
      <Quantity>400.00</Quantity>
      <UnitOfMeasure>100 גרם</UnitOfMeasure>
      <bIsWeighted>0</bIsWeighted>
      <QtyInPackage>1</QtyInPackage>
      <ItemPrice>9.90</ItemPrice>
      <UnitOfMeasurePrice>2.4750</UnitOfMeasurePrice>
      <AllowDiscount>1</AllowDiscount>
      <ItemStatus>1</ItemStatus>
      <ItemId>228194</ItemId>
    </Item>
    <Item>
      <PriceUpdateDate>2015-01-01 00:00:00</PriceUpdateDate>
      <ItemCode>7290011800703</ItemCode>
      <ItemType>0</ItemType>
      <ItemName>סלט פלפלים מרוקאים ר</ItemName>
      <ManufacturerName>צבר</ManufacturerName>
      <ManufactureCountry>לא ידוע</ManufactureCountry>
      <ManufacturerItemDescription>סלט פלפלים מרוקאים רפי 400 גרם בד"צ</ManufacturerItemDescription>
      <UnitQty>גרמים</UnitQty>
      <Quantity>400.00</Quantity>
      <UnitOfMeasure>100 גרם</UnitOfMeasure>
      <bIsWeighted>0</bIsWeighted>
      <QtyInPackage>1</QtyInPackage>
      <ItemPrice>9.90</ItemPrice>
      <UnitOfMeasurePrice>2.4750</UnitOfMeasurePrice>
      <AllowDiscount>1</AllowDiscount>
      <ItemStatus>1</ItemStatus>
      <ItemId>228196</ItemId>
    </Item>
    <Item>
      <PriceUpdateDate>2015-01-01 00:00:00</PriceUpdateDate>
      <ItemCode>5287664</ItemCode>
      <ItemType>0</ItemType>
      <ItemName>ממרח סלמון סטארקיסט</ItemName>
      <ManufacturerName>סטארקיסט</ManufacturerName>
      <ManufactureCountry>לא ידוע</ManufactureCountry>
      <ManufacturerItemDescription>ממרח סלמון סטארקיסט 160 גרם בד"צ</ManufacturerItemDescription>
      <UnitQty>גרמים</UnitQty>
      <Quantity>160.00</Quantity>
      <UnitOfMeasure>100 גרם</UnitOfMeasure>
      <bIsWeighted>0</bIsWeighted>
      <QtyInPackage>1</QtyInPackage>
      <ItemPrice>8.90</ItemPrice>
      <UnitOfMeasurePrice>5.5625</UnitOfMeasurePrice>
      <AllowDiscount>1</AllowDiscount>
      <ItemStatus>1</ItemStatus>
      <ItemId>228230</ItemId>
    </Item>
    <Item>
      <PriceUpdateDate>2015-01-01 00:00:00</PriceUpdateDate>
      <ItemCode>5287657</ItemCode>
      <ItemType>0</ItemType>
      <ItemName>ממרח טונה סטארקיסט</ItemName>
      <ManufacturerName>סטארקיסט</ManufacturerName>
      <ManufactureCountry>לא ידוע</ManufactureCountry>
      <ManufacturerItemDescription>ממרח טונה סטארקיסט 160 גרם בד"צ</ManufacturerItemDescription>
      <UnitQty>גרמים</UnitQty>
      <Quantity>160.00</Quantity>
      <UnitOfMeasure>100 גרם</UnitOfMeasure>
      <bIsWeighted>0</bIsWeighted>
      <QtyInPackage>1</QtyInPackage>
      <ItemPrice>6.90</ItemPrice>
      <UnitOfMeasurePrice>4.3125</UnitOfMeasurePrice>
      <AllowDiscount>1</AllowDiscount>
      <ItemStatus>1</ItemStatus>
      <ItemId>228231</ItemId>
    </Item>
    <Item>
      <PriceUpdateDate>2016-04-18 18:06:13</PriceUpdateDate>
      <ItemCode>7290014236523</ItemCode>
      <ItemType>1</ItemType>
      <ItemName>קרקר חיטה 400 גרם</ItemName>
      <ManufacturerName>,</ManufacturerName>
      <ManufactureCountry>לא ידוע</ManufactureCountry>
      <ManufacturerItemDescription>קרקר חיטה 400 גרם</ManufacturerItemDescription>
      <UnitQty>גרמים</UnitQty>
      <Quantity>400.00</Quantity>
      <UnitOfMeasure>100 גרם</UnitOfMeasure>
      <bIsWeighted>0</bIsWeighted>
      <QtyInPackage>1</QtyInPackage>
      <ItemPrice>9.90</ItemPrice>
      <UnitOfMeasurePrice>2.4750</UnitOfMeasurePrice>
      <AllowDiscount>1</AllowDiscount>
      <ItemStatus>1</ItemStatus>
      <ItemId>267971</ItemId>
    </Item>
    <Item>
      <PriceUpdateDate>2015-01-01 00:00:00</PriceUpdateDate>
      <ItemCode>5287640</ItemCode>
      <ItemType>0</ItemType>
      <ItemName>סלט טונה סטארקיסט</ItemName>
      <ManufacturerName>סטארקיסט</ManufacturerName>
      <ManufactureCountry>לא ידוע</ManufactureCountry>
      <ManufacturerItemDescription>סלט טונה סטארקיסט 160 גרם בד"צ</ManufacturerItemDescription>
      <UnitQty>גרמים</UnitQty>
      <Quantity>160.00</Quantity>
      <UnitOfMeasure>100 גרם</UnitOfMeasure>
      <bIsWeighted>0</bIsWeighted>
      <QtyInPackage>1</QtyInPackage>
      <ItemPrice>6.90</ItemPrice>
      <UnitOfMeasurePrice>4.3125</UnitOfMeasurePrice>
      <AllowDiscount>1</AllowDiscount>
      <ItemStatus>1</ItemStatus>
      <ItemId>228236</ItemId>
    </Item>
    <Item>
      <PriceUpdateDate>2015-01-01 00:00:00</PriceUpdateDate>
      <ItemCode>5904941751302</ItemCode>
      <ItemType>0</ItemType>
      <ItemName>משקה אנרגיה בלו 250</ItemName>
      <ManufacturerName>אקו ביט</ManufacturerName>
      <ManufactureCountry>לא ידוע</ManufactureCountry>
      <ManufacturerItemDescription>משקה אנרגיה בלו 250 מ"ל</ManufacturerItemDescription>
      <UnitQty>מיליליטרים</UnitQty>
      <Quantity>250.00</Quantity>
      <UnitOfMeasure>100 מ"ל</UnitOfMeasure>
      <bIsWeighted>0</bIsWeighted>
      <QtyInPackage>1</QtyInPackage>
      <ItemPrice>3.20</ItemPrice>
      <UnitOfMeasurePrice>1.2800</UnitOfMeasurePrice>
      <AllowDiscount>1</AllowDiscount>
      <ItemStatus>1</ItemStatus>
      <ItemId>228259</ItemId>
    </Item>
    <Item>
      <PriceUpdateDate>2015-01-01 00:00:00</PriceUpdateDate>
      <ItemCode>7290013525796</ItemCode>
      <ItemType>0</ItemType>
      <ItemName>סחוג תימני 150 גרם</ItemName>
      <ManufacturerName>סלטי שמיר 2006 בעמ</ManufacturerName>
      <ManufactureCountry>ישראל</ManufactureCountry>
      <ManufacturerItemDescription>סחוג תימני 150 גרם</ManufacturerItemDescription>
      <UnitQty>גרמים</UnitQty>
      <Quantity>150.00</Quantity>
      <UnitOfMeasure>100 גרם</UnitOfMeasure>
      <bIsWeighted>0</bIsWeighted>
      <QtyInPackage>1</QtyInPackage>
      <ItemPrice>6.90</ItemPrice>
      <UnitOfMeasurePrice>4.6000</UnitOfMeasurePrice>
      <AllowDiscount>1</AllowDiscount>
      <ItemStatus>1</ItemStatus>
      <ItemId>243951</ItemId>
    </Item>
    <Item>
      <PriceUpdateDate>2015-01-01 00:00:00</PriceUpdateDate>
      <ItemCode>304526</ItemCode>
      <ItemType>0</ItemType>
      <ItemName>ממרח סלמון מעודן 100</ItemName>
      <ManufacturerName>,</ManufacturerName>
      <ManufactureCountry>לא ידוע</ManufactureCountry>
      <ManufacturerItemDescription>ממרח סלמון מעודן 100 גרם</ManufacturerItemDescription>
      <UnitQty>גרמים</UnitQty>
      <Quantity>100.00</Quantity>
      <UnitOfMeasure>100 גרם</UnitOfMeasure>
      <bIsWeighted>0</bIsWeighted>
      <QtyInPackage>1</QtyInPackage>
      <ItemPrice>7.50</ItemPrice>
      <UnitOfMeasurePrice>7.5000</UnitOfMeasurePrice>
      <AllowDiscount>1</AllowDiscount>
      <ItemStatus>1</ItemStatus>
      <ItemId>228265</ItemId>
    </Item>
    <Item>
      <PriceUpdateDate>2015-01-01 00:00:00</PriceUpdateDate>
      <ItemCode>2757535</ItemCode>
      <ItemType>0</ItemType>
      <ItemName>בורקס פילו אצבעות גב</ItemName>
      <ManufacturerName>שלושת האופים</ManufacturerName>
      <ManufactureCountry>לא ידוע</ManufactureCountry>
      <ManufacturerItemDescription>בורקס פילו אצבעות גבינה 700 גרם</ManufacturerItemDescription>
      <UnitQty>גרמים</UnitQty>
      <Quantity>700.00</Quantity>
      <UnitOfMeasure>100 גרם</UnitOfMeasure>
      <bIsWeighted>0</bIsWeighted>
      <QtyInPackage>1</QtyInPackage>
      <ItemPrice>19.90</ItemPrice>
      <UnitOfMeasurePrice>2.8429</UnitOfMeasurePrice>
      <AllowDiscount>1</AllowDiscount>
      <ItemStatus>1</ItemStatus>
      <ItemId>228295</ItemId>
    </Item>
    <Item>
      <PriceUpdateDate>2015-01-01 00:00:00</PriceUpdateDate>
      <ItemCode>2757511</ItemCode>
      <ItemType>0</ItemType>
      <ItemName>קציצות דג לבישול 750</ItemName>
      <ManufacturerName>דלידג</ManufacturerName>
      <ManufactureCountry>לא ידוע</ManufactureCountry>
      <ManufacturerItemDescription>קציצות דג לבישול 750 גרם</ManufacturerItemDescription>
      <UnitQty>גרמים</UnitQty>
      <Quantity>750.00</Quantity>
      <UnitOfMeasure>100 גרם</UnitOfMeasure>
      <bIsWeighted>0</bIsWeighted>
      <QtyInPackage>1</QtyInPackage>
      <ItemPrice>26.90</ItemPrice>
      <UnitOfMeasurePrice>3.5867</UnitOfMeasurePrice>
      <AllowDiscount>1</AllowDiscount>
      <ItemStatus>1</ItemStatus>
      <ItemId>228296</ItemId>
    </Item>
    <Item>
      <PriceUpdateDate>2015-09-20 09:46:49</PriceUpdateDate>
      <ItemCode>9008739</ItemCode>
      <ItemType>0</ItemType>
      <ItemName>תמר צהוב</ItemName>
      <ManufacturerName>,</ManufacturerName>
      <ManufactureCountry>לא ידוע</ManufactureCountry>
      <ManufacturerItemDescription>תמר צהוב</ManufacturerItemDescription>
      <UnitQty>קילוגרמים</UnitQty>
      <Quantity>1.00</Quantity>
      <UnitOfMeasure>ק"ג</UnitOfMeasure>
      <bIsWeighted>1</bIsWeighted>
      <QtyInPackage>לא ידוע</QtyInPackage>
      <ItemPrice>11.90</ItemPrice>
      <UnitOfMeasurePrice>11.9000</UnitOfMeasurePrice>
      <AllowDiscount>1</AllowDiscount>
      <ItemStatus>1</ItemStatus>
      <ItemId>228314</ItemId>
    </Item>
    <Item>
      <PriceUpdateDate>2015-01-01 00:00:00</PriceUpdateDate>
      <ItemCode>4084500078758</ItemCode>
      <ItemType>0</ItemType>
      <ItemName>טבליות כביסה אריאל פ</ItemName>
      <ManufacturerName>פרוקטר</ManufacturerName>
      <ManufactureCountry>לא ידוע</ManufactureCountry>
      <ManufacturerItemDescription>טבליות כביסה אריאל פודס 28 יח</ManufacturerItemDescription>
      <UnitQty>Unknown </UnitQty>
      <Quantity>0.00</Quantity>
      <UnitOfMeasure>Unknown </UnitOfMeasure>
      <bIsWeighted>0</bIsWeighted>
      <QtyInPackage>1</QtyInPackage>
      <ItemPrice>34.90</ItemPrice>
      <UnitOfMeasurePrice>0.0000</UnitOfMeasurePrice>
      <AllowDiscount>1</AllowDiscount>
      <ItemStatus>1</ItemStatus>
      <ItemId>252150</ItemId>
    </Item>
    <Item>
      <PriceUpdateDate>2015-01-01 00:00:00</PriceUpdateDate>
      <ItemCode>7290014325555</ItemCode>
      <ItemType>0</ItemType>
      <ItemName>אורז בסמטי 1.4 ק"ג</ItemName>
      <ManufacturerName>,</ManufacturerName>
      <ManufactureCountry>לא ידוע</ManufactureCountry>
      <ManufacturerItemDescription>אורז בסמטי 1.4 ק"ג</ManufacturerItemDescription>
      <UnitQty>קילוגרמים</UnitQty>
      <Quantity>1.40</Quantity>
      <UnitOfMeasure>ק"ג     </UnitOfMeasure>
      <bIsWeighted>0</bIsWeighted>
      <QtyInPackage>1</QtyInPackage>
      <ItemPrice>15.90</ItemPrice>
      <UnitOfMeasurePrice>11.3571</UnitOfMeasurePrice>
      <AllowDiscount>1</AllowDiscount>
      <ItemStatus>1</ItemStatus>
      <ItemId>248934</ItemId>
    </Item>
    <Item>
      <PriceUpdateDate>2015-01-01 00:00:00</PriceUpdateDate>
      <ItemCode>901152</ItemCode>
      <ItemType>0</ItemType>
      <ItemName>צלעות כבש טרי  עטרה</ItemName>
      <ManufacturerName>,</ManufacturerName>
      <ManufactureCountry>לא ידוע</ManufactureCountry>
      <ManufacturerItemDescription>צלעות כבש טרי  עטרה</ManufacturerItemDescription>
      <UnitQty>קילוגרמים</UnitQty>
      <Quantity>1.00</Quantity>
      <UnitOfMeasure>ק"ג</UnitOfMeasure>
      <bIsWeighted>1</bIsWeighted>
      <QtyInPackage>לא ידוע</QtyInPackage>
      <ItemPrice>129.90</ItemPrice>
      <UnitOfMeasurePrice>129.9000</UnitOfMeasurePrice>
      <AllowDiscount>1</AllowDiscount>
      <ItemStatus>1</ItemStatus>
      <ItemId>228432</ItemId>
    </Item>
    <Item>
      <PriceUpdateDate>2015-01-01 00:00:00</PriceUpdateDate>
      <ItemCode>901213</ItemCode>
      <ItemType>0</ItemType>
      <ItemName>אשכים בקר טרי</ItemName>
      <ManufacturerName>,</ManufacturerName>
      <ManufactureCountry>לא ידוע</ManufactureCountry>
      <ManufacturerItemDescription>אשכים בקר טרי</ManufacturerItemDescription>
      <UnitQty>קילוגרמים</UnitQty>
      <Quantity>1.00</Quantity>
      <UnitOfMeasure>ק"ג</UnitOfMeasure>
      <bIsWeighted>1</bIsWeighted>
      <QtyInPackage>לא ידוע</QtyInPackage>
      <ItemPrice>59.90</ItemPrice>
      <UnitOfMeasurePrice>59.9000</UnitOfMeasurePrice>
      <AllowDiscount>1</AllowDiscount>
      <ItemStatus>1</ItemStatus>
      <ItemId>228435</ItemId>
    </Item>
    <Item>
      <PriceUpdateDate>2015-01-01 00:00:00</PriceUpdateDate>
      <ItemCode>7290103407209</ItemCode>
      <ItemType>0</ItemType>
      <ItemName>מארז תפוציפס קידס 6</ItemName>
      <ManufacturerName>שטראוס</ManufacturerName>
      <ManufactureCountry>ישראל</ManufactureCountry>
      <ManufacturerItemDescription>מארז תפוציפס קידס 6 * 30 גרם</ManufacturerItemDescription>
      <UnitQty>גרמים</UnitQty>
      <Quantity>180.00</Quantity>
      <UnitOfMeasure>100 גרם</UnitOfMeasure>
      <bIsWeighted>0</bIsWeighted>
      <QtyInPackage>6</QtyInPackage>
      <ItemPrice>7.50</ItemPrice>
      <UnitOfMeasurePrice>4.1667</UnitOfMeasurePrice>
      <AllowDiscount>1</AllowDiscount>
      <ItemStatus>1</ItemStatus>
      <ItemId>228442</ItemId>
    </Item>
    <Item>
      <PriceUpdateDate>2015-01-01 00:00:00</PriceUpdateDate>
      <ItemCode>4009900444743</ItemCode>
      <ItemType>0</ItemType>
      <ItemName>אורביט פפרמינט מעטפה</ItemName>
      <ManufacturerName>ריגלי</ManufacturerName>
      <ManufactureCountry>לא ידוע</ManufactureCountry>
      <ManufacturerItemDescription>אורביט פפרמינט מעטפה שלשה 81 גרם</ManufacturerItemDescription>
      <UnitQty>גרמים</UnitQty>
      <Quantity>81.00</Quantity>
      <UnitOfMeasure>100 גרם</UnitOfMeasure>
      <bIsWeighted>0</bIsWeighted>
      <QtyInPackage>1</QtyInPackage>
      <ItemPrice>13.90</ItemPrice>
      <UnitOfMeasurePrice>17.1605</UnitOfMeasurePrice>
      <AllowDiscount>1</AllowDiscount>
      <ItemStatus>1</ItemStatus>
      <ItemId>228453</ItemId>
    </Item>
    <Item>
      <PriceUpdateDate>2015-11-01 10:54:15</PriceUpdateDate>
      <ItemCode>72593</ItemCode>
      <ItemType>0</ItemType>
      <ItemName>לחמית חיטה מלאה דבש</ItemName>
      <ManufacturerName>אסם</ManufacturerName>
      <ManufactureCountry>לא ידוע</ManufactureCountry>
      <ManufacturerItemDescription>לחמית חיטה מלאה דבש 200 גרם</ManufacturerItemDescription>
      <UnitQty>גרמים</UnitQty>
      <Quantity>200.00</Quantity>
      <UnitOfMeasure>100 גרם</UnitOfMeasure>
      <bIsWeighted>0</bIsWeighted>
      <QtyInPackage>1</QtyInPackage>
      <ItemPrice>7.90</ItemPrice>
      <UnitOfMeasurePrice>3.9500</UnitOfMeasurePrice>
      <AllowDiscount>1</AllowDiscount>
      <ItemStatus>1</ItemStatus>
      <ItemId>228487</ItemId>
    </Item>
    <Item>
      <PriceUpdateDate>2015-01-01 00:00:00</PriceUpdateDate>
      <ItemCode>484129</ItemCode>
      <ItemType>0</ItemType>
      <ItemName>אלוף הערק 50% 750 מ"</ItemName>
      <ManufacturerName>,</ManufacturerName>
      <ManufactureCountry>לא ידוע</ManufactureCountry>
      <ManufacturerItemDescription>אלוף הערק 50% 750 מ"ל</ManufacturerItemDescription>
      <UnitQty>מיליליטרים</UnitQty>
      <Quantity>750.00</Quantity>
      <UnitOfMeasure>100 מ"ל</UnitOfMeasure>
      <bIsWeighted>0</bIsWeighted>
      <QtyInPackage>1</QtyInPackage>
      <ItemPrice>79.80</ItemPrice>
      <UnitOfMeasurePrice>10.6400</UnitOfMeasurePrice>
      <AllowDiscount>1</AllowDiscount>
      <ItemStatus>1</ItemStatus>
      <ItemId>228492</ItemId>
    </Item>
    <Item>
      <PriceUpdateDate>2015-09-20 13:03:15</PriceUpdateDate>
      <ItemCode>416632</ItemCode>
      <ItemType>0</ItemType>
      <ItemName>ממרח שוקולד השחר 1 ק</ItemName>
      <ManufacturerName>השחר העולה תעשית ממת</ManufacturerName>
      <ManufactureCountry>לא ידוע</ManufactureCountry>
      <ManufacturerItemDescription>ממרח שוקולד השחר 1 ק"ג</ManufacturerItemDescription>
      <UnitQty>קילוגרמים</UnitQty>
      <Quantity>1.00</Quantity>
      <UnitOfMeasure>ק"ג     </UnitOfMeasure>
      <bIsWeighted>0</bIsWeighted>
      <QtyInPackage>1</QtyInPackage>
      <ItemPrice>19.90</ItemPrice>
      <UnitOfMeasurePrice>19.9000</UnitOfMeasurePrice>
      <AllowDiscount>1</AllowDiscount>
      <ItemStatus>1</ItemStatus>
      <ItemId>228512</ItemId>
    </Item>
    <Item>
      <PriceUpdateDate>2016-02-11 13:41:47</PriceUpdateDate>
      <ItemCode>50966</ItemCode>
      <ItemType>0</ItemType>
      <ItemName>גבינה לבנה 5% 850 גר</ItemName>
      <ManufacturerName>תנובה מרכז שיתופי לש</ManufacturerName>
      <ManufactureCountry>לא ידוע</ManufactureCountry>
      <ManufacturerItemDescription>גבינה לבנה 5% 850 גרם</ManufacturerItemDescription>
      <UnitQty>גרמים</UnitQty>
      <Quantity>850.00</Quantity>
      <UnitOfMeasure>100 גרם</UnitOfMeasure>
      <bIsWeighted>0</bIsWeighted>
      <QtyInPackage>1</QtyInPackage>
      <ItemPrice>11.90</ItemPrice>
      <UnitOfMeasurePrice>1.4000</UnitOfMeasurePrice>
      <AllowDiscount>1</AllowDiscount>
      <ItemStatus>1</ItemStatus>
      <ItemId>228514</ItemId>
    </Item>
    <Item>
      <PriceUpdateDate>2016-04-18 18:06:13</PriceUpdateDate>
      <ItemCode>70970481055</ItemCode>
      <ItemType>1</ItemType>
      <ItemName>סוכריות מייק &amp; אייק</ItemName>
      <ManufacturerName>,</ManufacturerName>
      <ManufactureCountry>לא ידוע</ManufactureCountry>
      <ManufacturerItemDescription>סוכריות מייק &amp; אייק בטעם פירות טרופי 24</ManufacturerItemDescription>
      <UnitQty>גרמים</UnitQty>
      <Quantity>528.00</Quantity>
      <UnitOfMeasure>100 גרם</UnitOfMeasure>
      <bIsWeighted>0</bIsWeighted>
      <QtyInPackage>1</QtyInPackage>
      <ItemPrice>14.90</ItemPrice>
      <UnitOfMeasurePrice>2.8220</UnitOfMeasurePrice>
      <AllowDiscount>1</AllowDiscount>
      <ItemStatus>1</ItemStatus>
      <ItemId>267974</ItemId>
    </Item>
    <Item>
      <PriceUpdateDate>2015-01-01 00:00:00</PriceUpdateDate>
      <ItemCode>7290012404320</ItemCode>
      <ItemType>0</ItemType>
      <ItemName>ספרינג ענבים 1.5 ליט</ItemName>
      <ManufacturerName>יפאורה תבורי</ManufacturerName>
      <ManufactureCountry>ישראל</ManufactureCountry>
      <ManufacturerItemDescription>ספרינג ענבים 1.5 ליטר</ManufacturerItemDescription>
      <UnitQty>ליטרים</UnitQty>
      <Quantity>1.50</Quantity>
      <UnitOfMeasure>ליטר    </UnitOfMeasure>
      <bIsWeighted>0</bIsWeighted>
      <QtyInPackage>1</QtyInPackage>
      <ItemPrice>5.90</ItemPrice>
      <UnitOfMeasurePrice>3.9333</UnitOfMeasurePrice>
      <AllowDiscount>1</AllowDiscount>
      <ItemStatus>1</ItemStatus>
      <ItemId>228536</ItemId>
    </Item>
    <Item>
      <PriceUpdateDate>2015-01-01 00:00:00</PriceUpdateDate>
      <ItemCode>7290012404283</ItemCode>
      <ItemType>0</ItemType>
      <ItemName>תפוזינה מנגו 1.5 ליט</ItemName>
      <ManufacturerName>יפאורה תבורי</ManufacturerName>
      <ManufactureCountry>לא ידוע</ManufactureCountry>
      <ManufacturerItemDescription>תפוזינה מנגו 1.5 ליטר</ManufacturerItemDescription>
      <UnitQty>ליטרים</UnitQty>
      <Quantity>1.50</Quantity>
      <UnitOfMeasure>ליטר    </UnitOfMeasure>
      <bIsWeighted>0</bIsWeighted>
      <QtyInPackage>1</QtyInPackage>
      <ItemPrice>5.90</ItemPrice>
      <UnitOfMeasurePrice>3.9333</UnitOfMeasurePrice>
      <AllowDiscount>1</AllowDiscount>
      <ItemStatus>1</ItemStatus>
      <ItemId>228537</ItemId>
    </Item>
    <Item>
      <PriceUpdateDate>2015-01-01 00:00:00</PriceUpdateDate>
      <ItemCode>7290012117589</ItemCode>
      <ItemType>0</ItemType>
      <ItemName>סנו סושי כפפות L</ItemName>
      <ManufacturerName>ווינפאק</ManufacturerName>
      <ManufactureCountry>לא ידוע</ManufactureCountry>
      <ManufacturerItemDescription>סנו סושי כפפות לטקס 100 יח L</ManufacturerItemDescription>
      <UnitQty>Unknown </UnitQty>
      <Quantity>0.00</Quantity>
      <UnitOfMeasure>Unknown </UnitOfMeasure>
      <bIsWeighted>0</bIsWeighted>
      <QtyInPackage>1</QtyInPackage>
      <ItemPrice>16.90</ItemPrice>
      <UnitOfMeasurePrice>0.0000</UnitOfMeasurePrice>
      <AllowDiscount>1</AllowDiscount>
      <ItemStatus>1</ItemStatus>
      <ItemId>228544</ItemId>
    </Item>
    <Item>
      <PriceUpdateDate>2015-01-01 00:00:00</PriceUpdateDate>
      <ItemCode>7290012117572</ItemCode>
      <ItemType>0</ItemType>
      <ItemName>סנו סושי כפפות M</ItemName>
      <ManufacturerName>ווינפאק</ManufacturerName>
      <ManufactureCountry>לא ידוע</ManufactureCountry>
      <ManufacturerItemDescription>סנו סושי כפפות לטקס 100 יח M</ManufacturerItemDescription>
      <UnitQty>Unknown </UnitQty>
      <Quantity>0.00</Quantity>
      <UnitOfMeasure>Unknown </UnitOfMeasure>
      <bIsWeighted>0</bIsWeighted>
      <QtyInPackage>1</QtyInPackage>
      <ItemPrice>16.90</ItemPrice>
      <UnitOfMeasurePrice>0.0000</UnitOfMeasurePrice>
      <AllowDiscount>1</AllowDiscount>
      <ItemStatus>1</ItemStatus>
      <ItemId>228545</ItemId>
    </Item>
    <Item>
      <PriceUpdateDate>2015-01-01 00:00:00</PriceUpdateDate>
      <ItemCode>7290012117565</ItemCode>
      <ItemType>0</ItemType>
      <ItemName>סנו סושי כפפות S</ItemName>
      <ManufacturerName>ווינפאק</ManufacturerName>
      <ManufactureCountry>לא ידוע</ManufactureCountry>
      <ManufacturerItemDescription>סנו סושי כפפות לטקס 100 יח S</ManufacturerItemDescription>
      <UnitQty>Unknown </UnitQty>
      <Quantity>0.00</Quantity>
      <UnitOfMeasure>Unknown </UnitOfMeasure>
      <bIsWeighted>0</bIsWeighted>
      <QtyInPackage>1</QtyInPackage>
      <ItemPrice>16.90</ItemPrice>
      <UnitOfMeasurePrice>0.0000</UnitOfMeasurePrice>
      <AllowDiscount>1</AllowDiscount>
      <ItemStatus>1</ItemStatus>
      <ItemId>228546</ItemId>
    </Item>
    <Item>
      <PriceUpdateDate>2015-01-01 00:00:00</PriceUpdateDate>
      <ItemCode>7290104061424</ItemCode>
      <ItemType>0</ItemType>
      <ItemName>חומוס זעתר 400 גרם</ItemName>
      <ManufacturerName>שטראוס</ManufacturerName>
      <ManufactureCountry>ישראל</ManufactureCountry>
      <ManufacturerItemDescription>חומוס זעתר 400 גרם</ManufacturerItemDescription>
      <UnitQty>גרמים</UnitQty>
      <Quantity>400.00</Quantity>
      <UnitOfMeasure>100 גרם</UnitOfMeasure>
      <bIsWeighted>0</bIsWeighted>
      <QtyInPackage>1</QtyInPackage>
      <ItemPrice>9.90</ItemPrice>
      <UnitOfMeasurePrice>2.4750</UnitOfMeasurePrice>
      <AllowDiscount>1</AllowDiscount>
      <ItemStatus>1</ItemStatus>
      <ItemId>228577</ItemId>
    </Item>
    <Item>
      <PriceUpdateDate>2015-01-01 00:00:00</PriceUpdateDate>
      <ItemCode>7290104061417</ItemCode>
      <ItemType>0</ItemType>
      <ItemName>חומוס טחינה 400 גרם</ItemName>
      <ManufacturerName>שטראוס</ManufacturerName>
      <ManufactureCountry>ישראל</ManufactureCountry>
      <ManufacturerItemDescription>חומוס טחינה 400 גרם</ManufacturerItemDescription>
      <UnitQty>גרמים</UnitQty>
      <Quantity>400.00</Quantity>
      <UnitOfMeasure>100 גרם</UnitOfMeasure>
      <bIsWeighted>0</bIsWeighted>
      <QtyInPackage>1</QtyInPackage>
      <ItemPrice>9.90</ItemPrice>
      <UnitOfMeasurePrice>2.4750</UnitOfMeasurePrice>
      <AllowDiscount>1</AllowDiscount>
      <ItemStatus>1</ItemStatus>
      <ItemId>228578</ItemId>
    </Item>
    <Item>
      <PriceUpdateDate>2015-01-01 00:00:00</PriceUpdateDate>
      <ItemCode>7290104061431</ItemCode>
      <ItemType>0</ItemType>
      <ItemName>חומוס צנובר 400 גרם</ItemName>
      <ManufacturerName>שטראוס</ManufacturerName>
      <ManufactureCountry>ישראל</ManufactureCountry>
      <ManufacturerItemDescription>חומוס צנובר 400 גרם</ManufacturerItemDescription>
      <UnitQty>גרמים</UnitQty>
      <Quantity>400.00</Quantity>
      <UnitOfMeasure>100 גרם</UnitOfMeasure>
      <bIsWeighted>0</bIsWeighted>
      <QtyInPackage>1</QtyInPackage>
      <ItemPrice>9.90</ItemPrice>
      <UnitOfMeasurePrice>2.4750</UnitOfMeasurePrice>
      <AllowDiscount>1</AllowDiscount>
      <ItemStatus>1</ItemStatus>
      <ItemId>228579</ItemId>
    </Item>
    <Item>
      <PriceUpdateDate>2015-01-01 00:00:00</PriceUpdateDate>
      <ItemCode>7290104061448</ItemCode>
      <ItemType>0</ItemType>
      <ItemName>חומוס חריף 400 גרם</ItemName>
      <ManufacturerName>שטראוס</ManufacturerName>
      <ManufactureCountry>ישראל</ManufactureCountry>
      <ManufacturerItemDescription>חומוס חריף 400 גרם</ManufacturerItemDescription>
      <UnitQty>גרמים</UnitQty>
      <Quantity>400.00</Quantity>
      <UnitOfMeasure>100 גרם</UnitOfMeasure>
      <bIsWeighted>0</bIsWeighted>
      <QtyInPackage>1</QtyInPackage>
      <ItemPrice>9.90</ItemPrice>
      <UnitOfMeasurePrice>2.4750</UnitOfMeasurePrice>
      <AllowDiscount>1</AllowDiscount>
      <ItemStatus>1</ItemStatus>
      <ItemId>228580</ItemId>
    </Item>
    <Item>
      <PriceUpdateDate>2015-01-01 00:00:00</PriceUpdateDate>
      <ItemCode>2939511</ItemCode>
      <ItemType>0</ItemType>
      <ItemName>רגל בקר פרוס עטרה</ItemName>
      <ManufacturerName>עטרה</ManufacturerName>
      <ManufactureCountry>לא ידוע</ManufactureCountry>
      <ManufacturerItemDescription>רגל בקר פרוס עטרה</ManufacturerItemDescription>
      <UnitQty>קילוגרמים</UnitQty>
      <Quantity>1.00</Quantity>
      <UnitOfMeasure>ק"ג</UnitOfMeasure>
      <bIsWeighted>1</bIsWeighted>
      <QtyInPackage>לא ידוע</QtyInPackage>
      <ItemPrice>29.90</ItemPrice>
      <UnitOfMeasurePrice>29.9000</UnitOfMeasurePrice>
      <AllowDiscount>1</AllowDiscount>
      <ItemStatus>1</ItemStatus>
      <ItemId>228598</ItemId>
    </Item>
    <Item>
      <PriceUpdateDate>2015-01-01 00:00:00</PriceUpdateDate>
      <ItemCode>835811008750</ItemCode>
      <ItemType>0</ItemType>
      <ItemName>חומוס ענק 1 ק"ג</ItemName>
      <ManufacturerName>,</ManufacturerName>
      <ManufactureCountry>לא ידוע</ManufactureCountry>
      <ManufacturerItemDescription>חומוס ענק 1 ק"ג</ManufacturerItemDescription>
      <UnitQty>קילוגרמים</UnitQty>
      <Quantity>1.00</Quantity>
      <UnitOfMeasure>ק"ג     </UnitOfMeasure>
      <bIsWeighted>0</bIsWeighted>
      <QtyInPackage>1</QtyInPackage>
      <ItemPrice>15.90</ItemPrice>
      <UnitOfMeasurePrice>15.9000</UnitOfMeasurePrice>
      <AllowDiscount>1</AllowDiscount>
      <ItemStatus>1</ItemStatus>
      <ItemId>228672</ItemId>
    </Item>
    <Item>
      <PriceUpdateDate>2015-01-01 00:00:00</PriceUpdateDate>
      <ItemCode>835811006794</ItemCode>
      <ItemType>0</ItemType>
      <ItemName>עדשים ירוקים 1 ק"ג</ItemName>
      <ManufacturerName>,</ManufacturerName>
      <ManufactureCountry>לא ידוע</ManufactureCountry>
      <ManufacturerItemDescription>עדשים ירוקים 1 ק"ג</ManufacturerItemDescription>
      <UnitQty>קילוגרמים</UnitQty>
      <Quantity>1.00</Quantity>
      <UnitOfMeasure>ק"ג     </UnitOfMeasure>
      <bIsWeighted>0</bIsWeighted>
      <QtyInPackage>1</QtyInPackage>
      <ItemPrice>8.90</ItemPrice>
      <UnitOfMeasurePrice>8.9000</UnitOfMeasurePrice>
      <AllowDiscount>1</AllowDiscount>
      <ItemStatus>1</ItemStatus>
      <ItemId>228673</ItemId>
    </Item>
    <Item>
      <PriceUpdateDate>2015-01-01 00:00:00</PriceUpdateDate>
      <ItemCode>2007036</ItemCode>
      <ItemType>0</ItemType>
      <ItemName>כוסמת 500 גרם</ItemName>
      <ManufacturerName>,</ManufacturerName>
      <ManufactureCountry>לא ידוע</ManufactureCountry>
      <ManufacturerItemDescription>כוסמת 500 גרם</ManufacturerItemDescription>
      <UnitQty>גרמים</UnitQty>
      <Quantity>500.00</Quantity>
      <UnitOfMeasure>100 גרם</UnitOfMeasure>
      <bIsWeighted>0</bIsWeighted>
      <QtyInPackage>1</QtyInPackage>
      <ItemPrice>7.90</ItemPrice>
      <UnitOfMeasurePrice>1.5800</UnitOfMeasurePrice>
      <AllowDiscount>1</AllowDiscount>
      <ItemStatus>1</ItemStatus>
      <ItemId>228678</ItemId>
    </Item>
    <Item>
      <PriceUpdateDate>2015-01-01 00:00:00</PriceUpdateDate>
      <ItemCode>835811006985</ItemCode>
      <ItemType>0</ItemType>
      <ItemName>בורגול 500 גרם</ItemName>
      <ManufacturerName>,</ManufacturerName>
      <ManufactureCountry>לא ידוע</ManufactureCountry>
      <ManufacturerItemDescription>בורגול 500 גרם</ManufacturerItemDescription>
      <UnitQty>גרמים</UnitQty>
      <Quantity>500.00</Quantity>
      <UnitOfMeasure>100 גרם</UnitOfMeasure>
      <bIsWeighted>0</bIsWeighted>
      <QtyInPackage>1</QtyInPackage>
      <ItemPrice>3.80</ItemPrice>
      <UnitOfMeasurePrice>0.7600</UnitOfMeasurePrice>
      <AllowDiscount>1</AllowDiscount>
      <ItemStatus>1</ItemStatus>
      <ItemId>228683</ItemId>
    </Item>
    <Item>
      <PriceUpdateDate>2015-09-11 08:52:48</PriceUpdateDate>
      <ItemCode>835811008781</ItemCode>
      <ItemType>0</ItemType>
      <ItemName>מרקיות אמריקאית ח"פ</ItemName>
      <ManufacturerName>,</ManufacturerName>
      <ManufactureCountry>לא ידוע</ManufactureCountry>
      <ManufacturerItemDescription>מרקיה אמריקאית ח"פ 100 יח 12 אונז</ManufacturerItemDescription>
      <UnitQty>Unknown </UnitQty>
      <Quantity>0.00</Quantity>
      <UnitOfMeasure>Unknown </UnitOfMeasure>
      <bIsWeighted>0</bIsWeighted>
      <QtyInPackage>1</QtyInPackage>
      <ItemPrice>19.90</ItemPrice>
      <UnitOfMeasurePrice>0.0000</UnitOfMeasurePrice>
      <AllowDiscount>1</AllowDiscount>
      <ItemStatus>1</ItemStatus>
      <ItemId>228696</ItemId>
    </Item>
    <Item>
      <PriceUpdateDate>2015-01-01 00:00:00</PriceUpdateDate>
      <ItemCode>835811008774</ItemCode>
      <ItemType>0</ItemType>
      <ItemName>צלחות אמריקאיות קטנו</ItemName>
      <ManufacturerName>,</ManufacturerName>
      <ManufactureCountry>לא ידוע</ManufactureCountry>
      <ManufacturerItemDescription>צלחות אמריקאיות קטנות ח"פ 100 יח</ManufacturerItemDescription>
      <UnitQty>Unknown </UnitQty>
      <Quantity>0.00</Quantity>
      <UnitOfMeasure>Unknown </UnitOfMeasure>
      <bIsWeighted>0</bIsWeighted>
      <QtyInPackage>1</QtyInPackage>
      <ItemPrice>19.90</ItemPrice>
      <UnitOfMeasurePrice>0.0000</UnitOfMeasurePrice>
      <AllowDiscount>1</AllowDiscount>
      <ItemStatus>1</ItemStatus>
      <ItemId>228697</ItemId>
    </Item>
    <Item>
      <PriceUpdateDate>2015-09-11 08:52:49</PriceUpdateDate>
      <ItemCode>835811008736</ItemCode>
      <ItemType>0</ItemType>
      <ItemName>צלחות אמריקאיות גדול</ItemName>
      <ManufacturerName>,</ManufacturerName>
      <ManufactureCountry>לא ידוע</ManufactureCountry>
      <ManufacturerItemDescription>צלחות אמריקאיות גדולות 100 יח</ManufacturerItemDescription>
      <UnitQty>Unknown </UnitQty>
      <Quantity>0.00</Quantity>
      <UnitOfMeasure>Unknown </UnitOfMeasure>
      <bIsWeighted>0</bIsWeighted>
      <QtyInPackage>1</QtyInPackage>
      <ItemPrice>29.90</ItemPrice>
      <UnitOfMeasurePrice>0.0000</UnitOfMeasurePrice>
      <AllowDiscount>1</AllowDiscount>
      <ItemStatus>1</ItemStatus>
      <ItemId>228698</ItemId>
    </Item>
    <Item>
      <PriceUpdateDate>2015-01-01 00:00:00</PriceUpdateDate>
      <ItemCode>7290104062599</ItemCode>
      <ItemType>0</ItemType>
      <ItemName>מארז סופר גמדים תות</ItemName>
      <ManufacturerName>שטראוס</ManufacturerName>
      <ManufactureCountry>ישראל</ManufactureCountry>
      <ManufacturerItemDescription>מארז סופר גמדים תות בננה שמיניה</ManufacturerItemDescription>
      <UnitQty>גרמים</UnitQty>
      <Quantity>800.00</Quantity>
      <UnitOfMeasure>100 גרם</UnitOfMeasure>
      <bIsWeighted>0</bIsWeighted>
      <QtyInPackage>8</QtyInPackage>
      <ItemPrice>17.90</ItemPrice>
      <UnitOfMeasurePrice>2.2375</UnitOfMeasurePrice>
      <AllowDiscount>1</AllowDiscount>
      <ItemStatus>1</ItemStatus>
      <ItemId>228712</ItemId>
    </Item>
    <Item>
      <PriceUpdateDate>2015-12-11 08:10:13</PriceUpdateDate>
      <ItemCode>2016939</ItemCode>
      <ItemType>0</ItemType>
      <ItemName>ממרח ארטישוק צנצנת</ItemName>
      <ManufacturerName>,</ManufacturerName>
      <ManufactureCountry>לא ידוע</ManufactureCountry>
      <ManufacturerItemDescription>ממרח ארטישוק צנצנת 230 גרם OU</ManufacturerItemDescription>
      <UnitQty>גרמים</UnitQty>
      <Quantity>230.00</Quantity>
      <UnitOfMeasure>100 גרם</UnitOfMeasure>
      <bIsWeighted>0</bIsWeighted>
      <QtyInPackage>1</QtyInPackage>
      <ItemPrice>12.90</ItemPrice>
      <UnitOfMeasurePrice>5.6087</UnitOfMeasurePrice>
      <AllowDiscount>1</AllowDiscount>
      <ItemStatus>1</ItemStatus>
      <ItemId>245941</ItemId>
    </Item>
    <Item>
      <PriceUpdateDate>2015-01-01 00:00:00</PriceUpdateDate>
      <ItemCode>306230</ItemCode>
      <ItemType>0</ItemType>
      <ItemName>ממרח צמחי לגונה 85 ג</ItemName>
      <ManufacturerName>לגונה</ManufacturerName>
      <ManufactureCountry>לא ידוע</ManufactureCountry>
      <ManufacturerItemDescription>ממרח צמחי לגונה 85 גרם שלישיה</ManufacturerItemDescription>
      <UnitQty>גרמים</UnitQty>
      <Quantity>255.00</Quantity>
      <UnitOfMeasure>100 גרם</UnitOfMeasure>
      <bIsWeighted>0</bIsWeighted>
      <QtyInPackage>1</QtyInPackage>
      <ItemPrice>11.90</ItemPrice>
      <UnitOfMeasurePrice>4.6667</UnitOfMeasurePrice>
      <AllowDiscount>1</AllowDiscount>
      <ItemStatus>1</ItemStatus>
      <ItemId>228745</ItemId>
    </Item>
    <Item>
      <PriceUpdateDate>2015-01-01 00:00:00</PriceUpdateDate>
      <ItemCode>5287787</ItemCode>
      <ItemType>0</ItemType>
      <ItemName>סלט טונה סטאר קיסט 3</ItemName>
      <ManufacturerName>סטארקיסט</ManufacturerName>
      <ManufactureCountry>לא ידוע</ManufactureCountry>
      <ManufacturerItemDescription>סלט טונה סטאר קיסט 3*85 גרם</ManufacturerItemDescription>
      <UnitQty>גרמים</UnitQty>
      <Quantity>255.00</Quantity>
      <UnitOfMeasure>100 גרם</UnitOfMeasure>
      <bIsWeighted>0</bIsWeighted>
      <QtyInPackage>1</QtyInPackage>
      <ItemPrice>7.90</ItemPrice>
      <UnitOfMeasurePrice>3.0980</UnitOfMeasurePrice>
      <AllowDiscount>1</AllowDiscount>
      <ItemStatus>1</ItemStatus>
      <ItemId>228747</ItemId>
    </Item>
    <Item>
      <PriceUpdateDate>2016-02-24 13:45:35</PriceUpdateDate>
      <ItemCode>4030964</ItemCode>
      <ItemType>0</ItemType>
      <ItemName>מיץ תפוח צלול סחוט</ItemName>
      <ManufacturerName>,</ManufacturerName>
      <ManufactureCountry>לא ידוע</ManufactureCountry>
      <ManufacturerItemDescription>מיץ תפוח צלול סחוט טרי 2 ליטר</ManufacturerItemDescription>
      <UnitQty>ליטרים</UnitQty>
      <Quantity>2.00</Quantity>
      <UnitOfMeasure>ליטר    </UnitOfMeasure>
      <bIsWeighted>0</bIsWeighted>
      <QtyInPackage>1</QtyInPackage>
      <ItemPrice>16.80</ItemPrice>
      <UnitOfMeasurePrice>8.4000</UnitOfMeasurePrice>
      <AllowDiscount>1</AllowDiscount>
      <ItemStatus>1</ItemStatus>
      <ItemId>228758</ItemId>
    </Item>
    <Item>
      <PriceUpdateDate>2016-02-24 13:45:28</PriceUpdateDate>
      <ItemCode>4030957</ItemCode>
      <ItemType>0</ItemType>
      <ItemName>מיץ לימונדה בלאדי</ItemName>
      <ManufacturerName>פריניב</ManufacturerName>
      <ManufactureCountry>לא ידוע</ManufactureCountry>
      <ManufacturerItemDescription>מיץ לימונדה בלאדי נקי סחוט טרי 2 ליטר</ManufacturerItemDescription>
      <UnitQty>ליטרים</UnitQty>
      <Quantity>2.00</Quantity>
      <UnitOfMeasure>ליטר    </UnitOfMeasure>
      <bIsWeighted>0</bIsWeighted>
      <QtyInPackage>1</QtyInPackage>
      <ItemPrice>13.90</ItemPrice>
      <UnitOfMeasurePrice>6.9500</UnitOfMeasurePrice>
      <AllowDiscount>1</AllowDiscount>
      <ItemStatus>1</ItemStatus>
      <ItemId>228759</ItemId>
    </Item>
    <Item>
      <PriceUpdateDate>2015-01-01 00:00:00</PriceUpdateDate>
      <ItemCode>6664037</ItemCode>
      <ItemType>0</ItemType>
      <ItemName>מארז סופר גמדים דגני</ItemName>
      <ManufacturerName>שטראוס</ManufacturerName>
      <ManufactureCountry>לא ידוע</ManufactureCountry>
      <ManufacturerItemDescription>מארז סופר גמדים דגנים 400 גרם</ManufacturerItemDescription>
      <UnitQty>גרמים</UnitQty>
      <Quantity>400.00</Quantity>
      <UnitOfMeasure>100 גרם</UnitOfMeasure>
      <bIsWeighted>0</bIsWeighted>
      <QtyInPackage>1</QtyInPackage>
      <ItemPrice>8.50</ItemPrice>
      <UnitOfMeasurePrice>2.1250</UnitOfMeasurePrice>
      <AllowDiscount>1</AllowDiscount>
      <ItemStatus>1</ItemStatus>
      <ItemId>228777</ItemId>
    </Item>
    <Item>
      <PriceUpdateDate>2015-01-01 00:00:00</PriceUpdateDate>
      <ItemCode>25675094741</ItemCode>
      <ItemType>0</ItemType>
      <ItemName>לקקן טופי פטל פשקס 5</ItemName>
      <ManufacturerName>dori</ManufacturerName>
      <ManufactureCountry>ברזיל</ManufactureCountry>
      <ManufacturerItemDescription>לקקן טופי פטל 50 יח</ManufacturerItemDescription>
      <UnitQty>גרמים</UnitQty>
      <Quantity>540.00</Quantity>
      <UnitOfMeasure>100 גרם</UnitOfMeasure>
      <bIsWeighted>0</bIsWeighted>
      <QtyInPackage>1</QtyInPackage>
      <ItemPrice>15.90</ItemPrice>
      <UnitOfMeasurePrice>2.9444</UnitOfMeasurePrice>
      <AllowDiscount>1</AllowDiscount>
      <ItemStatus>1</ItemStatus>
      <ItemId>228786</ItemId>
    </Item>
    <Item>
      <PriceUpdateDate>2015-01-01 00:00:00</PriceUpdateDate>
      <ItemCode>25675094703</ItemCode>
      <ItemType>0</ItemType>
      <ItemName>לקקן טופי דובדבן פשק</ItemName>
      <ManufacturerName>dori</ManufacturerName>
      <ManufactureCountry>ספרד</ManufactureCountry>
      <ManufacturerItemDescription>לקקן טופי תות 50 יח</ManufacturerItemDescription>
      <UnitQty>גרמים</UnitQty>
      <Quantity>540.00</Quantity>
      <UnitOfMeasure>100 גרם</UnitOfMeasure>
      <bIsWeighted>0</bIsWeighted>
      <QtyInPackage>1</QtyInPackage>
      <ItemPrice>15.90</ItemPrice>
      <UnitOfMeasurePrice>2.9444</UnitOfMeasurePrice>
      <AllowDiscount>1</AllowDiscount>
      <ItemStatus>1</ItemStatus>
      <ItemId>228787</ItemId>
    </Item>
    <Item>
      <PriceUpdateDate>2015-01-01 00:00:00</PriceUpdateDate>
      <ItemCode>25675094727</ItemCode>
      <ItemType>0</ItemType>
      <ItemName>לקקן טופי תות 50 יח</ItemName>
      <ManufacturerName>dori</ManufacturerName>
      <ManufactureCountry>לא ידוע</ManufactureCountry>
      <ManufacturerItemDescription>לקקן טופי תות 50 יח</ManufacturerItemDescription>
      <UnitQty>גרמים</UnitQty>
      <Quantity>540.00</Quantity>
      <UnitOfMeasure>100 גרם</UnitOfMeasure>
      <bIsWeighted>0</bIsWeighted>
      <QtyInPackage>1</QtyInPackage>
      <ItemPrice>15.90</ItemPrice>
      <UnitOfMeasurePrice>2.9444</UnitOfMeasurePrice>
      <AllowDiscount>1</AllowDiscount>
      <ItemStatus>1</ItemStatus>
      <ItemId>228788</ItemId>
    </Item>
    <Item>
      <PriceUpdateDate>2015-09-21 08:18:19</PriceUpdateDate>
      <ItemCode>7290100689264</ItemCode>
      <ItemType>0</ItemType>
      <ItemName>האני נאט האי 615 גרם</ItemName>
      <ManufacturerName>גנרל מילס</ManufacturerName>
      <ManufactureCountry>לא ידוע</ManufactureCountry>
      <ManufacturerItemDescription>האני נאט האי 615 גרם</ManufacturerItemDescription>
      <UnitQty>גרמים</UnitQty>
      <Quantity>615.00</Quantity>
      <UnitOfMeasure>100 גרם</UnitOfMeasure>
      <bIsWeighted>0</bIsWeighted>
      <QtyInPackage>1</QtyInPackage>
      <ItemPrice>24.90</ItemPrice>
      <UnitOfMeasurePrice>4.0488</UnitOfMeasurePrice>
      <AllowDiscount>1</AllowDiscount>
      <ItemStatus>1</ItemStatus>
      <ItemId>228876</ItemId>
    </Item>
    <Item>
      <PriceUpdateDate>2015-09-21 08:15:32</PriceUpdateDate>
      <ItemCode>65267</ItemCode>
      <ItemType>0</ItemType>
      <ItemName>דגני בוקר קראנצ רול</ItemName>
      <ManufacturerName>אסם</ManufacturerName>
      <ManufactureCountry>לא ידוע</ManufactureCountry>
      <ManufacturerItemDescription>דגני בוקר קראנצ רול 450 גרם</ManufacturerItemDescription>
      <UnitQty>גרמים</UnitQty>
      <Quantity>450.00</Quantity>
      <UnitOfMeasure>100 גרם</UnitOfMeasure>
      <bIsWeighted>0</bIsWeighted>
      <QtyInPackage>1</QtyInPackage>
      <ItemPrice>22.90</ItemPrice>
      <UnitOfMeasurePrice>5.0889</UnitOfMeasurePrice>
      <AllowDiscount>1</AllowDiscount>
      <ItemStatus>1</ItemStatus>
      <ItemId>228877</ItemId>
    </Item>
    <Item>
      <PriceUpdateDate>2015-09-21 08:18:19</PriceUpdateDate>
      <ItemCode>7290100689035</ItemCode>
      <ItemType>0</ItemType>
      <ItemName>דגני בוקר פייבר וואן</ItemName>
      <ManufacturerName>גנרל מילס</ManufacturerName>
      <ManufactureCountry>לא ידוע</ManufactureCountry>
      <ManufacturerItemDescription>דגני בוקר פייבר וואן דגנים 460 גרם</ManufacturerItemDescription>
      <UnitQty>גרמים</UnitQty>
      <Quantity>460.00</Quantity>
      <UnitOfMeasure>100 גרם</UnitOfMeasure>
      <bIsWeighted>0</bIsWeighted>
      <QtyInPackage>1</QtyInPackage>
      <ItemPrice>22.90</ItemPrice>
      <UnitOfMeasurePrice>4.9783</UnitOfMeasurePrice>
      <AllowDiscount>1</AllowDiscount>
      <ItemStatus>1</ItemStatus>
      <ItemId>228878</ItemId>
    </Item>
    <Item>
      <PriceUpdateDate>2016-03-27 08:56:11</PriceUpdateDate>
      <ItemCode>7290000909448</ItemCode>
      <ItemType>1</ItemType>
      <ItemName>שמן זית כתית מעולה 7</ItemName>
      <ManufacturerName>,</ManufacturerName>
      <ManufactureCountry>לא ידוע</ManufactureCountry>
      <ManufacturerItemDescription>שמן זית כתית מעולה ארץ זית שמן 750 מ"ל</ManufacturerItemDescription>
      <UnitQty>מיליליטרים</UnitQty>
      <Quantity>750.00</Quantity>
      <UnitOfMeasure>100 מ"ל</UnitOfMeasure>
      <bIsWeighted>0</bIsWeighted>
      <QtyInPackage>1</QtyInPackage>
      <ItemPrice>21.90</ItemPrice>
      <UnitOfMeasurePrice>2.9200</UnitOfMeasurePrice>
      <AllowDiscount>1</AllowDiscount>
      <ItemStatus>1</ItemStatus>
      <ItemId>267569</ItemId>
    </Item>
    <Item>
      <PriceUpdateDate>2016-02-11 13:45:53</PriceUpdateDate>
      <ItemCode>7290102392636</ItemCode>
      <ItemType>0</ItemType>
      <ItemName>שמנת מתוקה 38% 250 מ</ItemName>
      <ManufacturerName>טרה</ManufacturerName>
      <ManufactureCountry>לא ידוע</ManufactureCountry>
      <ManufacturerItemDescription>שמנת מתוקה 38% 250 מ"ל</ManufacturerItemDescription>
      <UnitQty>מיליליטרים</UnitQty>
      <Quantity>250.00</Quantity>
      <UnitOfMeasure>100 מ"ל</UnitOfMeasure>
      <bIsWeighted>0</bIsWeighted>
      <QtyInPackage>1</QtyInPackage>
      <ItemPrice>5.90</ItemPrice>
      <UnitOfMeasurePrice>2.3600</UnitOfMeasurePrice>
      <AllowDiscount>1</AllowDiscount>
      <ItemStatus>1</ItemStatus>
      <ItemId>228887</ItemId>
    </Item>
    <Item>
      <PriceUpdateDate>2016-06-26 16:50:34</PriceUpdateDate>
      <ItemCode>7290002157953</ItemCode>
      <ItemType>1</ItemType>
      <ItemName>מארז 1/4 טונה בשמן ק</ItemName>
      <ManufacturerName>,</ManufacturerName>
      <ManufactureCountry>לא ידוע</ManufactureCountry>
      <ManufacturerItemDescription>מארז 1/4 טונה בשמן קנולה 140 גרם</ManufacturerItemDescription>
      <UnitQty>גרמים</UnitQty>
      <Quantity>140.00</Quantity>
      <UnitOfMeasure>100 גרם</UnitOfMeasure>
      <bIsWeighted>0</bIsWeighted>
      <QtyInPackage>1</QtyInPackage>
      <ItemPrice>16.90</ItemPrice>
      <UnitOfMeasurePrice>12.0714</UnitOfMeasurePrice>
      <AllowDiscount>1</AllowDiscount>
      <ItemStatus>1</ItemStatus>
      <ItemId>268661</ItemId>
    </Item>
    <Item>
      <PriceUpdateDate>2015-01-01 00:00:00</PriceUpdateDate>
      <ItemCode>2037248</ItemCode>
      <ItemType>0</ItemType>
      <ItemName>לחמניות דגניקלות 6 י</ItemName>
      <ManufacturerName>מאפית י את א ברמן בע</ManufacturerName>
      <ManufactureCountry>לא ידוע</ManufactureCountry>
      <ManufacturerItemDescription>לחמניות דגניקלות 6 יח</ManufacturerItemDescription>
      <UnitQty>גרמים</UnitQty>
      <Quantity>300.00</Quantity>
      <UnitOfMeasure>100 גרם</UnitOfMeasure>
      <bIsWeighted>0</bIsWeighted>
      <QtyInPackage>1</QtyInPackage>
      <ItemPrice>11.90</ItemPrice>
      <UnitOfMeasurePrice>3.9667</UnitOfMeasurePrice>
      <AllowDiscount>1</AllowDiscount>
      <ItemStatus>1</ItemStatus>
      <ItemId>228895</ItemId>
    </Item>
    <Item>
      <PriceUpdateDate>2015-01-01 00:00:00</PriceUpdateDate>
      <ItemCode>7290013031617</ItemCode>
      <ItemType>0</ItemType>
      <ItemName>שמן חמניות 5 ליטר</ItemName>
      <ManufacturerName>,</ManufacturerName>
      <ManufactureCountry>לא ידוע</ManufactureCountry>
      <ManufacturerItemDescription>שמן חמניות 5 ליטר</ManufacturerItemDescription>
      <UnitQty>ליטרים</UnitQty>
      <Quantity>5.00</Quantity>
      <UnitOfMeasure>ליטר    </UnitOfMeasure>
      <bIsWeighted>0</bIsWeighted>
      <QtyInPackage>1</QtyInPackage>
      <ItemPrice>29.90</ItemPrice>
      <UnitOfMeasurePrice>5.9800</UnitOfMeasurePrice>
      <AllowDiscount>1</AllowDiscount>
      <ItemStatus>1</ItemStatus>
      <ItemId>253540</ItemId>
    </Item>
    <Item>
      <PriceUpdateDate>2015-01-01 00:00:00</PriceUpdateDate>
      <ItemCode>7290010617968</ItemCode>
      <ItemType>0</ItemType>
      <ItemName>קיסמי שיניים דנטלים</ItemName>
      <ManufacturerName>,</ManufacturerName>
      <ManufactureCountry>לא ידוע</ManufactureCountry>
      <ManufacturerItemDescription>קיסמי שיניים דנטלים</ManufacturerItemDescription>
      <UnitQty>Unknown </UnitQty>
      <Quantity>0.00</Quantity>
      <UnitOfMeasure>Unknown </UnitOfMeasure>
      <bIsWeighted>0</bIsWeighted>
      <QtyInPackage>1</QtyInPackage>
      <ItemPrice>8.90</ItemPrice>
      <UnitOfMeasurePrice>0.0000</UnitOfMeasurePrice>
      <AllowDiscount>1</AllowDiscount>
      <ItemStatus>1</ItemStatus>
      <ItemId>230262</ItemId>
    </Item>
    <Item>
      <PriceUpdateDate>2015-01-01 00:00:00</PriceUpdateDate>
      <ItemCode>7290010617906</ItemCode>
      <ItemType>0</ItemType>
      <ItemName>מברשת לניקוי בקבוק נ</ItemName>
      <ManufacturerName>אריסטוקרט</ManufacturerName>
      <ManufactureCountry>ישראל</ManufactureCountry>
      <ManufacturerItemDescription>מברשת לניקוי בקבוק נצמדת</ManufacturerItemDescription>
      <UnitQty>Unknown </UnitQty>
      <Quantity>0.00</Quantity>
      <UnitOfMeasure>Unknown </UnitOfMeasure>
      <bIsWeighted>0</bIsWeighted>
      <QtyInPackage>1</QtyInPackage>
      <ItemPrice>12.90</ItemPrice>
      <UnitOfMeasurePrice>0.0000</UnitOfMeasurePrice>
      <AllowDiscount>1</AllowDiscount>
      <ItemStatus>1</ItemStatus>
      <ItemId>230265</ItemId>
    </Item>
    <Item>
      <PriceUpdateDate>2015-01-01 00:00:00</PriceUpdateDate>
      <ItemCode>749384100301</ItemCode>
      <ItemType>0</ItemType>
      <ItemName>תבניות אמריקאיות ח"פ</ItemName>
      <ManufacturerName>,</ManufacturerName>
      <ManufactureCountry>לא ידוע</ManufactureCountry>
      <ManufacturerItemDescription>תבניות אמריקאיות ח"פ 30 יח</ManufacturerItemDescription>
      <UnitQty>Unknown </UnitQty>
      <Quantity>0.00</Quantity>
      <UnitOfMeasure>Unknown </UnitOfMeasure>
      <bIsWeighted>0</bIsWeighted>
      <QtyInPackage>1</QtyInPackage>
      <ItemPrice>39.90</ItemPrice>
      <UnitOfMeasurePrice>0.0000</UnitOfMeasurePrice>
      <AllowDiscount>1</AllowDiscount>
      <ItemStatus>1</ItemStatus>
      <ItemId>246026</ItemId>
    </Item>
    <Item>
      <PriceUpdateDate>2015-01-01 00:00:00</PriceUpdateDate>
      <ItemCode>4009300524625</ItemCode>
      <ItemType>0</ItemType>
      <ItemName>תה פומפדר צאי מסאלה</ItemName>
      <ManufacturerName>TEEKANNE- POMPADOU</ManufacturerName>
      <ManufactureCountry>גרמניה</ManufactureCountry>
      <ManufacturerItemDescription>תה פומפדר צאי מסאלה 40 גרם</ManufacturerItemDescription>
      <UnitQty>גרמים</UnitQty>
      <Quantity>40.00</Quantity>
      <UnitOfMeasure>100 גרם</UnitOfMeasure>
      <bIsWeighted>0</bIsWeighted>
      <QtyInPackage>1</QtyInPackage>
      <ItemPrice>14.90</ItemPrice>
      <UnitOfMeasurePrice>37.2500</UnitOfMeasurePrice>
      <AllowDiscount>1</AllowDiscount>
      <ItemStatus>1</ItemStatus>
      <ItemId>248979</ItemId>
    </Item>
    <Item>
      <PriceUpdateDate>2015-12-02 13:25:17</PriceUpdateDate>
      <ItemCode>4009300522966</ItemCode>
      <ItemType>0</ItemType>
      <ItemName>תה ירוק פומפדור נענע</ItemName>
      <ManufacturerName>טייקנה</ManufacturerName>
      <ManufactureCountry>לא ידוע</ManufactureCountry>
      <ManufacturerItemDescription>תה ירוק פומפדור נענע 30 גרם</ManufacturerItemDescription>
      <UnitQty>גרמים</UnitQty>
      <Quantity>30.00</Quantity>
      <UnitOfMeasure>100 גרם</UnitOfMeasure>
      <bIsWeighted>0</bIsWeighted>
      <QtyInPackage>1</QtyInPackage>
      <ItemPrice>17.90</ItemPrice>
      <UnitOfMeasurePrice>59.6667</UnitOfMeasurePrice>
      <AllowDiscount>1</AllowDiscount>
      <ItemStatus>1</ItemStatus>
      <ItemId>248980</ItemId>
    </Item>
    <Item>
      <PriceUpdateDate>2015-01-01 00:00:00</PriceUpdateDate>
      <ItemCode>2757139</ItemCode>
      <ItemType>0</ItemType>
      <ItemName>מלוואח 700 גרם שלושת</ItemName>
      <ManufacturerName>שלושת האופים</ManufacturerName>
      <ManufactureCountry>לא ידוע</ManufactureCountry>
      <ManufacturerItemDescription>מלוואח 700 גרם שלושת האופים</ManufacturerItemDescription>
      <UnitQty>גרמים</UnitQty>
      <Quantity>700.00</Quantity>
      <UnitOfMeasure>100 גרם</UnitOfMeasure>
      <bIsWeighted>0</bIsWeighted>
      <QtyInPackage>1</QtyInPackage>
      <ItemPrice>9.90</ItemPrice>
      <UnitOfMeasurePrice>1.4143</UnitOfMeasurePrice>
      <AllowDiscount>1</AllowDiscount>
      <ItemStatus>1</ItemStatus>
      <ItemId>230730</ItemId>
    </Item>
    <Item>
      <PriceUpdateDate>2015-01-01 00:00:00</PriceUpdateDate>
      <ItemCode>7290012404146</ItemCode>
      <ItemType>0</ItemType>
      <ItemName>שוופס תפוחים מוגז 1.</ItemName>
      <ManufacturerName>יפאורה תבורי</ManufacturerName>
      <ManufactureCountry>לא ידוע</ManufactureCountry>
      <ManufacturerItemDescription>שוופס תפוחים מוגז 1.5 ליטר</ManufacturerItemDescription>
      <UnitQty>ליטרים</UnitQty>
      <Quantity>1.50</Quantity>
      <UnitOfMeasure>ליטר    </UnitOfMeasure>
      <bIsWeighted>0</bIsWeighted>
      <QtyInPackage>1</QtyInPackage>
      <ItemPrice>6.90</ItemPrice>
      <UnitOfMeasurePrice>4.6000</UnitOfMeasurePrice>
      <AllowDiscount>1</AllowDiscount>
      <ItemStatus>1</ItemStatus>
      <ItemId>230743</ItemId>
    </Item>
    <Item>
      <PriceUpdateDate>2015-01-01 00:00:00</PriceUpdateDate>
      <ItemCode>7290012404160</ItemCode>
      <ItemType>0</ItemType>
      <ItemName>שוופס אשכולית אדומה</ItemName>
      <ManufacturerName>יפאורה תבורי</ManufacturerName>
      <ManufactureCountry>לא ידוע</ManufactureCountry>
      <ManufacturerItemDescription>שוופס אשכולית אדומה מוגז 1.5 ליטר</ManufacturerItemDescription>
      <UnitQty>ליטרים</UnitQty>
      <Quantity>1.50</Quantity>
      <UnitOfMeasure>ליטר    </UnitOfMeasure>
      <bIsWeighted>0</bIsWeighted>
      <QtyInPackage>1</QtyInPackage>
      <ItemPrice>6.90</ItemPrice>
      <UnitOfMeasurePrice>4.6000</UnitOfMeasurePrice>
      <AllowDiscount>1</AllowDiscount>
      <ItemStatus>1</ItemStatus>
      <ItemId>230745</ItemId>
    </Item>
    <Item>
      <PriceUpdateDate>2015-01-01 00:00:00</PriceUpdateDate>
      <ItemCode>2255031</ItemCode>
      <ItemType>0</ItemType>
      <ItemName>סיגרים במילוי בשר</ItemName>
      <ManufacturerName>חטיפי אלקיים בעמ</ManufacturerName>
      <ManufactureCountry>לא ידוע</ManufactureCountry>
      <ManufacturerItemDescription>סיגרים במילוי בשר 800 גרם</ManufacturerItemDescription>
      <UnitQty>גרמים</UnitQty>
      <Quantity>800.00</Quantity>
      <UnitOfMeasure>100 גרם</UnitOfMeasure>
      <bIsWeighted>0</bIsWeighted>
      <QtyInPackage>1</QtyInPackage>
      <ItemPrice>19.90</ItemPrice>
      <UnitOfMeasurePrice>2.4875</UnitOfMeasurePrice>
      <AllowDiscount>1</AllowDiscount>
      <ItemStatus>1</ItemStatus>
      <ItemId>230746</ItemId>
    </Item>
    <Item>
      <PriceUpdateDate>2015-01-01 00:00:00</PriceUpdateDate>
      <ItemCode>2255475</ItemCode>
      <ItemType>0</ItemType>
      <ItemName>פסטל במילוי בשר בד"צ</ItemName>
      <ManufacturerName>חטיפי אלקיים בעמ</ManufacturerName>
      <ManufactureCountry>לא ידוע</ManufactureCountry>
      <ManufacturerItemDescription>פסטל במילוי בשר בד"צ 800 גרם</ManufacturerItemDescription>
      <UnitQty>גרמים</UnitQty>
      <Quantity>800.00</Quantity>
      <UnitOfMeasure>100 גרם</UnitOfMeasure>
      <bIsWeighted>0</bIsWeighted>
      <QtyInPackage>1</QtyInPackage>
      <ItemPrice>19.90</ItemPrice>
      <UnitOfMeasurePrice>2.4875</UnitOfMeasurePrice>
      <AllowDiscount>1</AllowDiscount>
      <ItemStatus>1</ItemStatus>
      <ItemId>230748</ItemId>
    </Item>
    <Item>
      <PriceUpdateDate>2015-01-01 00:00:00</PriceUpdateDate>
      <ItemCode>2255086</ItemCode>
      <ItemType>0</ItemType>
      <ItemName>קובה ביתי בד"צ 800 ג</ItemName>
      <ManufacturerName>חטיפי אלקיים בעמ</ManufacturerName>
      <ManufactureCountry>לא ידוע</ManufactureCountry>
      <ManufacturerItemDescription>קובה ביתי בד"צ 800 גרם</ManufacturerItemDescription>
      <UnitQty>גרמים</UnitQty>
      <Quantity>800.00</Quantity>
      <UnitOfMeasure>100 גרם</UnitOfMeasure>
      <bIsWeighted>0</bIsWeighted>
      <QtyInPackage>1</QtyInPackage>
      <ItemPrice>19.90</ItemPrice>
      <UnitOfMeasurePrice>2.4875</UnitOfMeasurePrice>
      <AllowDiscount>1</AllowDiscount>
      <ItemStatus>1</ItemStatus>
      <ItemId>230752</ItemId>
    </Item>
    <Item>
      <PriceUpdateDate>2015-01-01 00:00:00</PriceUpdateDate>
      <ItemCode>2255048</ItemCode>
      <ItemType>0</ItemType>
      <ItemName>קובה מרק בד"צ 800 גר</ItemName>
      <ManufacturerName>חטיפי אלקיים בעמ</ManufacturerName>
      <ManufactureCountry>לא ידוע</ManufactureCountry>
      <ManufacturerItemDescription>קובה מרק בד"צ 800 גרם</ManufacturerItemDescription>
      <UnitQty>גרמים</UnitQty>
      <Quantity>800.00</Quantity>
      <UnitOfMeasure>100 גרם</UnitOfMeasure>
      <bIsWeighted>0</bIsWeighted>
      <QtyInPackage>1</QtyInPackage>
      <ItemPrice>19.90</ItemPrice>
      <UnitOfMeasurePrice>2.4875</UnitOfMeasurePrice>
      <AllowDiscount>1</AllowDiscount>
      <ItemStatus>1</ItemStatus>
      <ItemId>230753</ItemId>
    </Item>
    <Item>
      <PriceUpdateDate>2015-01-01 00:00:00</PriceUpdateDate>
      <ItemCode>2255284</ItemCode>
      <ItemType>0</ItemType>
      <ItemName>קובה חמוסטה בד"צ 800</ItemName>
      <ManufacturerName>חטיפי אלקיים בעמ</ManufacturerName>
      <ManufactureCountry>לא ידוע</ManufactureCountry>
      <ManufacturerItemDescription>קובה חמוסטה בד"צ 800 גרם</ManufacturerItemDescription>
      <UnitQty>גרמים</UnitQty>
      <Quantity>800.00</Quantity>
      <UnitOfMeasure>100 גרם</UnitOfMeasure>
      <bIsWeighted>0</bIsWeighted>
      <QtyInPackage>1</QtyInPackage>
      <ItemPrice>19.90</ItemPrice>
      <UnitOfMeasurePrice>2.4875</UnitOfMeasurePrice>
      <AllowDiscount>1</AllowDiscount>
      <ItemStatus>1</ItemStatus>
      <ItemId>230754</ItemId>
    </Item>
    <Item>
      <PriceUpdateDate>2015-01-01 00:00:00</PriceUpdateDate>
      <ItemCode>2255215</ItemCode>
      <ItemType>0</ItemType>
      <ItemName>עלי סיגר בד"צ 500 גר</ItemName>
      <ManufacturerName>חטיפי אלקיים בעמ</ManufacturerName>
      <ManufactureCountry>לא ידוע</ManufactureCountry>
      <ManufacturerItemDescription>עלי סיגר בד"צ 500 גרם</ManufacturerItemDescription>
      <UnitQty>גרמים</UnitQty>
      <Quantity>500.00</Quantity>
      <UnitOfMeasure>100 גרם</UnitOfMeasure>
      <bIsWeighted>0</bIsWeighted>
      <QtyInPackage>1</QtyInPackage>
      <ItemPrice>7.90</ItemPrice>
      <UnitOfMeasurePrice>1.5800</UnitOfMeasurePrice>
      <AllowDiscount>1</AllowDiscount>
      <ItemStatus>1</ItemStatus>
      <ItemId>230757</ItemId>
    </Item>
    <Item>
      <PriceUpdateDate>2015-01-01 00:00:00</PriceUpdateDate>
      <ItemCode>2255116</ItemCode>
      <ItemType>0</ItemType>
      <ItemName>קרפלך במילוי בשר בד"</ItemName>
      <ManufacturerName>חטיפי אלקיים בעמ</ManufacturerName>
      <ManufactureCountry>לא ידוע</ManufactureCountry>
      <ManufacturerItemDescription>קרפלך במילוי בשר בד"צ 800 גרם</ManufacturerItemDescription>
      <UnitQty>גרמים</UnitQty>
      <Quantity>800.00</Quantity>
      <UnitOfMeasure>100 גרם</UnitOfMeasure>
      <bIsWeighted>0</bIsWeighted>
      <QtyInPackage>1</QtyInPackage>
      <ItemPrice>19.90</ItemPrice>
      <UnitOfMeasurePrice>2.4875</UnitOfMeasurePrice>
      <AllowDiscount>1</AllowDiscount>
      <ItemStatus>1</ItemStatus>
      <ItemId>230759</ItemId>
    </Item>
    <Item>
      <PriceUpdateDate>2015-01-01 00:00:00</PriceUpdateDate>
      <ItemCode>2255185</ItemCode>
      <ItemType>0</ItemType>
      <ItemName>סמבוסק במילוי חומוס</ItemName>
      <ManufacturerName>חטיפי אלקיים בעמ</ManufacturerName>
      <ManufactureCountry>לא ידוע</ManufactureCountry>
      <ManufacturerItemDescription>סמבוסק במילוי חומוס 600 גרם בד"צ</ManufacturerItemDescription>
      <UnitQty>גרמים</UnitQty>
      <Quantity>600.00</Quantity>
      <UnitOfMeasure>100 גרם</UnitOfMeasure>
      <bIsWeighted>0</bIsWeighted>
      <QtyInPackage>1</QtyInPackage>
      <ItemPrice>19.90</ItemPrice>
      <UnitOfMeasurePrice>3.3167</UnitOfMeasurePrice>
      <AllowDiscount>1</AllowDiscount>
      <ItemStatus>1</ItemStatus>
      <ItemId>230762</ItemId>
    </Item>
    <Item>
      <PriceUpdateDate>2015-10-26 15:19:30</PriceUpdateDate>
      <ItemCode>902203</ItemCode>
      <ItemType>0</ItemType>
      <ItemName>טחון עגל טרי עטרה</ItemName>
      <ManufacturerName>,</ManufacturerName>
      <ManufactureCountry>לא ידוע</ManufactureCountry>
      <ManufacturerItemDescription>טחון עגל טרי עטרה</ManufacturerItemDescription>
      <UnitQty>קילוגרמים</UnitQty>
      <Quantity>1.00</Quantity>
      <UnitOfMeasure>ק"ג</UnitOfMeasure>
      <bIsWeighted>1</bIsWeighted>
      <QtyInPackage>לא ידוע</QtyInPackage>
      <ItemPrice>49.90</ItemPrice>
      <UnitOfMeasurePrice>49.9000</UnitOfMeasurePrice>
      <AllowDiscount>1</AllowDiscount>
      <ItemStatus>1</ItemStatus>
      <ItemId>230857</ItemId>
    </Item>
    <Item>
      <PriceUpdateDate>2015-01-01 00:00:00</PriceUpdateDate>
      <ItemCode>902258</ItemCode>
      <ItemType>0</ItemType>
      <ItemName>צלי כתף עגל טרי עטרה</ItemName>
      <ManufacturerName>,</ManufacturerName>
      <ManufactureCountry>לא ידוע</ManufactureCountry>
      <ManufacturerItemDescription>צלי כתף עגל טרי עטרה</ManufacturerItemDescription>
      <UnitQty>קילוגרמים</UnitQty>
      <Quantity>1.00</Quantity>
      <UnitOfMeasure>ק"ג</UnitOfMeasure>
      <bIsWeighted>1</bIsWeighted>
      <QtyInPackage>לא ידוע</QtyInPackage>
      <ItemPrice>89.90</ItemPrice>
      <UnitOfMeasurePrice>89.9000</UnitOfMeasurePrice>
      <AllowDiscount>1</AllowDiscount>
      <ItemStatus>1</ItemStatus>
      <ItemId>230862</ItemId>
    </Item>
    <Item>
      <PriceUpdateDate>2015-01-01 00:00:00</PriceUpdateDate>
      <ItemCode>902265</ItemCode>
      <ItemType>0</ItemType>
      <ItemName>פילה מדומה עגל טרי ע</ItemName>
      <ManufacturerName>,</ManufacturerName>
      <ManufactureCountry>לא ידוע</ManufactureCountry>
      <ManufacturerItemDescription>פילה מדומה עגל טרי עטרה</ManufacturerItemDescription>
      <UnitQty>קילוגרמים</UnitQty>
      <Quantity>1.00</Quantity>
      <UnitOfMeasure>ק"ג</UnitOfMeasure>
      <bIsWeighted>1</bIsWeighted>
      <QtyInPackage>לא ידוע</QtyInPackage>
      <ItemPrice>49.90</ItemPrice>
      <UnitOfMeasurePrice>49.9000</UnitOfMeasurePrice>
      <AllowDiscount>1</AllowDiscount>
      <ItemStatus>1</ItemStatus>
      <ItemId>230863</ItemId>
    </Item>
    <Item>
      <PriceUpdateDate>2015-01-01 00:00:00</PriceUpdateDate>
      <ItemCode>902272</ItemCode>
      <ItemType>0</ItemType>
      <ItemName>כתף עגל טרי עטרה</ItemName>
      <ManufacturerName>,</ManufacturerName>
      <ManufactureCountry>לא ידוע</ManufactureCountry>
      <ManufacturerItemDescription>כתף עגל טרי עטרה</ManufacturerItemDescription>
      <UnitQty>קילוגרמים</UnitQty>
      <Quantity>1.00</Quantity>
      <UnitOfMeasure>ק"ג</UnitOfMeasure>
      <bIsWeighted>1</bIsWeighted>
      <QtyInPackage>לא ידוע</QtyInPackage>
      <ItemPrice>59.90</ItemPrice>
      <UnitOfMeasurePrice>59.9000</UnitOfMeasurePrice>
      <AllowDiscount>1</AllowDiscount>
      <ItemStatus>1</ItemStatus>
      <ItemId>230864</ItemId>
    </Item>
    <Item>
      <PriceUpdateDate>2015-01-01 00:00:00</PriceUpdateDate>
      <ItemCode>902289</ItemCode>
      <ItemType>0</ItemType>
      <ItemName>אוסובוקו עגל טרי עטר</ItemName>
      <ManufacturerName>,</ManufacturerName>
      <ManufactureCountry>לא ידוע</ManufactureCountry>
      <ManufacturerItemDescription>אוסובוקו עגל טרי עטרה</ManufacturerItemDescription>
      <UnitQty>קילוגרמים</UnitQty>
      <Quantity>1.00</Quantity>
      <UnitOfMeasure>ק"ג</UnitOfMeasure>
      <bIsWeighted>1</bIsWeighted>
      <QtyInPackage>לא ידוע</QtyInPackage>
      <ItemPrice>44.90</ItemPrice>
      <UnitOfMeasurePrice>44.9000</UnitOfMeasurePrice>
      <AllowDiscount>1</AllowDiscount>
      <ItemStatus>1</ItemStatus>
      <ItemId>230865</ItemId>
    </Item>
    <Item>
      <PriceUpdateDate>2015-01-01 00:00:00</PriceUpdateDate>
      <ItemCode>902296</ItemCode>
      <ItemType>0</ItemType>
      <ItemName>שריר עגל טרי עטרה</ItemName>
      <ManufacturerName>,</ManufacturerName>
      <ManufactureCountry>לא ידוע</ManufactureCountry>
      <ManufacturerItemDescription>שריר עגל טרי עטרה</ManufacturerItemDescription>
      <UnitQty>קילוגרמים</UnitQty>
      <Quantity>1.00</Quantity>
      <UnitOfMeasure>ק"ג</UnitOfMeasure>
      <bIsWeighted>1</bIsWeighted>
      <QtyInPackage>לא ידוע</QtyInPackage>
      <ItemPrice>49.90</ItemPrice>
      <UnitOfMeasurePrice>49.9000</UnitOfMeasurePrice>
      <AllowDiscount>1</AllowDiscount>
      <ItemStatus>1</ItemStatus>
      <ItemId>230866</ItemId>
    </Item>
    <Item>
      <PriceUpdateDate>2015-01-01 00:00:00</PriceUpdateDate>
      <ItemCode>902357</ItemCode>
      <ItemType>0</ItemType>
      <ItemName>אסאדו עגל  טרי עטרה</ItemName>
      <ManufacturerName>,</ManufacturerName>
      <ManufactureCountry>לא ידוע</ManufactureCountry>
      <ManufacturerItemDescription>אסאדו עגל  טרי עטרה</ManufacturerItemDescription>
      <UnitQty>קילוגרמים</UnitQty>
      <Quantity>1.00</Quantity>
      <UnitOfMeasure>ק"ג</UnitOfMeasure>
      <bIsWeighted>1</bIsWeighted>
      <QtyInPackage>לא ידוע</QtyInPackage>
      <ItemPrice>49.90</ItemPrice>
      <UnitOfMeasurePrice>49.9000</UnitOfMeasurePrice>
      <AllowDiscount>1</AllowDiscount>
      <ItemStatus>1</ItemStatus>
      <ItemId>230872</ItemId>
    </Item>
    <Item>
      <PriceUpdateDate>2015-01-01 00:00:00</PriceUpdateDate>
      <ItemCode>902494</ItemCode>
      <ItemType>0</ItemType>
      <ItemName>בשר טחון מבשר קפוא ע</ItemName>
      <ManufacturerName>,</ManufacturerName>
      <ManufactureCountry>לא ידוע</ManufactureCountry>
      <ManufacturerItemDescription>בשר טחון מבשר קפוא עטרה</ManufacturerItemDescription>
      <UnitQty>קילוגרמים</UnitQty>
      <Quantity>1.00</Quantity>
      <UnitOfMeasure>ק"ג</UnitOfMeasure>
      <bIsWeighted>1</bIsWeighted>
      <QtyInPackage>לא ידוע</QtyInPackage>
      <ItemPrice>39.90</ItemPrice>
      <UnitOfMeasurePrice>39.9000</UnitOfMeasurePrice>
      <AllowDiscount>1</AllowDiscount>
      <ItemStatus>1</ItemStatus>
      <ItemId>230889</ItemId>
    </Item>
    <Item>
      <PriceUpdateDate>2015-01-01 00:00:00</PriceUpdateDate>
      <ItemCode>7290102392049</ItemCode>
      <ItemType>0</ItemType>
      <ItemName>גבינת תבור 5% 500 גר</ItemName>
      <ManufacturerName>מחלבת משק צוריאל</ManufacturerName>
      <ManufactureCountry>לא ידוע</ManufactureCountry>
      <ManufacturerItemDescription>גבינת תבור 5% 500 גרם</ManufacturerItemDescription>
      <UnitQty>גרמים</UnitQty>
      <Quantity>500.00</Quantity>
      <UnitOfMeasure>100 גרם</UnitOfMeasure>
      <bIsWeighted>0</bIsWeighted>
      <QtyInPackage>1</QtyInPackage>
      <ItemPrice>21.90</ItemPrice>
      <UnitOfMeasurePrice>4.3800</UnitOfMeasurePrice>
      <AllowDiscount>1</AllowDiscount>
      <ItemStatus>1</ItemStatus>
      <ItemId>231001</ItemId>
    </Item>
    <Item>
      <PriceUpdateDate>2015-01-01 00:00:00</PriceUpdateDate>
      <ItemCode>7290014725348</ItemCode>
      <ItemType>0</ItemType>
      <ItemName>סוכרזית קלאסי 100 שק</ItemName>
      <ManufacturerName>ביסקול בעמ</ManufacturerName>
      <ManufactureCountry>ישראל</ManufactureCountry>
      <ManufacturerItemDescription>סוכרזית קלאסי 100 שקיות</ManufacturerItemDescription>
      <UnitQty>גרמים</UnitQty>
      <Quantity>130.00</Quantity>
      <UnitOfMeasure>100 גרם</UnitOfMeasure>
      <bIsWeighted>0</bIsWeighted>
      <QtyInPackage>1</QtyInPackage>
      <ItemPrice>13.90</ItemPrice>
      <UnitOfMeasurePrice>10.6923</UnitOfMeasurePrice>
      <AllowDiscount>1</AllowDiscount>
      <ItemStatus>1</ItemStatus>
      <ItemId>253240</ItemId>
    </Item>
    <Item>
      <PriceUpdateDate>2016-06-02 15:36:14</PriceUpdateDate>
      <ItemCode>7290010654734</ItemCode>
      <ItemType>1</ItemType>
      <ItemName>גבינת שמנת שום שמיר</ItemName>
      <ManufacturerName>בר בכפר די אנד די</ManufacturerName>
      <ManufactureCountry>ישראל</ManufactureCountry>
      <ManufacturerItemDescription>גבינת שמנת שום שמיר 5% 200 גרם</ManufacturerItemDescription>
      <UnitQty>גרמים</UnitQty>
      <Quantity>200.00</Quantity>
      <UnitOfMeasure>100 גרם</UnitOfMeasure>
      <bIsWeighted>0</bIsWeighted>
      <QtyInPackage>1</QtyInPackage>
      <ItemPrice>7.90</ItemPrice>
      <UnitOfMeasurePrice>3.9500</UnitOfMeasurePrice>
      <AllowDiscount>1</AllowDiscount>
      <ItemStatus>1</ItemStatus>
      <ItemId>268356</ItemId>
    </Item>
    <Item>
      <PriceUpdateDate>2015-01-01 00:00:00</PriceUpdateDate>
      <ItemCode>7290010175857</ItemCode>
      <ItemType>0</ItemType>
      <ItemName>פרוסות לבבות דקל טעי</ItemName>
      <ManufacturerName>,</ManufacturerName>
      <ManufactureCountry>לא ידוע</ManufactureCountry>
      <ManufacturerItemDescription>פרוסות לבבות דקל טעים 400 גרם</ManufacturerItemDescription>
      <UnitQty>גרמים</UnitQty>
      <Quantity>400.00</Quantity>
      <UnitOfMeasure>100 גרם</UnitOfMeasure>
      <bIsWeighted>0</bIsWeighted>
      <QtyInPackage>1</QtyInPackage>
      <ItemPrice>8.80</ItemPrice>
      <UnitOfMeasurePrice>2.2000</UnitOfMeasurePrice>
      <AllowDiscount>1</AllowDiscount>
      <ItemStatus>1</ItemStatus>
      <ItemId>231047</ItemId>
    </Item>
    <Item>
      <PriceUpdateDate>2015-01-01 00:00:00</PriceUpdateDate>
      <ItemCode>7290010193837</ItemCode>
      <ItemType>0</ItemType>
      <ItemName>נגיסי עוף 2 ק"ג</ItemName>
      <ManufacturerName>מ ב גלאט עוף למהדרין</ManufacturerName>
      <ManufactureCountry>ישראל</ManufactureCountry>
      <ManufacturerItemDescription>נגיסי עוף 2 קג</ManufacturerItemDescription>
      <UnitQty>קילוגרמים</UnitQty>
      <Quantity>2.00</Quantity>
      <UnitOfMeasure>ק"ג     </UnitOfMeasure>
      <bIsWeighted>0</bIsWeighted>
      <QtyInPackage>1</QtyInPackage>
      <ItemPrice>49.90</ItemPrice>
      <UnitOfMeasurePrice>24.9500</UnitOfMeasurePrice>
      <AllowDiscount>1</AllowDiscount>
      <ItemStatus>1</ItemStatus>
      <ItemId>246976</ItemId>
    </Item>
    <Item>
      <PriceUpdateDate>2015-01-01 00:00:00</PriceUpdateDate>
      <ItemCode>7290104962073</ItemCode>
      <ItemType>0</ItemType>
      <ItemName>דאודורנט טיטניום גול</ItemName>
      <ManufacturerName>אמיליה קוסמטיקס</ManufacturerName>
      <ManufactureCountry>לא ידוע</ManufactureCountry>
      <ManufacturerItemDescription>דאודורנט טיטניום גולד תרסיס 180מ"ל</ManufacturerItemDescription>
      <UnitQty>מיליליטרים</UnitQty>
      <Quantity>150.00</Quantity>
      <UnitOfMeasure>100 מ"ל</UnitOfMeasure>
      <bIsWeighted>0</bIsWeighted>
      <QtyInPackage>1</QtyInPackage>
      <ItemPrice>19.90</ItemPrice>
      <UnitOfMeasurePrice>13.2667</UnitOfMeasurePrice>
      <AllowDiscount>1</AllowDiscount>
      <ItemStatus>1</ItemStatus>
      <ItemId>248718</ItemId>
    </Item>
    <Item>
      <PriceUpdateDate>2015-01-01 00:00:00</PriceUpdateDate>
      <ItemCode>7622300005870</ItemCode>
      <ItemType>0</ItemType>
      <ItemName>קפה גיקובס קרוננג ני</ItemName>
      <ManufacturerName>גייקובס</ManufacturerName>
      <ManufactureCountry>לא ידוע</ManufactureCountry>
      <ManufacturerItemDescription>קפה גיקובס קרוננג נייט %דיי נטול קופאי</ManufacturerItemDescription>
      <UnitQty>גרמים</UnitQty>
      <Quantity>200.00</Quantity>
      <UnitOfMeasure>100 גרם</UnitOfMeasure>
      <bIsWeighted>0</bIsWeighted>
      <QtyInPackage>1</QtyInPackage>
      <ItemPrice>43.90</ItemPrice>
      <UnitOfMeasurePrice>21.9500</UnitOfMeasurePrice>
      <AllowDiscount>1</AllowDiscount>
      <ItemStatus>1</ItemStatus>
      <ItemId>231073</ItemId>
    </Item>
    <Item>
      <PriceUpdateDate>2015-01-01 00:00:00</PriceUpdateDate>
      <ItemCode>7290012117534</ItemCode>
      <ItemType>0</ItemType>
      <ItemName>מרכך כביסה מקסימה סו</ItemName>
      <ManufacturerName>סנו</ManufacturerName>
      <ManufactureCountry>לא ידוע</ManufactureCountry>
      <ManufacturerItemDescription>מ.כביסה מקסימה סופר מרוכז קול 1 ליטר</ManufacturerItemDescription>
      <UnitQty>ליטרים</UnitQty>
      <Quantity>1.00</Quantity>
      <UnitOfMeasure>ליטר    </UnitOfMeasure>
      <bIsWeighted>0</bIsWeighted>
      <QtyInPackage>1</QtyInPackage>
      <ItemPrice>9.90</ItemPrice>
      <UnitOfMeasurePrice>9.9000</UnitOfMeasurePrice>
      <AllowDiscount>1</AllowDiscount>
      <ItemStatus>1</ItemStatus>
      <ItemId>231149</ItemId>
    </Item>
    <Item>
      <PriceUpdateDate>2015-01-01 00:00:00</PriceUpdateDate>
      <ItemCode>7290012117558</ItemCode>
      <ItemType>0</ItemType>
      <ItemName>מרכך כביסה מקסימה סו</ItemName>
      <ManufacturerName>סנו</ManufacturerName>
      <ManufactureCountry>לא ידוע</ManufactureCountry>
      <ManufacturerItemDescription>מ.כביסה מקסימה סופר מרוכז מאסק 1 ליטר</ManufacturerItemDescription>
      <UnitQty>ליטרים</UnitQty>
      <Quantity>1.00</Quantity>
      <UnitOfMeasure>ליטר    </UnitOfMeasure>
      <bIsWeighted>0</bIsWeighted>
      <QtyInPackage>1</QtyInPackage>
      <ItemPrice>9.90</ItemPrice>
      <UnitOfMeasurePrice>9.9000</UnitOfMeasurePrice>
      <AllowDiscount>1</AllowDiscount>
      <ItemStatus>1</ItemStatus>
      <ItemId>231151</ItemId>
    </Item>
    <Item>
      <PriceUpdateDate>2015-01-01 00:00:00</PriceUpdateDate>
      <ItemCode>835811009238</ItemCode>
      <ItemType>0</ItemType>
      <ItemName>שיפודי במבוק ענק 25</ItemName>
      <ManufacturerName>הנמל</ManufacturerName>
      <ManufactureCountry>לא ידוע</ManufactureCountry>
      <ManufacturerItemDescription>שיפודים ענק מבמבוק 25 יח</ManufacturerItemDescription>
      <UnitQty>Unknown </UnitQty>
      <Quantity>0.00</Quantity>
      <UnitOfMeasure>Unknown </UnitOfMeasure>
      <bIsWeighted>0</bIsWeighted>
      <QtyInPackage>1</QtyInPackage>
      <ItemPrice>6.90</ItemPrice>
      <UnitOfMeasurePrice>0.0000</UnitOfMeasurePrice>
      <AllowDiscount>1</AllowDiscount>
      <ItemStatus>1</ItemStatus>
      <ItemId>231155</ItemId>
    </Item>
    <Item>
      <PriceUpdateDate>2015-01-01 00:00:00</PriceUpdateDate>
      <ItemCode>8718114047249</ItemCode>
      <ItemType>0</ItemType>
      <ItemName>סבון דאב מוצק שישיה</ItemName>
      <ManufacturerName>יוניליוור</ManufacturerName>
      <ManufactureCountry>לא ידוע</ManufactureCountry>
      <ManufacturerItemDescription>סבון דאב מוצק שישיה</ManufacturerItemDescription>
      <UnitQty>גרמים</UnitQty>
      <Quantity>600.00</Quantity>
      <UnitOfMeasure>100 גרם</UnitOfMeasure>
      <bIsWeighted>0</bIsWeighted>
      <QtyInPackage>1</QtyInPackage>
      <ItemPrice>24.90</ItemPrice>
      <UnitOfMeasurePrice>4.1500</UnitOfMeasurePrice>
      <AllowDiscount>1</AllowDiscount>
      <ItemStatus>1</ItemStatus>
      <ItemId>231159</ItemId>
    </Item>
    <Item>
      <PriceUpdateDate>2016-04-06 12:57:14</PriceUpdateDate>
      <ItemCode>7290011379018</ItemCode>
      <ItemType>0</ItemType>
      <ItemName>מארז פטריות צמד חמד</ItemName>
      <ManufacturerName>,</ManufacturerName>
      <ManufactureCountry>לא ידוע</ManufactureCountry>
      <ManufacturerItemDescription>מארז פטריות צמד חמד</ManufacturerItemDescription>
      <UnitQty>Unknown </UnitQty>
      <Quantity>0.00</Quantity>
      <UnitOfMeasure>Unknown </UnitOfMeasure>
      <bIsWeighted>0</bIsWeighted>
      <QtyInPackage>1</QtyInPackage>
      <ItemPrice>14.90</ItemPrice>
      <UnitOfMeasurePrice>0.0000</UnitOfMeasurePrice>
      <AllowDiscount>1</AllowDiscount>
      <ItemStatus>1</ItemStatus>
      <ItemId>231182</ItemId>
    </Item>
    <Item>
      <PriceUpdateDate>2015-01-01 00:00:00</PriceUpdateDate>
      <ItemCode>4944056</ItemCode>
      <ItemType>0</ItemType>
      <ItemName>סלט חציל במיונז אסלי</ItemName>
      <ManufacturerName>סלטי שמיר 2006 בעמ</ManufacturerName>
      <ManufactureCountry>לא ידוע</ManufactureCountry>
      <ManufacturerItemDescription>סלט חציל במיונז אסלי 400 גרם שמיר</ManufacturerItemDescription>
      <UnitQty>גרמים</UnitQty>
      <Quantity>400.00</Quantity>
      <UnitOfMeasure>100 גרם</UnitOfMeasure>
      <bIsWeighted>0</bIsWeighted>
      <QtyInPackage>1</QtyInPackage>
      <ItemPrice>4.90</ItemPrice>
      <UnitOfMeasurePrice>1.2250</UnitOfMeasurePrice>
      <AllowDiscount>1</AllowDiscount>
      <ItemStatus>1</ItemStatus>
      <ItemId>231186</ItemId>
    </Item>
    <Item>
      <PriceUpdateDate>2015-01-01 00:00:00</PriceUpdateDate>
      <ItemCode>4944070</ItemCode>
      <ItemType>0</ItemType>
      <ItemName>סלט כרוב אדום אסלי 4</ItemName>
      <ManufacturerName>סלטי שמיר 2006 בעמ</ManufacturerName>
      <ManufactureCountry>לא ידוע</ManufactureCountry>
      <ManufacturerItemDescription>סלט כרוב אדום אסלי 400 גרם שמיר</ManufacturerItemDescription>
      <UnitQty>גרמים</UnitQty>
      <Quantity>400.00</Quantity>
      <UnitOfMeasure>100 גרם</UnitOfMeasure>
      <bIsWeighted>0</bIsWeighted>
      <QtyInPackage>1</QtyInPackage>
      <ItemPrice>4.90</ItemPrice>
      <UnitOfMeasurePrice>1.2250</UnitOfMeasurePrice>
      <AllowDiscount>1</AllowDiscount>
      <ItemStatus>1</ItemStatus>
      <ItemId>231187</ItemId>
    </Item>
    <Item>
      <PriceUpdateDate>2015-01-01 00:00:00</PriceUpdateDate>
      <ItemCode>4944049</ItemCode>
      <ItemType>0</ItemType>
      <ItemName>טחינה אסלי 400 גרם ש</ItemName>
      <ManufacturerName>סלטי שמיר 2006 בעמ</ManufacturerName>
      <ManufactureCountry>לא ידוע</ManufactureCountry>
      <ManufacturerItemDescription>טחינה אסלי 400 גרם שמיר</ManufacturerItemDescription>
      <UnitQty>גרמים</UnitQty>
      <Quantity>400.00</Quantity>
      <UnitOfMeasure>100 גרם</UnitOfMeasure>
      <bIsWeighted>0</bIsWeighted>
      <QtyInPackage>1</QtyInPackage>
      <ItemPrice>4.90</ItemPrice>
      <UnitOfMeasurePrice>1.2250</UnitOfMeasurePrice>
      <AllowDiscount>1</AllowDiscount>
      <ItemStatus>1</ItemStatus>
      <ItemId>231188</ItemId>
    </Item>
    <Item>
      <PriceUpdateDate>2015-01-01 00:00:00</PriceUpdateDate>
      <ItemCode>4944063</ItemCode>
      <ItemType>0</ItemType>
      <ItemName>סלט טורקי אסלי 400 ג</ItemName>
      <ManufacturerName>סלטי שמיר 2006 בעמ</ManufacturerName>
      <ManufactureCountry>לא ידוע</ManufactureCountry>
      <ManufacturerItemDescription>סלט טורקי אסלי 400 גרם שמיר</ManufacturerItemDescription>
      <UnitQty>גרמים</UnitQty>
      <Quantity>400.00</Quantity>
      <UnitOfMeasure>100 גרם</UnitOfMeasure>
      <bIsWeighted>0</bIsWeighted>
      <QtyInPackage>1</QtyInPackage>
      <ItemPrice>4.90</ItemPrice>
      <UnitOfMeasurePrice>1.2250</UnitOfMeasurePrice>
      <AllowDiscount>1</AllowDiscount>
      <ItemStatus>1</ItemStatus>
      <ItemId>231189</ItemId>
    </Item>
    <Item>
      <PriceUpdateDate>2015-01-01 00:00:00</PriceUpdateDate>
      <ItemCode>6583345</ItemCode>
      <ItemType>0</ItemType>
      <ItemName>איקרא אדומה 220 גרם</ItemName>
      <ManufacturerName>מעדני מיקי תעשיות מז</ManufacturerName>
      <ManufactureCountry>לא ידוע</ManufactureCountry>
      <ManufacturerItemDescription>איקרא אדומה 220 גרם</ManufacturerItemDescription>
      <UnitQty>גרמים</UnitQty>
      <Quantity>220.00</Quantity>
      <UnitOfMeasure>100 גרם</UnitOfMeasure>
      <bIsWeighted>0</bIsWeighted>
      <QtyInPackage>1</QtyInPackage>
      <ItemPrice>7.90</ItemPrice>
      <UnitOfMeasurePrice>3.5909</UnitOfMeasurePrice>
      <AllowDiscount>1</AllowDiscount>
      <ItemStatus>1</ItemStatus>
      <ItemId>231190</ItemId>
    </Item>
    <Item>
      <PriceUpdateDate>2015-01-01 00:00:00</PriceUpdateDate>
      <ItemCode>6736925</ItemCode>
      <ItemType>0</ItemType>
      <ItemName>איקרא לבנה 220 גרם</ItemName>
      <ManufacturerName>מעדני מיקי תעשיות מז</ManufacturerName>
      <ManufactureCountry>לא ידוע</ManufactureCountry>
      <ManufacturerItemDescription>איקרא לבנה 220 גרם</ManufacturerItemDescription>
      <UnitQty>גרמים</UnitQty>
      <Quantity>220.00</Quantity>
      <UnitOfMeasure>100 גרם</UnitOfMeasure>
      <bIsWeighted>0</bIsWeighted>
      <QtyInPackage>1</QtyInPackage>
      <ItemPrice>7.90</ItemPrice>
      <UnitOfMeasurePrice>3.5909</UnitOfMeasurePrice>
      <AllowDiscount>1</AllowDiscount>
      <ItemStatus>1</ItemStatus>
      <ItemId>231191</ItemId>
    </Item>
    <Item>
      <PriceUpdateDate>2015-01-01 00:00:00</PriceUpdateDate>
      <ItemCode>6985425120318</ItemCode>
      <ItemType>0</ItemType>
      <ItemName>אטבי כביסה גמבו כחול</ItemName>
      <ManufacturerName>,</ManufacturerName>
      <ManufactureCountry>לא ידוע</ManufactureCountry>
      <ManufacturerItemDescription>אטבי כביסה גמבו כחול לבן 36 יח</ManufacturerItemDescription>
      <UnitQty>Unknown </UnitQty>
      <Quantity>0.00</Quantity>
      <UnitOfMeasure>Unknown </UnitOfMeasure>
      <bIsWeighted>0</bIsWeighted>
      <QtyInPackage>1</QtyInPackage>
      <ItemPrice>9.90</ItemPrice>
      <UnitOfMeasurePrice>0.0000</UnitOfMeasurePrice>
      <AllowDiscount>1</AllowDiscount>
      <ItemStatus>1</ItemStatus>
      <ItemId>231195</ItemId>
    </Item>
    <Item>
      <PriceUpdateDate>2015-01-01 00:00:00</PriceUpdateDate>
      <ItemCode>7290107280099</ItemCode>
      <ItemType>0</ItemType>
      <ItemName>מארז 1/3 מגבוני טואל</ItemName>
      <ManufacturerName>דגיל</ManufacturerName>
      <ManufactureCountry>לא ידוע</ManufactureCountry>
      <ManufacturerItemDescription>מארז 1/3 מגבוני טואלט לחים 48 יח</ManufacturerItemDescription>
      <UnitQty>Unknown </UnitQty>
      <Quantity>0.00</Quantity>
      <UnitOfMeasure>Unknown </UnitOfMeasure>
      <bIsWeighted>0</bIsWeighted>
      <QtyInPackage>1</QtyInPackage>
      <ItemPrice>14.90</ItemPrice>
      <UnitOfMeasurePrice>0.0000</UnitOfMeasurePrice>
      <AllowDiscount>1</AllowDiscount>
      <ItemStatus>1</ItemStatus>
      <ItemId>252513</ItemId>
    </Item>
    <Item>
      <PriceUpdateDate>2015-01-01 00:00:00</PriceUpdateDate>
      <ItemCode>7290013010001</ItemCode>
      <ItemType>0</ItemType>
      <ItemName>עגבניות מרוסקות 260</ItemName>
      <ManufacturerName>זנלכל</ManufacturerName>
      <ManufactureCountry>לא ידוע</ManufactureCountry>
      <ManufacturerItemDescription>עגבניות מרוסקות 260 גרם בד"צ</ManufacturerItemDescription>
      <UnitQty>גרמים</UnitQty>
      <Quantity>260.00</Quantity>
      <UnitOfMeasure>100 גרם</UnitOfMeasure>
      <bIsWeighted>0</bIsWeighted>
      <QtyInPackage>1</QtyInPackage>
      <ItemPrice>4.90</ItemPrice>
      <UnitOfMeasurePrice>1.8846</UnitOfMeasurePrice>
      <AllowDiscount>1</AllowDiscount>
      <ItemStatus>1</ItemStatus>
      <ItemId>231227</ItemId>
    </Item>
    <Item>
      <PriceUpdateDate>2015-01-01 00:00:00</PriceUpdateDate>
      <ItemCode>7290013010032</ItemCode>
      <ItemType>0</ItemType>
      <ItemName>רוטב לשקשוקה 260 גרם</ItemName>
      <ManufacturerName>זנלכל</ManufacturerName>
      <ManufactureCountry>לא ידוע</ManufactureCountry>
      <ManufacturerItemDescription>רוטב לשקשוקה 260 גרם בד"צ</ManufacturerItemDescription>
      <UnitQty>גרמים</UnitQty>
      <Quantity>260.00</Quantity>
      <UnitOfMeasure>100 גרם</UnitOfMeasure>
      <bIsWeighted>0</bIsWeighted>
      <QtyInPackage>1</QtyInPackage>
      <ItemPrice>4.90</ItemPrice>
      <UnitOfMeasurePrice>1.8846</UnitOfMeasurePrice>
      <AllowDiscount>1</AllowDiscount>
      <ItemStatus>1</ItemStatus>
      <ItemId>231228</ItemId>
    </Item>
    <Item>
      <PriceUpdateDate>2015-01-01 00:00:00</PriceUpdateDate>
      <ItemCode>7290013010025</ItemCode>
      <ItemType>0</ItemType>
      <ItemName>רוטב לפיצה 260 גרם ב</ItemName>
      <ManufacturerName>זנלכל</ManufacturerName>
      <ManufactureCountry>לא ידוע</ManufactureCountry>
      <ManufacturerItemDescription>רוטב לפיצה 260 גרם בד"צ</ManufacturerItemDescription>
      <UnitQty>גרמים</UnitQty>
      <Quantity>260.00</Quantity>
      <UnitOfMeasure>100 גרם</UnitOfMeasure>
      <bIsWeighted>0</bIsWeighted>
      <QtyInPackage>1</QtyInPackage>
      <ItemPrice>4.90</ItemPrice>
      <UnitOfMeasurePrice>1.8846</UnitOfMeasurePrice>
      <AllowDiscount>1</AllowDiscount>
      <ItemStatus>1</ItemStatus>
      <ItemId>231229</ItemId>
    </Item>
    <Item>
      <PriceUpdateDate>2015-01-01 00:00:00</PriceUpdateDate>
      <ItemCode>7290013010018</ItemCode>
      <ItemType>0</ItemType>
      <ItemName>רוטב לפסטה 260 גרם ב</ItemName>
      <ManufacturerName>זנלכל</ManufacturerName>
      <ManufactureCountry>לא ידוע</ManufactureCountry>
      <ManufacturerItemDescription>רוטב לפסטה 260 גרם בד"צ</ManufacturerItemDescription>
      <UnitQty>גרמים</UnitQty>
      <Quantity>260.00</Quantity>
      <UnitOfMeasure>100 גרם</UnitOfMeasure>
      <bIsWeighted>0</bIsWeighted>
      <QtyInPackage>1</QtyInPackage>
      <ItemPrice>4.90</ItemPrice>
      <UnitOfMeasurePrice>1.8846</UnitOfMeasurePrice>
      <AllowDiscount>1</AllowDiscount>
      <ItemStatus>1</ItemStatus>
      <ItemId>231230</ItemId>
    </Item>
    <Item>
      <PriceUpdateDate>2015-01-01 00:00:00</PriceUpdateDate>
      <ItemCode>7290102840175</ItemCode>
      <ItemType>0</ItemType>
      <ItemName>פודינג וניל 85 גרם</ItemName>
      <ManufacturerName>מיה תעשיות מזון בעמ</ManufacturerName>
      <ManufactureCountry>לא ידוע</ManufactureCountry>
      <ManufacturerItemDescription>פודינג וניל 85 גרם</ManufacturerItemDescription>
      <UnitQty>גרמים</UnitQty>
      <Quantity>85.00</Quantity>
      <UnitOfMeasure>100 גרם</UnitOfMeasure>
      <bIsWeighted>0</bIsWeighted>
      <QtyInPackage>1</QtyInPackage>
      <ItemPrice>2.50</ItemPrice>
      <UnitOfMeasurePrice>2.9412</UnitOfMeasurePrice>
      <AllowDiscount>1</AllowDiscount>
      <ItemStatus>1</ItemStatus>
      <ItemId>231235</ItemId>
    </Item>
    <Item>
      <PriceUpdateDate>2015-01-01 00:00:00</PriceUpdateDate>
      <ItemCode>7290102840205</ItemCode>
      <ItemType>0</ItemType>
      <ItemName>גלי תות 90 גרם</ItemName>
      <ManufacturerName>,</ManufacturerName>
      <ManufactureCountry>לא ידוע</ManufactureCountry>
      <ManufacturerItemDescription>גלי תות 90 גרם</ManufacturerItemDescription>
      <UnitQty>גרמים</UnitQty>
      <Quantity>85.00</Quantity>
      <UnitOfMeasure>100 גרם</UnitOfMeasure>
      <bIsWeighted>0</bIsWeighted>
      <QtyInPackage>1</QtyInPackage>
      <ItemPrice>3.90</ItemPrice>
      <UnitOfMeasurePrice>4.5882</UnitOfMeasurePrice>
      <AllowDiscount>1</AllowDiscount>
      <ItemStatus>1</ItemStatus>
      <ItemId>231236</ItemId>
    </Item>
    <Item>
      <PriceUpdateDate>2015-01-01 00:00:00</PriceUpdateDate>
      <ItemCode>7290013038234</ItemCode>
      <ItemType>0</ItemType>
      <ItemName>אקווה נובה 2 ל 6 יח</ItemName>
      <ManufacturerName>טמפו</ManufacturerName>
      <ManufactureCountry>לא ידוע</ManufactureCountry>
      <ManufacturerItemDescription>אקווה נובה 2 ליטר שישיה</ManufacturerItemDescription>
      <UnitQty>ליטרים</UnitQty>
      <Quantity>12.00</Quantity>
      <UnitOfMeasure>ליטר    </UnitOfMeasure>
      <bIsWeighted>0</bIsWeighted>
      <QtyInPackage>1</QtyInPackage>
      <ItemPrice>8.90</ItemPrice>
      <UnitOfMeasurePrice>0.7417</UnitOfMeasurePrice>
      <AllowDiscount>1</AllowDiscount>
      <ItemStatus>1</ItemStatus>
      <ItemId>231237</ItemId>
    </Item>
    <Item>
      <PriceUpdateDate>2015-01-01 00:00:00</PriceUpdateDate>
      <ItemCode>7290013038432</ItemCode>
      <ItemType>0</ItemType>
      <ItemName>אקווה נובה 2 ליטר בו</ItemName>
      <ManufacturerName>,</ManufacturerName>
      <ManufactureCountry>לא ידוע</ManufactureCountry>
      <ManufacturerItemDescription>אקווה נובה 2 ליטר בודד</ManufacturerItemDescription>
      <UnitQty>ליטרים</UnitQty>
      <Quantity>2.00</Quantity>
      <UnitOfMeasure>ליטר    </UnitOfMeasure>
      <bIsWeighted>0</bIsWeighted>
      <QtyInPackage>1</QtyInPackage>
      <ItemPrice>4.00</ItemPrice>
      <UnitOfMeasurePrice>2.0000</UnitOfMeasurePrice>
      <AllowDiscount>1</AllowDiscount>
      <ItemStatus>1</ItemStatus>
      <ItemId>231238</ItemId>
    </Item>
    <Item>
      <PriceUpdateDate>2015-01-01 00:00:00</PriceUpdateDate>
      <ItemCode>7290102840182</ItemCode>
      <ItemType>0</ItemType>
      <ItemName>פודינג שוקו 85 גרם</ItemName>
      <ManufacturerName>,</ManufacturerName>
      <ManufactureCountry>לא ידוע</ManufactureCountry>
      <ManufacturerItemDescription>פודינג שוקו 85 גרם בד"צ</ManufacturerItemDescription>
      <UnitQty>גרמים</UnitQty>
      <Quantity>85.00</Quantity>
      <UnitOfMeasure>100 גרם</UnitOfMeasure>
      <bIsWeighted>0</bIsWeighted>
      <QtyInPackage>1</QtyInPackage>
      <ItemPrice>2.50</ItemPrice>
      <UnitOfMeasurePrice>2.9412</UnitOfMeasurePrice>
      <AllowDiscount>1</AllowDiscount>
      <ItemStatus>1</ItemStatus>
      <ItemId>231241</ItemId>
    </Item>
    <Item>
      <PriceUpdateDate>2015-01-01 00:00:00</PriceUpdateDate>
      <ItemCode>7290102840199</ItemCode>
      <ItemType>0</ItemType>
      <ItemName>גלי משמש 90 גרם</ItemName>
      <ManufacturerName>מיה תעשיות מזון בעמ</ManufacturerName>
      <ManufactureCountry>ישראל</ManufactureCountry>
      <ManufacturerItemDescription>גלי משמש 90 גרם</ManufacturerItemDescription>
      <UnitQty>גרמים</UnitQty>
      <Quantity>0.00</Quantity>
      <UnitOfMeasure>100 גרם</UnitOfMeasure>
      <bIsWeighted>0</bIsWeighted>
      <QtyInPackage>1</QtyInPackage>
      <ItemPrice>3.90</ItemPrice>
      <UnitOfMeasurePrice>0.0000</UnitOfMeasurePrice>
      <AllowDiscount>1</AllowDiscount>
      <ItemStatus>1</ItemStatus>
      <ItemId>231242</ItemId>
    </Item>
    <Item>
      <PriceUpdateDate>2015-01-01 00:00:00</PriceUpdateDate>
      <ItemCode>8330398</ItemCode>
      <ItemType>0</ItemType>
      <ItemName>בדין דפי מרכך כחול</ItemName>
      <ManufacturerName>קלינטסט</ManufacturerName>
      <ManufactureCountry>לא ידוע</ManufactureCountry>
      <ManufacturerItemDescription>בדין דפי מרכך כחול</ManufacturerItemDescription>
      <UnitQty>Unknown </UnitQty>
      <Quantity>0.00</Quantity>
      <UnitOfMeasure>Unknown </UnitOfMeasure>
      <bIsWeighted>0</bIsWeighted>
      <QtyInPackage>1</QtyInPackage>
      <ItemPrice>16.90</ItemPrice>
      <UnitOfMeasurePrice>0.0000</UnitOfMeasurePrice>
      <AllowDiscount>1</AllowDiscount>
      <ItemStatus>1</ItemStatus>
      <ItemId>231247</ItemId>
    </Item>
    <Item>
      <PriceUpdateDate>2015-01-01 00:00:00</PriceUpdateDate>
      <ItemCode>2319740</ItemCode>
      <ItemType>0</ItemType>
      <ItemName>אגוז טחון 100 גרם</ItemName>
      <ManufacturerName>מיה תעשיות מזון בעמ</ManufacturerName>
      <ManufactureCountry>לא ידוע</ManufactureCountry>
      <ManufacturerItemDescription>אגוז טחון 100 גרם</ManufacturerItemDescription>
      <UnitQty>גרמים</UnitQty>
      <Quantity>100.00</Quantity>
      <UnitOfMeasure>100 גרם</UnitOfMeasure>
      <bIsWeighted>0</bIsWeighted>
      <QtyInPackage>1</QtyInPackage>
      <ItemPrice>11.90</ItemPrice>
      <UnitOfMeasurePrice>11.9000</UnitOfMeasurePrice>
      <AllowDiscount>1</AllowDiscount>
      <ItemStatus>1</ItemStatus>
      <ItemId>231305</ItemId>
    </Item>
    <Item>
      <PriceUpdateDate>2015-11-24 15:36:04</PriceUpdateDate>
      <ItemCode>675470000142</ItemCode>
      <ItemType>1</ItemType>
      <ItemName>נייר אפיה 72 יח</ItemName>
      <ManufacturerName>,</ManufacturerName>
      <ManufactureCountry>לא ידוע</ManufactureCountry>
      <ManufacturerItemDescription>נייר אפיה 72 יח</ManufacturerItemDescription>
      <UnitQty>Unknown </UnitQty>
      <Quantity>0.00</Quantity>
      <UnitOfMeasure>Unknown </UnitOfMeasure>
      <bIsWeighted>0</bIsWeighted>
      <QtyInPackage>1</QtyInPackage>
      <ItemPrice>9.90</ItemPrice>
      <UnitOfMeasurePrice>0.0000</UnitOfMeasurePrice>
      <AllowDiscount>1</AllowDiscount>
      <ItemStatus>1</ItemStatus>
      <ItemId>265873</ItemId>
    </Item>
    <Item>
      <PriceUpdateDate>2016-06-15 13:26:32</PriceUpdateDate>
      <ItemCode>7290012823251</ItemCode>
      <ItemType>0</ItemType>
      <ItemName>אלסבון כיף יסמיין 1</ItemName>
      <ManufacturerName>,</ManufacturerName>
      <ManufactureCountry>לא ידוע</ManufactureCountry>
      <ManufacturerItemDescription>אלסבון כיף יסמיין 1 ליטר</ManufacturerItemDescription>
      <UnitQty>ליטרים</UnitQty>
      <Quantity>1.00</Quantity>
      <UnitOfMeasure>ליטר    </UnitOfMeasure>
      <bIsWeighted>0</bIsWeighted>
      <QtyInPackage>1</QtyInPackage>
      <ItemPrice>10.90</ItemPrice>
      <UnitOfMeasurePrice>10.9000</UnitOfMeasurePrice>
      <AllowDiscount>1</AllowDiscount>
      <ItemStatus>1</ItemStatus>
      <ItemId>267178</ItemId>
    </Item>
    <Item>
      <PriceUpdateDate>2015-01-01 00:00:00</PriceUpdateDate>
      <ItemCode>1901410</ItemCode>
      <ItemType>0</ItemType>
      <ItemName>רולדה גפילטע פיש הדג</ItemName>
      <ManufacturerName>דג טעים בעמ</ManufacturerName>
      <ManufactureCountry>ישראל</ManufactureCountry>
      <ManufacturerItemDescription>רולדה גפילטע פיש הדג המיוחד הונגרי 500</ManufacturerItemDescription>
      <UnitQty>גרמים</UnitQty>
      <Quantity>500.00</Quantity>
      <UnitOfMeasure>100 גרם</UnitOfMeasure>
      <bIsWeighted>0</bIsWeighted>
      <QtyInPackage>1</QtyInPackage>
      <ItemPrice>18.90</ItemPrice>
      <UnitOfMeasurePrice>3.7800</UnitOfMeasurePrice>
      <AllowDiscount>1</AllowDiscount>
      <ItemStatus>1</ItemStatus>
      <ItemId>231341</ItemId>
    </Item>
    <Item>
      <PriceUpdateDate>2015-01-01 00:00:00</PriceUpdateDate>
      <ItemCode>7290011240394</ItemCode>
      <ItemType>0</ItemType>
      <ItemName>יין דולב מוסקט המבור</ItemName>
      <ManufacturerName>יקבי ציון</ManufacturerName>
      <ManufactureCountry>לא ידוע</ManufactureCountry>
      <ManufacturerItemDescription>יין דולב מוסקט המבורג 750 מ"ל</ManufacturerItemDescription>
      <UnitQty>מיליליטרים</UnitQty>
      <Quantity>750.00</Quantity>
      <UnitOfMeasure>100 מ"ל</UnitOfMeasure>
      <bIsWeighted>0</bIsWeighted>
      <QtyInPackage>1</QtyInPackage>
      <ItemPrice>18.90</ItemPrice>
      <UnitOfMeasurePrice>2.5200</UnitOfMeasurePrice>
      <AllowDiscount>1</AllowDiscount>
      <ItemStatus>1</ItemStatus>
      <ItemId>231393</ItemId>
    </Item>
    <Item>
      <PriceUpdateDate>2015-01-01 00:00:00</PriceUpdateDate>
      <ItemCode>143255</ItemCode>
      <ItemType>0</ItemType>
      <ItemName>שמפו הוואי ירוק 700</ItemName>
      <ManufacturerName>הנקל סוד</ManufacturerName>
      <ManufactureCountry>לא ידוע</ManufactureCountry>
      <ManufacturerItemDescription>שמפו הוואי ירוק 700 מ"ל</ManufacturerItemDescription>
      <UnitQty>מיליליטרים</UnitQty>
      <Quantity>700.00</Quantity>
      <UnitOfMeasure>100 מ"ל</UnitOfMeasure>
      <bIsWeighted>0</bIsWeighted>
      <QtyInPackage>1</QtyInPackage>
      <ItemPrice>7.90</ItemPrice>
      <UnitOfMeasurePrice>1.1286</UnitOfMeasurePrice>
      <AllowDiscount>1</AllowDiscount>
      <ItemStatus>1</ItemStatus>
      <ItemId>231398</ItemId>
    </Item>
    <Item>
      <PriceUpdateDate>2015-01-01 00:00:00</PriceUpdateDate>
      <ItemCode>143279</ItemCode>
      <ItemType>0</ItemType>
      <ItemName>שמפו הוואי אדום 700</ItemName>
      <ManufacturerName>הנקל סוד</ManufacturerName>
      <ManufactureCountry>לא ידוע</ManufactureCountry>
      <ManufacturerItemDescription>שמפו הוואי אדום 700 מ"ל</ManufacturerItemDescription>
      <UnitQty>מיליליטרים</UnitQty>
      <Quantity>700.00</Quantity>
      <UnitOfMeasure>100 מ"ל</UnitOfMeasure>
      <bIsWeighted>0</bIsWeighted>
      <QtyInPackage>1</QtyInPackage>
      <ItemPrice>7.90</ItemPrice>
      <UnitOfMeasurePrice>1.1286</UnitOfMeasurePrice>
      <AllowDiscount>1</AllowDiscount>
      <ItemStatus>1</ItemStatus>
      <ItemId>231399</ItemId>
    </Item>
    <Item>
      <PriceUpdateDate>2015-01-01 00:00:00</PriceUpdateDate>
      <ItemCode>143286</ItemCode>
      <ItemType>0</ItemType>
      <ItemName>מרכך הוואי ירוק 700</ItemName>
      <ManufacturerName>הנקל סוד</ManufacturerName>
      <ManufactureCountry>לא ידוע</ManufactureCountry>
      <ManufacturerItemDescription>מרכך הוואי ירוק 700 מ"ל</ManufacturerItemDescription>
      <UnitQty>מיליליטרים</UnitQty>
      <Quantity>700.00</Quantity>
      <UnitOfMeasure>100 מ"ל</UnitOfMeasure>
      <bIsWeighted>0</bIsWeighted>
      <QtyInPackage>1</QtyInPackage>
      <ItemPrice>7.90</ItemPrice>
      <UnitOfMeasurePrice>1.1286</UnitOfMeasurePrice>
      <AllowDiscount>1</AllowDiscount>
      <ItemStatus>1</ItemStatus>
      <ItemId>231400</ItemId>
    </Item>
    <Item>
      <PriceUpdateDate>2015-01-01 00:00:00</PriceUpdateDate>
      <ItemCode>72067</ItemCode>
      <ItemType>0</ItemType>
      <ItemName>במבה חלבה 60 גרם</ItemName>
      <ManufacturerName>אסם</ManufacturerName>
      <ManufactureCountry>לא ידוע</ManufactureCountry>
      <ManufacturerItemDescription>במבה חלבה 60 גרם</ManufacturerItemDescription>
      <UnitQty>גרמים</UnitQty>
      <Quantity>60.00</Quantity>
      <UnitOfMeasure>100 גרם</UnitOfMeasure>
      <bIsWeighted>0</bIsWeighted>
      <QtyInPackage>1</QtyInPackage>
      <ItemPrice>4.50</ItemPrice>
      <UnitOfMeasurePrice>7.5000</UnitOfMeasurePrice>
      <AllowDiscount>1</AllowDiscount>
      <ItemStatus>1</ItemStatus>
      <ItemId>231440</ItemId>
    </Item>
    <Item>
      <PriceUpdateDate>2015-01-01 00:00:00</PriceUpdateDate>
      <ItemCode>2775768</ItemCode>
      <ItemType>0</ItemType>
      <ItemName>עוגת טורט קצפת שוקול</ItemName>
      <ManufacturerName>ריץ</ManufacturerName>
      <ManufactureCountry>לא ידוע</ManufactureCountry>
      <ManufacturerItemDescription>עוגת טורט קצפת שוקולד 1 ק"ג ריצ</ManufacturerItemDescription>
      <UnitQty>קילוגרמים</UnitQty>
      <Quantity>1.00</Quantity>
      <UnitOfMeasure>ק"ג     </UnitOfMeasure>
      <bIsWeighted>0</bIsWeighted>
      <QtyInPackage>1</QtyInPackage>
      <ItemPrice>48.90</ItemPrice>
      <UnitOfMeasurePrice>48.9000</UnitOfMeasurePrice>
      <AllowDiscount>1</AllowDiscount>
      <ItemStatus>1</ItemStatus>
      <ItemId>231441</ItemId>
    </Item>
    <Item>
      <PriceUpdateDate>2015-01-01 00:00:00</PriceUpdateDate>
      <ItemCode>2775782</ItemCode>
      <ItemType>0</ItemType>
      <ItemName>עוגת טורט מצופה שוקו</ItemName>
      <ManufacturerName>ריץ</ManufacturerName>
      <ManufactureCountry>לא ידוע</ManufactureCountry>
      <ManufacturerItemDescription>עוגת טורט מצופה שוקולד 1 ק"ג ריצ</ManufacturerItemDescription>
      <UnitQty>קילוגרמים</UnitQty>
      <Quantity>1.00</Quantity>
      <UnitOfMeasure>ק"ג     </UnitOfMeasure>
      <bIsWeighted>0</bIsWeighted>
      <QtyInPackage>1</QtyInPackage>
      <ItemPrice>48.90</ItemPrice>
      <UnitOfMeasurePrice>48.9000</UnitOfMeasurePrice>
      <AllowDiscount>1</AllowDiscount>
      <ItemStatus>1</ItemStatus>
      <ItemId>231443</ItemId>
    </Item>
    <Item>
      <PriceUpdateDate>2015-01-01 00:00:00</PriceUpdateDate>
      <ItemCode>2775799</ItemCode>
      <ItemType>0</ItemType>
      <ItemName>עוגת טורט היער השחור</ItemName>
      <ManufacturerName>ריץ</ManufacturerName>
      <ManufactureCountry>לא ידוע</ManufactureCountry>
      <ManufacturerItemDescription>עוגת טורט היער השחור 1 ק"ג ריצ</ManufacturerItemDescription>
      <UnitQty>קילוגרמים</UnitQty>
      <Quantity>1.00</Quantity>
      <UnitOfMeasure>ק"ג     </UnitOfMeasure>
      <bIsWeighted>0</bIsWeighted>
      <QtyInPackage>1</QtyInPackage>
      <ItemPrice>48.90</ItemPrice>
      <UnitOfMeasurePrice>48.9000</UnitOfMeasurePrice>
      <AllowDiscount>1</AllowDiscount>
      <ItemStatus>1</ItemStatus>
      <ItemId>231444</ItemId>
    </Item>
    <Item>
      <PriceUpdateDate>2015-01-01 00:00:00</PriceUpdateDate>
      <ItemCode>2775898</ItemCode>
      <ItemType>0</ItemType>
      <ItemName>עוגת מוס בלגי 850 גר</ItemName>
      <ManufacturerName>ריץ</ManufacturerName>
      <ManufactureCountry>לא ידוע</ManufactureCountry>
      <ManufacturerItemDescription>עוגת מוס בלגי 850 גרם ריצ</ManufacturerItemDescription>
      <UnitQty>גרמים</UnitQty>
      <Quantity>850.00</Quantity>
      <UnitOfMeasure>100 גרם</UnitOfMeasure>
      <bIsWeighted>0</bIsWeighted>
      <QtyInPackage>1</QtyInPackage>
      <ItemPrice>48.90</ItemPrice>
      <UnitOfMeasurePrice>5.7529</UnitOfMeasurePrice>
      <AllowDiscount>1</AllowDiscount>
      <ItemStatus>1</ItemStatus>
      <ItemId>231446</ItemId>
    </Item>
    <Item>
      <PriceUpdateDate>2015-01-01 00:00:00</PriceUpdateDate>
      <ItemCode>7290102395224</ItemCode>
      <ItemType>0</ItemType>
      <ItemName>מאגדת מולר ביאנקו נט</ItemName>
      <ManufacturerName>טרה</ManufacturerName>
      <ManufactureCountry>לא ידוע</ManufactureCountry>
      <ManufacturerItemDescription>מאגדת מולר ביאנקו נטורל 1.7% שמיניה</ManufacturerItemDescription>
      <UnitQty>ליטרים</UnitQty>
      <Quantity>1.20</Quantity>
      <UnitOfMeasure>ליטר    </UnitOfMeasure>
      <bIsWeighted>0</bIsWeighted>
      <QtyInPackage>1</QtyInPackage>
      <ItemPrice>15.90</ItemPrice>
      <UnitOfMeasurePrice>13.2500</UnitOfMeasurePrice>
      <AllowDiscount>1</AllowDiscount>
      <ItemStatus>1</ItemStatus>
      <ItemId>243814</ItemId>
    </Item>
    <Item>
      <PriceUpdateDate>2015-01-01 00:00:00</PriceUpdateDate>
      <ItemCode>8804769</ItemCode>
      <ItemType>0</ItemType>
      <ItemName>יין סלקטד קברנה מרלו</ItemName>
      <ManufacturerName>,</ManufacturerName>
      <ManufactureCountry>לא ידוע</ManufactureCountry>
      <ManufacturerItemDescription>יין סלקטד קברנה מרלו שיראז 750 מ"ל</ManufacturerItemDescription>
      <UnitQty>מיליליטרים</UnitQty>
      <Quantity>750.00</Quantity>
      <UnitOfMeasure>100 מ"ל</UnitOfMeasure>
      <bIsWeighted>0</bIsWeighted>
      <QtyInPackage>1</QtyInPackage>
      <ItemPrice>22.90</ItemPrice>
      <UnitOfMeasurePrice>3.0533</UnitOfMeasurePrice>
      <AllowDiscount>1</AllowDiscount>
      <ItemStatus>1</ItemStatus>
      <ItemId>231451</ItemId>
    </Item>
    <Item>
      <PriceUpdateDate>2015-01-01 00:00:00</PriceUpdateDate>
      <ItemCode>2741497</ItemCode>
      <ItemType>0</ItemType>
      <ItemName>בייגלה אצבעות שומשום</ItemName>
      <ManufacturerName>,</ManufacturerName>
      <ManufactureCountry>לא ידוע</ManufactureCountry>
      <ManufacturerItemDescription>בייגלה אצבעות שומשום 300 גרם</ManufacturerItemDescription>
      <UnitQty>גרמים</UnitQty>
      <Quantity>300.00</Quantity>
      <UnitOfMeasure>100 גרם</UnitOfMeasure>
      <bIsWeighted>0</bIsWeighted>
      <QtyInPackage>1</QtyInPackage>
      <ItemPrice>8.90</ItemPrice>
      <UnitOfMeasurePrice>2.9667</UnitOfMeasurePrice>
      <AllowDiscount>1</AllowDiscount>
      <ItemStatus>1</ItemStatus>
      <ItemId>250739</ItemId>
    </Item>
    <Item>
      <PriceUpdateDate>2015-12-20 09:33:41</PriceUpdateDate>
      <ItemCode>2003168</ItemCode>
      <ItemType>0</ItemType>
      <ItemName>קרם ידיים פנגל שלישי</ItemName>
      <ManufacturerName>אינטרקוסמא 1985 במ</ManufacturerName>
      <ManufactureCountry>לא ידוע</ManufactureCountry>
      <ManufacturerItemDescription>קרם ידיים פנגל שלישיה</ManufacturerItemDescription>
      <UnitQty>גרמים</UnitQty>
      <Quantity>240.00</Quantity>
      <UnitOfMeasure>100 גרם</UnitOfMeasure>
      <bIsWeighted>0</bIsWeighted>
      <QtyInPackage>1</QtyInPackage>
      <ItemPrice>13.80</ItemPrice>
      <UnitOfMeasurePrice>5.7500</UnitOfMeasurePrice>
      <AllowDiscount>1</AllowDiscount>
      <ItemStatus>1</ItemStatus>
      <ItemId>231469</ItemId>
    </Item>
    <Item>
      <PriceUpdateDate>2016-04-18 18:06:13</PriceUpdateDate>
      <ItemCode>70970459931</ItemCode>
      <ItemType>1</ItemType>
      <ItemName>סוכריות מייק &amp; אייק</ItemName>
      <ManufacturerName>,</ManufacturerName>
      <ManufactureCountry>לא ידוע</ManufactureCountry>
      <ManufacturerItemDescription>סוכריות מייק &amp; אייק בטעם חמוץ 24 יח</ManufacturerItemDescription>
      <UnitQty>גרמים</UnitQty>
      <Quantity>528.00</Quantity>
      <UnitOfMeasure>100 גרם</UnitOfMeasure>
      <bIsWeighted>0</bIsWeighted>
      <QtyInPackage>1</QtyInPackage>
      <ItemPrice>14.90</ItemPrice>
      <UnitOfMeasurePrice>2.8220</UnitOfMeasurePrice>
      <AllowDiscount>1</AllowDiscount>
      <ItemStatus>1</ItemStatus>
      <ItemId>267975</ItemId>
    </Item>
    <Item>
      <PriceUpdateDate>2016-04-18 18:06:13</PriceUpdateDate>
      <ItemCode>70970459962</ItemCode>
      <ItemType>1</ItemType>
      <ItemName>סוכריות מייק &amp; אייק</ItemName>
      <ManufacturerName>,</ManufacturerName>
      <ManufactureCountry>לא ידוע</ManufactureCountry>
      <ManufacturerItemDescription>סוכריות מייק &amp; אייק בטעם גלי 24 יח</ManufacturerItemDescription>
      <UnitQty>גרמים</UnitQty>
      <Quantity>528.00</Quantity>
      <UnitOfMeasure>100 גרם</UnitOfMeasure>
      <bIsWeighted>0</bIsWeighted>
      <QtyInPackage>1</QtyInPackage>
      <ItemPrice>14.90</ItemPrice>
      <UnitOfMeasurePrice>2.8220</UnitOfMeasurePrice>
      <AllowDiscount>1</AllowDiscount>
      <ItemStatus>1</ItemStatus>
      <ItemId>267976</ItemId>
    </Item>
    <Item>
      <PriceUpdateDate>2016-05-11 10:11:13</PriceUpdateDate>
      <ItemCode>25675125131</ItemCode>
      <ItemType>0</ItemType>
      <ItemName>סוכריות פירות במילוי</ItemName>
      <ManufacturerName>,</ManufacturerName>
      <ManufactureCountry>לא ידוע</ManufactureCountry>
      <ManufacturerItemDescription>סוכריות פירות במילוי חמוץ 340 גרם פשקס</ManufacturerItemDescription>
      <UnitQty>גרמים</UnitQty>
      <Quantity>340.00</Quantity>
      <UnitOfMeasure>100 גרם</UnitOfMeasure>
      <bIsWeighted>0</bIsWeighted>
      <QtyInPackage>1</QtyInPackage>
      <ItemPrice>11.90</ItemPrice>
      <UnitOfMeasurePrice>3.5000</UnitOfMeasurePrice>
      <AllowDiscount>1</AllowDiscount>
      <ItemStatus>1</ItemStatus>
      <ItemId>268101</ItemId>
    </Item>
    <Item>
      <PriceUpdateDate>2015-01-01 00:00:00</PriceUpdateDate>
      <ItemCode>976846</ItemCode>
      <ItemType>0</ItemType>
      <ItemName>פיסטוק מקולף</ItemName>
      <ManufacturerName>,</ManufacturerName>
      <ManufactureCountry>לא ידוע</ManufactureCountry>
      <ManufacturerItemDescription>פיסטוק מקולף</ManufacturerItemDescription>
      <UnitQty>קילוגרמים</UnitQty>
      <Quantity>1.00</Quantity>
      <UnitOfMeasure>ק"ג</UnitOfMeasure>
      <bIsWeighted>1</bIsWeighted>
      <QtyInPackage>לא ידוע</QtyInPackage>
      <ItemPrice>150.00</ItemPrice>
      <UnitOfMeasurePrice>150.0000</UnitOfMeasurePrice>
      <AllowDiscount>1</AllowDiscount>
      <ItemStatus>1</ItemStatus>
      <ItemId>231494</ItemId>
    </Item>
    <Item>
      <PriceUpdateDate>2015-01-01 00:00:00</PriceUpdateDate>
      <ItemCode>9951479</ItemCode>
      <ItemType>0</ItemType>
      <ItemName>תערובת הבית</ItemName>
      <ManufacturerName>,</ManufacturerName>
      <ManufactureCountry>לא ידוע</ManufactureCountry>
      <ManufacturerItemDescription>תערובת הבית</ManufacturerItemDescription>
      <UnitQty>קילוגרמים</UnitQty>
      <Quantity>1.00</Quantity>
      <UnitOfMeasure>ק"ג</UnitOfMeasure>
      <bIsWeighted>1</bIsWeighted>
      <QtyInPackage>לא ידוע</QtyInPackage>
      <ItemPrice>120.00</ItemPrice>
      <UnitOfMeasurePrice>120.0000</UnitOfMeasurePrice>
      <AllowDiscount>1</AllowDiscount>
      <ItemStatus>1</ItemStatus>
      <ItemId>231495</ItemId>
    </Item>
    <Item>
      <PriceUpdateDate>2015-01-01 00:00:00</PriceUpdateDate>
      <ItemCode>497457</ItemCode>
      <ItemType>0</ItemType>
      <ItemName>לחם דגנים ברמן 750 ג</ItemName>
      <ManufacturerName>מאפית י את א ברמן בע</ManufacturerName>
      <ManufactureCountry>לא ידוע</ManufactureCountry>
      <ManufacturerItemDescription>לחם דגנים ברמן 750 גרם</ManufacturerItemDescription>
      <UnitQty>גרמים</UnitQty>
      <Quantity>750.00</Quantity>
      <UnitOfMeasure>100 גרם</UnitOfMeasure>
      <bIsWeighted>0</bIsWeighted>
      <QtyInPackage>1</QtyInPackage>
      <ItemPrice>12.40</ItemPrice>
      <UnitOfMeasurePrice>1.6533</UnitOfMeasurePrice>
      <AllowDiscount>1</AllowDiscount>
      <ItemStatus>1</ItemStatus>
      <ItemId>231496</ItemId>
    </Item>
    <Item>
      <PriceUpdateDate>2015-01-01 00:00:00</PriceUpdateDate>
      <ItemCode>73490128332</ItemCode>
      <ItemType>0</ItemType>
      <ItemName>מיץ ענבים סמוק מוגז</ItemName>
      <ManufacturerName>,</ManufacturerName>
      <ManufactureCountry>לא ידוע</ManufactureCountry>
      <ManufacturerItemDescription>מיץ ענבים סמוק מוגז 750 מ"ל</ManufacturerItemDescription>
      <UnitQty>מיליליטרים</UnitQty>
      <Quantity>750.00</Quantity>
      <UnitOfMeasure>100 מ"ל</UnitOfMeasure>
      <bIsWeighted>0</bIsWeighted>
      <QtyInPackage>1</QtyInPackage>
      <ItemPrice>19.90</ItemPrice>
      <UnitOfMeasurePrice>2.6533</UnitOfMeasurePrice>
      <AllowDiscount>1</AllowDiscount>
      <ItemStatus>1</ItemStatus>
      <ItemId>231500</ItemId>
    </Item>
    <Item>
      <PriceUpdateDate>2015-01-01 00:00:00</PriceUpdateDate>
      <ItemCode>73490128493</ItemCode>
      <ItemType>0</ItemType>
      <ItemName>מיץ אפרסק מוגז 750 מ</ItemName>
      <ManufacturerName>,</ManufacturerName>
      <ManufactureCountry>לא ידוע</ManufactureCountry>
      <ManufacturerItemDescription>מיץ אפרסק מוגז 750 מ"ל</ManufacturerItemDescription>
      <UnitQty>מיליליטרים</UnitQty>
      <Quantity>750.00</Quantity>
      <UnitOfMeasure>100 מ"ל</UnitOfMeasure>
      <bIsWeighted>0</bIsWeighted>
      <QtyInPackage>1</QtyInPackage>
      <ItemPrice>19.90</ItemPrice>
      <UnitOfMeasurePrice>2.6533</UnitOfMeasurePrice>
      <AllowDiscount>1</AllowDiscount>
      <ItemStatus>1</ItemStatus>
      <ItemId>231501</ItemId>
    </Item>
    <Item>
      <PriceUpdateDate>2015-01-01 00:00:00</PriceUpdateDate>
      <ItemCode>73490128646</ItemCode>
      <ItemType>0</ItemType>
      <ItemName>מיץ ענבים פטל מוגז 7</ItemName>
      <ManufacturerName>,</ManufacturerName>
      <ManufactureCountry>לא ידוע</ManufactureCountry>
      <ManufacturerItemDescription>מיץ ענבים פטל מוגז 750 מ"ל</ManufacturerItemDescription>
      <UnitQty>מיליליטרים</UnitQty>
      <Quantity>750.00</Quantity>
      <UnitOfMeasure>100 מ"ל</UnitOfMeasure>
      <bIsWeighted>0</bIsWeighted>
      <QtyInPackage>1</QtyInPackage>
      <ItemPrice>19.90</ItemPrice>
      <UnitOfMeasurePrice>2.6533</UnitOfMeasurePrice>
      <AllowDiscount>1</AllowDiscount>
      <ItemStatus>1</ItemStatus>
      <ItemId>231502</ItemId>
    </Item>
    <Item>
      <PriceUpdateDate>2015-06-29 10:12:10</PriceUpdateDate>
      <ItemCode>4681807</ItemCode>
      <ItemType>0</ItemType>
      <ItemName>בשר מס 5 צרכני עטרה</ItemName>
      <ManufacturerName>עטרה</ManufacturerName>
      <ManufactureCountry>לא ידוע</ManufactureCountry>
      <ManufacturerItemDescription>בשר מס 5 צרכני עטרה</ManufacturerItemDescription>
      <UnitQty>קילוגרמים</UnitQty>
      <Quantity>1.00</Quantity>
      <UnitOfMeasure>ק"ג</UnitOfMeasure>
      <bIsWeighted>1</bIsWeighted>
      <QtyInPackage>לא ידוע</QtyInPackage>
      <ItemPrice>59.90</ItemPrice>
      <UnitOfMeasurePrice>59.9000</UnitOfMeasurePrice>
      <AllowDiscount>1</AllowDiscount>
      <ItemStatus>1</ItemStatus>
      <ItemId>248377</ItemId>
    </Item>
    <Item>
      <PriceUpdateDate>2015-01-01 00:00:00</PriceUpdateDate>
      <ItemCode>73490129292</ItemCode>
      <ItemType>0</ItemType>
      <ItemName>מיץ ענבים מוגז וויט</ItemName>
      <ManufacturerName>,</ManufacturerName>
      <ManufactureCountry>לא ידוע</ManufactureCountry>
      <ManufacturerItemDescription>מיץ ענבים מוגז וויט 750 מ"ל</ManufacturerItemDescription>
      <UnitQty>מיליליטרים</UnitQty>
      <Quantity>750.00</Quantity>
      <UnitOfMeasure>100 מ"ל</UnitOfMeasure>
      <bIsWeighted>0</bIsWeighted>
      <QtyInPackage>1</QtyInPackage>
      <ItemPrice>19.90</ItemPrice>
      <UnitOfMeasurePrice>2.6533</UnitOfMeasurePrice>
      <AllowDiscount>1</AllowDiscount>
      <ItemStatus>1</ItemStatus>
      <ItemId>231504</ItemId>
    </Item>
    <Item>
      <PriceUpdateDate>2015-01-01 00:00:00</PriceUpdateDate>
      <ItemCode>73490123627</ItemCode>
      <ItemType>0</ItemType>
      <ItemName>מיץ מוגז לבן 750 מ"ל</ItemName>
      <ManufacturerName>,</ManufacturerName>
      <ManufactureCountry>לא ידוע</ManufactureCountry>
      <ManufacturerItemDescription>מיץ מוגז לבן 750 מ"ל</ManufacturerItemDescription>
      <UnitQty>מיליליטרים</UnitQty>
      <Quantity>750.00</Quantity>
      <UnitOfMeasure>100 מ"ל</UnitOfMeasure>
      <bIsWeighted>0</bIsWeighted>
      <QtyInPackage>1</QtyInPackage>
      <ItemPrice>19.90</ItemPrice>
      <UnitOfMeasurePrice>2.6533</UnitOfMeasurePrice>
      <AllowDiscount>1</AllowDiscount>
      <ItemStatus>1</ItemStatus>
      <ItemId>231505</ItemId>
    </Item>
    <Item>
      <PriceUpdateDate>2015-01-01 00:00:00</PriceUpdateDate>
      <ItemCode>7290102060993</ItemCode>
      <ItemType>0</ItemType>
      <ItemName>משחת שיניים מרידול</ItemName>
      <ManufacturerName>קולגייט פלמוליב</ManufacturerName>
      <ManufactureCountry>פולין</ManufactureCountry>
      <ManufacturerItemDescription>משחת שיניים מרידול זוגות</ManufacturerItemDescription>
      <UnitQty>מיליליטרים</UnitQty>
      <Quantity>200.00</Quantity>
      <UnitOfMeasure>100 מ"ל</UnitOfMeasure>
      <bIsWeighted>0</bIsWeighted>
      <QtyInPackage>2</QtyInPackage>
      <ItemPrice>26.90</ItemPrice>
      <UnitOfMeasurePrice>13.4500</UnitOfMeasurePrice>
      <AllowDiscount>1</AllowDiscount>
      <ItemStatus>1</ItemStatus>
      <ItemId>231521</ItemId>
    </Item>
    <Item>
      <PriceUpdateDate>2015-01-01 00:00:00</PriceUpdateDate>
      <ItemCode>7290012116605</ItemCode>
      <ItemType>0</ItemType>
      <ItemName>משחת שיניים אורביטול</ItemName>
      <ManufacturerName>,</ManufacturerName>
      <ManufactureCountry>לא ידוע</ManufactureCountry>
      <ManufacturerItemDescription>משחת שיניים אורביטול להלבנה זוג +2 מברשו</ManufacturerItemDescription>
      <UnitQty>גרמים</UnitQty>
      <Quantity>290.00</Quantity>
      <UnitOfMeasure>100 גרם</UnitOfMeasure>
      <bIsWeighted>0</bIsWeighted>
      <QtyInPackage>1</QtyInPackage>
      <ItemPrice>14.90</ItemPrice>
      <UnitOfMeasurePrice>5.1379</UnitOfMeasurePrice>
      <AllowDiscount>1</AllowDiscount>
      <ItemStatus>1</ItemStatus>
      <ItemId>231561</ItemId>
    </Item>
    <Item>
      <PriceUpdateDate>2015-01-01 00:00:00</PriceUpdateDate>
      <ItemCode>9991703</ItemCode>
      <ItemType>0</ItemType>
      <ItemName>ברקוד לא בגיוון</ItemName>
      <ManufacturerName>,</ManufacturerName>
      <ManufactureCountry>לא ידוע</ManufactureCountry>
      <ManufacturerItemDescription>ברקוד לא בגיוון</ManufacturerItemDescription>
      <UnitQty>Unknown </UnitQty>
      <Quantity>0.00</Quantity>
      <UnitOfMeasure>Unknown </UnitOfMeasure>
      <bIsWeighted>0</bIsWeighted>
      <QtyInPackage>1</QtyInPackage>
      <ItemPrice>0.00</ItemPrice>
      <UnitOfMeasurePrice>0.0000</UnitOfMeasurePrice>
      <AllowDiscount>1</AllowDiscount>
      <ItemStatus>1</ItemStatus>
      <ItemId>231562</ItemId>
    </Item>
    <Item>
      <PriceUpdateDate>2015-01-01 00:00:00</PriceUpdateDate>
      <ItemCode>7290102060986</ItemCode>
      <ItemType>0</ItemType>
      <ItemName>משחת שיניים אלמקס זו</ItemName>
      <ManufacturerName>,</ManufacturerName>
      <ManufactureCountry>לא ידוע</ManufactureCountry>
      <ManufacturerItemDescription>משחת שיניים אלמקס זוגות</ManufacturerItemDescription>
      <UnitQty>גרמים</UnitQty>
      <Quantity>200.00</Quantity>
      <UnitOfMeasure>100 גרם</UnitOfMeasure>
      <bIsWeighted>0</bIsWeighted>
      <QtyInPackage>1</QtyInPackage>
      <ItemPrice>26.90</ItemPrice>
      <UnitOfMeasurePrice>13.4500</UnitOfMeasurePrice>
      <AllowDiscount>1</AllowDiscount>
      <ItemStatus>1</ItemStatus>
      <ItemId>231576</ItemId>
    </Item>
    <Item>
      <PriceUpdateDate>2015-01-01 00:00:00</PriceUpdateDate>
      <ItemCode>7290011765323</ItemCode>
      <ItemType>0</ItemType>
      <ItemName>מברשת שיניים ילדים א</ItemName>
      <ManufacturerName>z h plastic</ManufacturerName>
      <ManufactureCountry>לא ידוע</ManufactureCountry>
      <ManufacturerItemDescription>מברשת שיניים ילדים אורביטול</ManufacturerItemDescription>
      <UnitQty>Unknown </UnitQty>
      <Quantity>0.00</Quantity>
      <UnitOfMeasure>Unknown </UnitOfMeasure>
      <bIsWeighted>0</bIsWeighted>
      <QtyInPackage>1</QtyInPackage>
      <ItemPrice>9.90</ItemPrice>
      <UnitOfMeasurePrice>0.0000</UnitOfMeasurePrice>
      <AllowDiscount>1</AllowDiscount>
      <ItemStatus>1</ItemStatus>
      <ItemId>231578</ItemId>
    </Item>
    <Item>
      <PriceUpdateDate>2015-01-01 00:00:00</PriceUpdateDate>
      <ItemCode>7290011598457</ItemCode>
      <ItemType>0</ItemType>
      <ItemName>נייר טואלט סופט פרש</ItemName>
      <ManufacturerName>סנו</ManufacturerName>
      <ManufactureCountry>לא ידוע</ManufactureCountry>
      <ManufacturerItemDescription>נ. טואלט סופט פרש לבן 48 גליל</ManufacturerItemDescription>
      <UnitQty>Unknown </UnitQty>
      <Quantity>0.00</Quantity>
      <UnitOfMeasure>Unknown </UnitOfMeasure>
      <bIsWeighted>0</bIsWeighted>
      <QtyInPackage>1</QtyInPackage>
      <ItemPrice>34.90</ItemPrice>
      <UnitOfMeasurePrice>0.0000</UnitOfMeasurePrice>
      <AllowDiscount>1</AllowDiscount>
      <ItemStatus>1</ItemStatus>
      <ItemId>231579</ItemId>
    </Item>
    <Item>
      <PriceUpdateDate>2015-01-01 00:00:00</PriceUpdateDate>
      <ItemCode>4015400264491</ItemCode>
      <ItemType>0</ItemType>
      <ItemName>פמפרס ניו בייבי 43 י</ItemName>
      <ManufacturerName>פרוקטר</ManufacturerName>
      <ManufactureCountry>לא ידוע</ManufactureCountry>
      <ManufacturerItemDescription>פמפרס ניו בייבי 43 יח</ManufacturerItemDescription>
      <UnitQty>Unknown </UnitQty>
      <Quantity>0.00</Quantity>
      <UnitOfMeasure>Unknown </UnitOfMeasure>
      <bIsWeighted>0</bIsWeighted>
      <QtyInPackage>1</QtyInPackage>
      <ItemPrice>29.90</ItemPrice>
      <UnitOfMeasurePrice>0.0000</UnitOfMeasurePrice>
      <AllowDiscount>1</AllowDiscount>
      <ItemStatus>1</ItemStatus>
      <ItemId>231591</ItemId>
    </Item>
    <Item>
      <PriceUpdateDate>2016-02-11 13:45:53</PriceUpdateDate>
      <ItemCode>7290102392254</ItemCode>
      <ItemType>0</ItemType>
      <ItemName>חלב 1% בקרטון 2 ליטר</ItemName>
      <ManufacturerName>טרה</ManufacturerName>
      <ManufactureCountry>לא ידוע</ManufactureCountry>
      <ManufacturerItemDescription>חלב 1% בקרטון 2 ליטר</ManufacturerItemDescription>
      <UnitQty>ליטרים</UnitQty>
      <Quantity>2.00</Quantity>
      <UnitOfMeasure>ליטר    </UnitOfMeasure>
      <bIsWeighted>0</bIsWeighted>
      <QtyInPackage>1</QtyInPackage>
      <ItemPrice>10.60</ItemPrice>
      <UnitOfMeasurePrice>5.3000</UnitOfMeasurePrice>
      <AllowDiscount>1</AllowDiscount>
      <ItemStatus>1</ItemStatus>
      <ItemId>231595</ItemId>
    </Item>
    <Item>
      <PriceUpdateDate>2015-01-01 00:00:00</PriceUpdateDate>
      <ItemCode>7290102392711</ItemCode>
      <ItemType>0</ItemType>
      <ItemName>מולר נטורל 1.7% 200</ItemName>
      <ManufacturerName>טרה</ManufacturerName>
      <ManufactureCountry>לא ידוע</ManufactureCountry>
      <ManufacturerItemDescription>מולר נטורל 1.7% 200 גרם</ManufacturerItemDescription>
      <UnitQty>גרמים</UnitQty>
      <Quantity>200.00</Quantity>
      <UnitOfMeasure>100 גרם</UnitOfMeasure>
      <bIsWeighted>0</bIsWeighted>
      <QtyInPackage>1</QtyInPackage>
      <ItemPrice>3.70</ItemPrice>
      <UnitOfMeasurePrice>1.8500</UnitOfMeasurePrice>
      <AllowDiscount>1</AllowDiscount>
      <ItemStatus>1</ItemStatus>
      <ItemId>231596</ItemId>
    </Item>
    <Item>
      <PriceUpdateDate>2015-01-01 00:00:00</PriceUpdateDate>
      <ItemCode>7290011486402</ItemCode>
      <ItemType>0</ItemType>
      <ItemName>שוקולד ציפס 60% 250</ItemName>
      <ManufacturerName>,</ManufacturerName>
      <ManufactureCountry>לא ידוע</ManufactureCountry>
      <ManufacturerItemDescription>שוקולד ציפס 60% 250 גרם בד"צ עד"ח</ManufacturerItemDescription>
      <UnitQty>גרמים</UnitQty>
      <Quantity>400.00</Quantity>
      <UnitOfMeasure>100 גרם</UnitOfMeasure>
      <bIsWeighted>0</bIsWeighted>
      <QtyInPackage>1</QtyInPackage>
      <ItemPrice>9.90</ItemPrice>
      <UnitOfMeasurePrice>2.4750</UnitOfMeasurePrice>
      <AllowDiscount>1</AllowDiscount>
      <ItemStatus>1</ItemStatus>
      <ItemId>231612</ItemId>
    </Item>
    <Item>
      <PriceUpdateDate>2015-01-01 00:00:00</PriceUpdateDate>
      <ItemCode>48256222203</ItemCode>
      <ItemType>0</ItemType>
      <ItemName>אסטוניש משחה לתנור</ItemName>
      <ManufacturerName>,</ManufacturerName>
      <ManufactureCountry>לא ידוע</ManufactureCountry>
      <ManufacturerItemDescription>אסטוניש משחה לתנור  500 מ"ל</ManufacturerItemDescription>
      <UnitQty>מיליליטרים</UnitQty>
      <Quantity>500.00</Quantity>
      <UnitOfMeasure>100 מ"ל</UnitOfMeasure>
      <bIsWeighted>0</bIsWeighted>
      <QtyInPackage>1</QtyInPackage>
      <ItemPrice>15.90</ItemPrice>
      <UnitOfMeasurePrice>3.1800</UnitOfMeasurePrice>
      <AllowDiscount>1</AllowDiscount>
      <ItemStatus>1</ItemStatus>
      <ItemId>231630</ItemId>
    </Item>
    <Item>
      <PriceUpdateDate>2015-01-01 00:00:00</PriceUpdateDate>
      <ItemCode>6618085</ItemCode>
      <ItemType>0</ItemType>
      <ItemName>אסטוניש מרסס לאמבט 7</ItemName>
      <ManufacturerName>,</ManufacturerName>
      <ManufactureCountry>לא ידוע</ManufactureCountry>
      <ManufacturerItemDescription>אסטוניש מרסס לאמבט 750 מ"ל</ManufacturerItemDescription>
      <UnitQty>גרמים</UnitQty>
      <Quantity>750.00</Quantity>
      <UnitOfMeasure>100 גרם</UnitOfMeasure>
      <bIsWeighted>0</bIsWeighted>
      <QtyInPackage>1</QtyInPackage>
      <ItemPrice>11.90</ItemPrice>
      <UnitOfMeasurePrice>1.5867</UnitOfMeasurePrice>
      <AllowDiscount>1</AllowDiscount>
      <ItemStatus>1</ItemStatus>
      <ItemId>231634</ItemId>
    </Item>
    <Item>
      <PriceUpdateDate>2016-04-01 08:26:26</PriceUpdateDate>
      <ItemCode>68299</ItemCode>
      <ItemType>0</ItemType>
      <ItemName>מנה חמה פירה ותפו"א</ItemName>
      <ManufacturerName>אסם</ManufacturerName>
      <ManufactureCountry>לא ידוע</ManufactureCountry>
      <ManufacturerItemDescription>מנה חמה פירה ותפו"א 47 גרם</ManufacturerItemDescription>
      <UnitQty>גרמים</UnitQty>
      <Quantity>47.00</Quantity>
      <UnitOfMeasure>100 גרם</UnitOfMeasure>
      <bIsWeighted>0</bIsWeighted>
      <QtyInPackage>1</QtyInPackage>
      <ItemPrice>5.90</ItemPrice>
      <UnitOfMeasurePrice>12.5532</UnitOfMeasurePrice>
      <AllowDiscount>1</AllowDiscount>
      <ItemStatus>1</ItemStatus>
      <ItemId>231636</ItemId>
    </Item>
    <Item>
      <PriceUpdateDate>2015-01-01 00:00:00</PriceUpdateDate>
      <ItemCode>598376</ItemCode>
      <ItemType>0</ItemType>
      <ItemName>מצה שמורה 2 ק"ג כשל"</ItemName>
      <ManufacturerName>,</ManufacturerName>
      <ManufactureCountry>לא ידוע</ManufactureCountry>
      <ManufacturerItemDescription>מצה שמורה 2 ק"ג כשל"פ בד"צ</ManufacturerItemDescription>
      <UnitQty>קילוגרמים</UnitQty>
      <Quantity>2.00</Quantity>
      <UnitOfMeasure>ק"ג     </UnitOfMeasure>
      <bIsWeighted>0</bIsWeighted>
      <QtyInPackage>1</QtyInPackage>
      <ItemPrice>85.90</ItemPrice>
      <UnitOfMeasurePrice>42.9500</UnitOfMeasurePrice>
      <AllowDiscount>1</AllowDiscount>
      <ItemStatus>1</ItemStatus>
      <ItemId>231664</ItemId>
    </Item>
    <Item>
      <PriceUpdateDate>2015-01-01 00:00:00</PriceUpdateDate>
      <ItemCode>598239</ItemCode>
      <ItemType>0</ItemType>
      <ItemName>קמח מצה ירושלמי 500</ItemName>
      <ManufacturerName>מצות יהודה</ManufacturerName>
      <ManufactureCountry>ישראל</ManufactureCountry>
      <ManufacturerItemDescription>קמח מצה ירושלמי 500 גרם בקופסא כשלפ בד</ManufacturerItemDescription>
      <UnitQty>גרמים</UnitQty>
      <Quantity>500.00</Quantity>
      <UnitOfMeasure>100 גרם</UnitOfMeasure>
      <bIsWeighted>0</bIsWeighted>
      <QtyInPackage>1</QtyInPackage>
      <ItemPrice>17.90</ItemPrice>
      <UnitOfMeasurePrice>3.5800</UnitOfMeasurePrice>
      <AllowDiscount>1</AllowDiscount>
      <ItemStatus>1</ItemStatus>
      <ItemId>231667</ItemId>
    </Item>
    <Item>
      <PriceUpdateDate>2015-01-01 00:00:00</PriceUpdateDate>
      <ItemCode>598024</ItemCode>
      <ItemType>0</ItemType>
      <ItemName>קמח מצה לעוגות ירושל</ItemName>
      <ManufacturerName>,</ManufacturerName>
      <ManufactureCountry>לא ידוע</ManufactureCountry>
      <ManufacturerItemDescription>קמח מצה לעוגות ירושלמי 500 גרם בקופסא</ManufacturerItemDescription>
      <UnitQty>גרמים</UnitQty>
      <Quantity>500.00</Quantity>
      <UnitOfMeasure>100 גרם</UnitOfMeasure>
      <bIsWeighted>0</bIsWeighted>
      <QtyInPackage>1</QtyInPackage>
      <ItemPrice>21.90</ItemPrice>
      <UnitOfMeasurePrice>4.3800</UnitOfMeasurePrice>
      <AllowDiscount>1</AllowDiscount>
      <ItemStatus>1</ItemStatus>
      <ItemId>231668</ItemId>
    </Item>
    <Item>
      <PriceUpdateDate>2015-01-01 00:00:00</PriceUpdateDate>
      <ItemCode>769904000607</ItemCode>
      <ItemType>0</ItemType>
      <ItemName>שקדי מרק 200 גרם</ItemName>
      <ManufacturerName>,</ManufacturerName>
      <ManufactureCountry>לא ידוע</ManufactureCountry>
      <ManufacturerItemDescription>שקדי מרק 200 גרם ללא גלוטן</ManufacturerItemDescription>
      <UnitQty>גרמים</UnitQty>
      <Quantity>200.00</Quantity>
      <UnitOfMeasure>100 גרם</UnitOfMeasure>
      <bIsWeighted>0</bIsWeighted>
      <QtyInPackage>1</QtyInPackage>
      <ItemPrice>9.90</ItemPrice>
      <UnitOfMeasurePrice>4.9500</UnitOfMeasurePrice>
      <AllowDiscount>1</AllowDiscount>
      <ItemStatus>1</ItemStatus>
      <ItemId>231673</ItemId>
    </Item>
    <Item>
      <PriceUpdateDate>2016-04-18 18:06:13</PriceUpdateDate>
      <ItemCode>70970459986</ItemCode>
      <ItemType>1</ItemType>
      <ItemName>סוכריות מייק &amp; אייק</ItemName>
      <ManufacturerName>,</ManufacturerName>
      <ManufactureCountry>לא ידוע</ManufactureCountry>
      <ManufacturerItemDescription>סוכריות מייק &amp; אייק בטעם טאנגי טוויסט</ManufacturerItemDescription>
      <UnitQty>גרמים</UnitQty>
      <Quantity>528.00</Quantity>
      <UnitOfMeasure>100 גרם</UnitOfMeasure>
      <bIsWeighted>0</bIsWeighted>
      <QtyInPackage>1</QtyInPackage>
      <ItemPrice>14.90</ItemPrice>
      <UnitOfMeasurePrice>2.8220</UnitOfMeasurePrice>
      <AllowDiscount>1</AllowDiscount>
      <ItemStatus>1</ItemStatus>
      <ItemId>267977</ItemId>
    </Item>
    <Item>
      <PriceUpdateDate>2015-01-01 00:00:00</PriceUpdateDate>
      <ItemCode>5200786</ItemCode>
      <ItemType>0</ItemType>
      <ItemName>תפוציפס שמנת בצל 50</ItemName>
      <ManufacturerName>,</ManufacturerName>
      <ManufactureCountry>לא ידוע</ManufactureCountry>
      <ManufacturerItemDescription>תפוציפס שמנת בצל 50 גר</ManufacturerItemDescription>
      <UnitQty>גרמים</UnitQty>
      <Quantity>50.00</Quantity>
      <UnitOfMeasure>100 גרם</UnitOfMeasure>
      <bIsWeighted>0</bIsWeighted>
      <QtyInPackage>1</QtyInPackage>
      <ItemPrice>3.50</ItemPrice>
      <UnitOfMeasurePrice>7.0000</UnitOfMeasurePrice>
      <AllowDiscount>1</AllowDiscount>
      <ItemStatus>1</ItemStatus>
      <ItemId>231688</ItemId>
    </Item>
    <Item>
      <PriceUpdateDate>2016-04-18 18:06:13</PriceUpdateDate>
      <ItemCode>7290000909387</ItemCode>
      <ItemType>1</ItemType>
      <ItemName>ניוקי דרומי 1 ק"ג</ItemName>
      <ManufacturerName>,</ManufacturerName>
      <ManufactureCountry>לא ידוע</ManufactureCountry>
      <ManufacturerItemDescription>ניוקי דרומי 1 ק"ג</ManufacturerItemDescription>
      <UnitQty>קילוגרמים</UnitQty>
      <Quantity>1.00</Quantity>
      <UnitOfMeasure>ק"ג     </UnitOfMeasure>
      <bIsWeighted>0</bIsWeighted>
      <QtyInPackage>1</QtyInPackage>
      <ItemPrice>9.90</ItemPrice>
      <UnitOfMeasurePrice>9.9000</UnitOfMeasurePrice>
      <AllowDiscount>1</AllowDiscount>
      <ItemStatus>1</ItemStatus>
      <ItemId>267978</ItemId>
    </Item>
    <Item>
      <PriceUpdateDate>2015-05-07 15:01:10</PriceUpdateDate>
      <ItemCode>7290104962745</ItemCode>
      <ItemType>0</ItemType>
      <ItemName>סקינגארד ספריי + 50%</ItemName>
      <ManufacturerName>קרליין</ManufacturerName>
      <ManufactureCountry>לא ידוע</ManufactureCountry>
      <ManufacturerItemDescription>סקינגארד ספריי + 50% תוספת</ManufacturerItemDescription>
      <UnitQty>מיליליטרים</UnitQty>
      <Quantity>300.00</Quantity>
      <UnitOfMeasure>100 מ"ל</UnitOfMeasure>
      <bIsWeighted>0</bIsWeighted>
      <QtyInPackage>1</QtyInPackage>
      <ItemPrice>39.90</ItemPrice>
      <UnitOfMeasurePrice>13.3000</UnitOfMeasurePrice>
      <AllowDiscount>1</AllowDiscount>
      <ItemStatus>1</ItemStatus>
      <ItemId>255464</ItemId>
    </Item>
    <Item>
      <PriceUpdateDate>2016-06-02 15:36:14</PriceUpdateDate>
      <ItemCode>7290010654741</ItemCode>
      <ItemType>1</ItemType>
      <ItemName>גבינת שמנת זיתים 5%</ItemName>
      <ManufacturerName>בר בכפר די אנד די</ManufacturerName>
      <ManufactureCountry>ישראל</ManufactureCountry>
      <ManufacturerItemDescription>גבינת שמנת זיתים 5% 200 גרם</ManufacturerItemDescription>
      <UnitQty>גרמים</UnitQty>
      <Quantity>200.00</Quantity>
      <UnitOfMeasure>100 גרם</UnitOfMeasure>
      <bIsWeighted>0</bIsWeighted>
      <QtyInPackage>1</QtyInPackage>
      <ItemPrice>7.90</ItemPrice>
      <UnitOfMeasurePrice>3.9500</UnitOfMeasurePrice>
      <AllowDiscount>1</AllowDiscount>
      <ItemStatus>1</ItemStatus>
      <ItemId>268357</ItemId>
    </Item>
    <Item>
      <PriceUpdateDate>2015-01-01 00:00:00</PriceUpdateDate>
      <ItemCode>7290012929656</ItemCode>
      <ItemType>0</ItemType>
      <ItemName>ממרח שוקולד שמן דקלי</ItemName>
      <ManufacturerName>,</ManufacturerName>
      <ManufactureCountry>לא ידוע</ManufactureCountry>
      <ManufacturerItemDescription>ממרח שוקולד כשל"פ שמן דקלים בד"צ</ManufacturerItemDescription>
      <UnitQty>Unknown </UnitQty>
      <Quantity>0.00</Quantity>
      <UnitOfMeasure>Unknown </UnitOfMeasure>
      <bIsWeighted>0</bIsWeighted>
      <QtyInPackage>1</QtyInPackage>
      <ItemPrice>5.90</ItemPrice>
      <UnitOfMeasurePrice>0.0000</UnitOfMeasurePrice>
      <AllowDiscount>1</AllowDiscount>
      <ItemStatus>1</ItemStatus>
      <ItemId>231704</ItemId>
    </Item>
    <Item>
      <PriceUpdateDate>2015-01-01 00:00:00</PriceUpdateDate>
      <ItemCode>4956332</ItemCode>
      <ItemType>0</ItemType>
      <ItemName>עוגת פס וניל 450 גרם</ItemName>
      <ManufacturerName>,</ManufacturerName>
      <ManufactureCountry>לא ידוע</ManufactureCountry>
      <ManufacturerItemDescription>עוגת פס וניל לנדאוס 450 גרם ללא גלוטן</ManufacturerItemDescription>
      <UnitQty>גרמים</UnitQty>
      <Quantity>100.00</Quantity>
      <UnitOfMeasure>100 גרם</UnitOfMeasure>
      <bIsWeighted>0</bIsWeighted>
      <QtyInPackage>1</QtyInPackage>
      <ItemPrice>18.90</ItemPrice>
      <UnitOfMeasurePrice>18.9000</UnitOfMeasurePrice>
      <AllowDiscount>1</AllowDiscount>
      <ItemStatus>1</ItemStatus>
      <ItemId>231709</ItemId>
    </Item>
    <Item>
      <PriceUpdateDate>2015-06-14 11:46:04</PriceUpdateDate>
      <ItemCode>7290015652087</ItemCode>
      <ItemType>0</ItemType>
      <ItemName>תערובת פיצוחים 150 ג</ItemName>
      <ManufacturerName>,</ManufacturerName>
      <ManufactureCountry>לא ידוע</ManufactureCountry>
      <ManufacturerItemDescription>תערובת פיצוחים 150 גרם</ManufacturerItemDescription>
      <UnitQty>גרמים</UnitQty>
      <Quantity>150.00</Quantity>
      <UnitOfMeasure>100 גרם</UnitOfMeasure>
      <bIsWeighted>0</bIsWeighted>
      <QtyInPackage>1</QtyInPackage>
      <ItemPrice>9.90</ItemPrice>
      <UnitOfMeasurePrice>6.6000</UnitOfMeasurePrice>
      <AllowDiscount>1</AllowDiscount>
      <ItemStatus>1</ItemStatus>
      <ItemId>259845</ItemId>
    </Item>
    <Item>
      <PriceUpdateDate>2016-04-18 18:06:14</PriceUpdateDate>
      <ItemCode>7290022005432</ItemCode>
      <ItemType>1</ItemType>
      <ItemName>קמח שמרים דרומי 2.2</ItemName>
      <ManufacturerName>,</ManufacturerName>
      <ManufactureCountry>לא ידוע</ManufactureCountry>
      <ManufacturerItemDescription>קמח שמרים דרומי 2.2 ק"ג</ManufacturerItemDescription>
      <UnitQty>קילוגרמים</UnitQty>
      <Quantity>2.20</Quantity>
      <UnitOfMeasure>ק"ג     </UnitOfMeasure>
      <bIsWeighted>0</bIsWeighted>
      <QtyInPackage>1</QtyInPackage>
      <ItemPrice>4.90</ItemPrice>
      <UnitOfMeasurePrice>2.2273</UnitOfMeasurePrice>
      <AllowDiscount>1</AllowDiscount>
      <ItemStatus>1</ItemStatus>
      <ItemId>267979</ItemId>
    </Item>
    <Item>
      <PriceUpdateDate>2015-01-01 00:00:00</PriceUpdateDate>
      <ItemCode>7290010541973</ItemCode>
      <ItemType>0</ItemType>
      <ItemName>אביזרי שיער 4</ItemName>
      <ManufacturerName>,</ManufacturerName>
      <ManufactureCountry>לא ידוע</ManufactureCountry>
      <ManufacturerItemDescription>אביזרי שיער 4</ManufacturerItemDescription>
      <UnitQty>Unknown </UnitQty>
      <Quantity>0.00</Quantity>
      <UnitOfMeasure>Unknown </UnitOfMeasure>
      <bIsWeighted>0</bIsWeighted>
      <QtyInPackage>1</QtyInPackage>
      <ItemPrice>3.90</ItemPrice>
      <UnitOfMeasurePrice>0.0000</UnitOfMeasurePrice>
      <AllowDiscount>1</AllowDiscount>
      <ItemStatus>1</ItemStatus>
      <ItemId>231737</ItemId>
    </Item>
    <Item>
      <PriceUpdateDate>2015-01-01 00:00:00</PriceUpdateDate>
      <ItemCode>2405856</ItemCode>
      <ItemType>0</ItemType>
      <ItemName>מצות קמח מלא 1 ק"ג</ItemName>
      <ManufacturerName>,</ManufacturerName>
      <ManufactureCountry>לא ידוע</ManufactureCountry>
      <ManufacturerItemDescription>מצות קמח מלא 1 ק"ג רבנות פ"ת</ManufacturerItemDescription>
      <UnitQty>קילוגרמים</UnitQty>
      <Quantity>1.00</Quantity>
      <UnitOfMeasure>ק"ג     </UnitOfMeasure>
      <bIsWeighted>0</bIsWeighted>
      <QtyInPackage>1</QtyInPackage>
      <ItemPrice>29.90</ItemPrice>
      <UnitOfMeasurePrice>29.9000</UnitOfMeasurePrice>
      <AllowDiscount>1</AllowDiscount>
      <ItemStatus>1</ItemStatus>
      <ItemId>231742</ItemId>
    </Item>
    <Item>
      <PriceUpdateDate>2015-01-01 00:00:00</PriceUpdateDate>
      <ItemCode>2405894</ItemCode>
      <ItemType>0</ItemType>
      <ItemName>מצות סובין קלה 400 ג</ItemName>
      <ManufacturerName>,</ManufacturerName>
      <ManufactureCountry>לא ידוע</ManufactureCountry>
      <ManufacturerItemDescription>מצות סובין קלה 300 גרם רבנות פ"ת</ManufacturerItemDescription>
      <UnitQty>גרמים</UnitQty>
      <Quantity>300.00</Quantity>
      <UnitOfMeasure>100 גרם</UnitOfMeasure>
      <bIsWeighted>0</bIsWeighted>
      <QtyInPackage>1</QtyInPackage>
      <ItemPrice>15.90</ItemPrice>
      <UnitOfMeasurePrice>5.3000</UnitOfMeasurePrice>
      <AllowDiscount>1</AllowDiscount>
      <ItemStatus>1</ItemStatus>
      <ItemId>231743</ItemId>
    </Item>
    <Item>
      <PriceUpdateDate>2015-01-01 00:00:00</PriceUpdateDate>
      <ItemCode>2405900</ItemCode>
      <ItemType>0</ItemType>
      <ItemName>קמח מצות 500 גרם</ItemName>
      <ManufacturerName>מצות כרמל</ManufacturerName>
      <ManufactureCountry>לא ידוע</ManufactureCountry>
      <ManufacturerItemDescription>קמח מצות 500 גרם</ManufacturerItemDescription>
      <UnitQty>גרמים</UnitQty>
      <Quantity>500.00</Quantity>
      <UnitOfMeasure>100 גרם</UnitOfMeasure>
      <bIsWeighted>0</bIsWeighted>
      <QtyInPackage>1</QtyInPackage>
      <ItemPrice>3.90</ItemPrice>
      <UnitOfMeasurePrice>0.7800</UnitOfMeasurePrice>
      <AllowDiscount>1</AllowDiscount>
      <ItemStatus>1</ItemStatus>
      <ItemId>231750</ItemId>
    </Item>
    <Item>
      <PriceUpdateDate>2015-01-01 00:00:00</PriceUpdateDate>
      <ItemCode>23809</ItemCode>
      <ItemType>0</ItemType>
      <ItemName>יין קלאסיק קברנה 750</ItemName>
      <ManufacturerName>ברקן סגל</ManufacturerName>
      <ManufactureCountry>לא ידוע</ManufactureCountry>
      <ManufacturerItemDescription>יין קלאסיק קברנה 750 מ"ל</ManufacturerItemDescription>
      <UnitQty>מיליליטרים</UnitQty>
      <Quantity>750.00</Quantity>
      <UnitOfMeasure>100 מ"ל</UnitOfMeasure>
      <bIsWeighted>0</bIsWeighted>
      <QtyInPackage>1</QtyInPackage>
      <ItemPrice>24.90</ItemPrice>
      <UnitOfMeasurePrice>3.3200</UnitOfMeasurePrice>
      <AllowDiscount>1</AllowDiscount>
      <ItemStatus>1</ItemStatus>
      <ItemId>231753</ItemId>
    </Item>
    <Item>
      <PriceUpdateDate>2015-01-01 00:00:00</PriceUpdateDate>
      <ItemCode>902609</ItemCode>
      <ItemType>0</ItemType>
      <ItemName>מיחזור אריזה בקבוק 1</ItemName>
      <ManufacturerName>,</ManufacturerName>
      <ManufactureCountry>לא ידוע</ManufactureCountry>
      <ManufacturerItemDescription>מיחזור אריזה בקבוק 12 יח</ManufacturerItemDescription>
      <UnitQty>Unknown </UnitQty>
      <Quantity>0.00</Quantity>
      <UnitOfMeasure>Unknown </UnitOfMeasure>
      <bIsWeighted>0</bIsWeighted>
      <QtyInPackage>1</QtyInPackage>
      <ItemPrice>3.60</ItemPrice>
      <UnitOfMeasurePrice>0.0000</UnitOfMeasurePrice>
      <AllowDiscount>1</AllowDiscount>
      <ItemStatus>1</ItemStatus>
      <ItemId>231754</ItemId>
    </Item>
    <Item>
      <PriceUpdateDate>2015-01-01 00:00:00</PriceUpdateDate>
      <ItemCode>902616</ItemCode>
      <ItemType>0</ItemType>
      <ItemName>מיחזור אריזה 4 יח</ItemName>
      <ManufacturerName>,</ManufacturerName>
      <ManufactureCountry>לא ידוע</ManufactureCountry>
      <ManufacturerItemDescription>מיחזור אריזה 4 יח</ManufacturerItemDescription>
      <UnitQty>Unknown </UnitQty>
      <Quantity>0.00</Quantity>
      <UnitOfMeasure>Unknown </UnitOfMeasure>
      <bIsWeighted>0</bIsWeighted>
      <QtyInPackage>1</QtyInPackage>
      <ItemPrice>1.20</ItemPrice>
      <UnitOfMeasurePrice>0.0000</UnitOfMeasurePrice>
      <AllowDiscount>1</AllowDiscount>
      <ItemStatus>1</ItemStatus>
      <ItemId>231758</ItemId>
    </Item>
    <Item>
      <PriceUpdateDate>2015-01-01 00:00:00</PriceUpdateDate>
      <ItemCode>2348306</ItemCode>
      <ItemType>0</ItemType>
      <ItemName>לפתן קוקטייל פירות</ItemName>
      <ManufacturerName>ויליגר</ManufacturerName>
      <ManufactureCountry>לא ידוע</ManufactureCountry>
      <ManufacturerItemDescription>לפתן קוקטייל פירות 820 גרם</ManufacturerItemDescription>
      <UnitQty>גרמים</UnitQty>
      <Quantity>820.00</Quantity>
      <UnitOfMeasure>100 גרם</UnitOfMeasure>
      <bIsWeighted>0</bIsWeighted>
      <QtyInPackage>1</QtyInPackage>
      <ItemPrice>6.90</ItemPrice>
      <UnitOfMeasurePrice>0.8415</UnitOfMeasurePrice>
      <AllowDiscount>1</AllowDiscount>
      <ItemStatus>1</ItemStatus>
      <ItemId>231835</ItemId>
    </Item>
    <Item>
      <PriceUpdateDate>2015-01-01 00:00:00</PriceUpdateDate>
      <ItemCode>4011284</ItemCode>
      <ItemType>0</ItemType>
      <ItemName>בסיס להכנת קצפת ריצ</ItemName>
      <ManufacturerName>ריץ</ManufacturerName>
      <ManufactureCountry>לא ידוע</ManufactureCountry>
      <ManufacturerItemDescription>בסיס להכנת קצפת ריצ 212 מ"ל</ManufacturerItemDescription>
      <UnitQty>מיליליטרים</UnitQty>
      <Quantity>212.00</Quantity>
      <UnitOfMeasure>100 מ"ל</UnitOfMeasure>
      <bIsWeighted>0</bIsWeighted>
      <QtyInPackage>1</QtyInPackage>
      <ItemPrice>9.50</ItemPrice>
      <UnitOfMeasurePrice>4.4811</UnitOfMeasurePrice>
      <AllowDiscount>1</AllowDiscount>
      <ItemStatus>1</ItemStatus>
      <ItemId>231892</ItemId>
    </Item>
    <Item>
      <PriceUpdateDate>2015-01-01 00:00:00</PriceUpdateDate>
      <ItemCode>4011260</ItemCode>
      <ItemType>0</ItemType>
      <ItemName>ריצ לקפה 427 מ"ל</ItemName>
      <ManufacturerName>ריץ</ManufacturerName>
      <ManufactureCountry>לא ידוע</ManufactureCountry>
      <ManufacturerItemDescription>ריצ לקפה 427 מ"ל</ManufacturerItemDescription>
      <UnitQty>מיליליטרים</UnitQty>
      <Quantity>427.00</Quantity>
      <UnitOfMeasure>100 מ"ל</UnitOfMeasure>
      <bIsWeighted>0</bIsWeighted>
      <QtyInPackage>1</QtyInPackage>
      <ItemPrice>9.90</ItemPrice>
      <UnitOfMeasurePrice>2.3185</UnitOfMeasurePrice>
      <AllowDiscount>1</AllowDiscount>
      <ItemStatus>1</ItemStatus>
      <ItemId>231894</ItemId>
    </Item>
    <Item>
      <PriceUpdateDate>2015-01-01 00:00:00</PriceUpdateDate>
      <ItemCode>4011277</ItemCode>
      <ItemType>0</ItemType>
      <ItemName>ריצ בישול והקרמה 220</ItemName>
      <ManufacturerName>ריץ</ManufacturerName>
      <ManufactureCountry>לא ידוע</ManufactureCountry>
      <ManufacturerItemDescription>ריצ בישול והקרמה 220 מ"ל</ManufacturerItemDescription>
      <UnitQty>מיליליטרים</UnitQty>
      <Quantity>220.00</Quantity>
      <UnitOfMeasure>100 מ"ל</UnitOfMeasure>
      <bIsWeighted>0</bIsWeighted>
      <QtyInPackage>1</QtyInPackage>
      <ItemPrice>8.90</ItemPrice>
      <UnitOfMeasurePrice>4.0455</UnitOfMeasurePrice>
      <AllowDiscount>1</AllowDiscount>
      <ItemStatus>1</ItemStatus>
      <ItemId>231895</ItemId>
    </Item>
    <Item>
      <PriceUpdateDate>2015-01-01 00:00:00</PriceUpdateDate>
      <ItemCode>2131380</ItemCode>
      <ItemType>0</ItemType>
      <ItemName>עוף מס 1 הידורים בד"</ItemName>
      <ManufacturerName>,</ManufacturerName>
      <ManufactureCountry>לא ידוע</ManufactureCountry>
      <ManufacturerItemDescription>עוף מס 1 הידורים בד"צ העדה החרדית</ManufacturerItemDescription>
      <UnitQty>קילוגרמים</UnitQty>
      <Quantity>1.00</Quantity>
      <UnitOfMeasure>ק"ג</UnitOfMeasure>
      <bIsWeighted>1</bIsWeighted>
      <QtyInPackage>לא ידוע</QtyInPackage>
      <ItemPrice>25.90</ItemPrice>
      <UnitOfMeasurePrice>25.9000</UnitOfMeasurePrice>
      <AllowDiscount>1</AllowDiscount>
      <ItemStatus>1</ItemStatus>
      <ItemId>231926</ItemId>
    </Item>
    <Item>
      <PriceUpdateDate>2015-01-01 00:00:00</PriceUpdateDate>
      <ItemCode>2131397</ItemCode>
      <ItemType>0</ItemType>
      <ItemName>עוף מס 2 הידורים בד"</ItemName>
      <ManufacturerName>,</ManufacturerName>
      <ManufactureCountry>לא ידוע</ManufactureCountry>
      <ManufacturerItemDescription>עוף מס 2 הידורים בד"צ העדה החרדית</ManufacturerItemDescription>
      <UnitQty>קילוגרמים</UnitQty>
      <Quantity>1.00</Quantity>
      <UnitOfMeasure>ק"ג</UnitOfMeasure>
      <bIsWeighted>1</bIsWeighted>
      <QtyInPackage>לא ידוע</QtyInPackage>
      <ItemPrice>25.90</ItemPrice>
      <UnitOfMeasurePrice>25.9000</UnitOfMeasurePrice>
      <AllowDiscount>1</AllowDiscount>
      <ItemStatus>1</ItemStatus>
      <ItemId>231927</ItemId>
    </Item>
    <Item>
      <PriceUpdateDate>2015-01-01 00:00:00</PriceUpdateDate>
      <ItemCode>2131410</ItemCode>
      <ItemType>0</ItemType>
      <ItemName>כרעיים עוף הידורים ב</ItemName>
      <ManufacturerName>,</ManufacturerName>
      <ManufactureCountry>לא ידוע</ManufactureCountry>
      <ManufacturerItemDescription>כרעיים עוף הידורים בד"צ העדה החרדית</ManufacturerItemDescription>
      <UnitQty>קילוגרמים</UnitQty>
      <Quantity>1.00</Quantity>
      <UnitOfMeasure>ק"ג</UnitOfMeasure>
      <bIsWeighted>1</bIsWeighted>
      <QtyInPackage>לא ידוע</QtyInPackage>
      <ItemPrice>39.90</ItemPrice>
      <UnitOfMeasurePrice>39.9000</UnitOfMeasurePrice>
      <AllowDiscount>1</AllowDiscount>
      <ItemStatus>1</ItemStatus>
      <ItemId>231928</ItemId>
    </Item>
    <Item>
      <PriceUpdateDate>2015-01-01 00:00:00</PriceUpdateDate>
      <ItemCode>2131427</ItemCode>
      <ItemType>0</ItemType>
      <ItemName>חזה עוף הידורים בד"צ</ItemName>
      <ManufacturerName>,</ManufacturerName>
      <ManufactureCountry>לא ידוע</ManufactureCountry>
      <ManufacturerItemDescription>חזה עוף הידורים בד"צ העדה החרדית</ManufacturerItemDescription>
      <UnitQty>קילוגרמים</UnitQty>
      <Quantity>1.00</Quantity>
      <UnitOfMeasure>ק"ג</UnitOfMeasure>
      <bIsWeighted>1</bIsWeighted>
      <QtyInPackage>לא ידוע</QtyInPackage>
      <ItemPrice>34.90</ItemPrice>
      <UnitOfMeasurePrice>34.9000</UnitOfMeasurePrice>
      <AllowDiscount>1</AllowDiscount>
      <ItemStatus>1</ItemStatus>
      <ItemId>231929</ItemId>
    </Item>
    <Item>
      <PriceUpdateDate>2015-01-01 00:00:00</PriceUpdateDate>
      <ItemCode>2131458</ItemCode>
      <ItemType>0</ItemType>
      <ItemName>כנפיים עוף הידורים ב</ItemName>
      <ManufacturerName>,</ManufacturerName>
      <ManufactureCountry>לא ידוע</ManufactureCountry>
      <ManufacturerItemDescription>כנפיים עוף הידורים בד"צ העדה החרדית</ManufacturerItemDescription>
      <UnitQty>קילוגרמים</UnitQty>
      <Quantity>1.00</Quantity>
      <UnitOfMeasure>ק"ג</UnitOfMeasure>
      <bIsWeighted>1</bIsWeighted>
      <QtyInPackage>לא ידוע</QtyInPackage>
      <ItemPrice>17.90</ItemPrice>
      <UnitOfMeasurePrice>17.9000</UnitOfMeasurePrice>
      <AllowDiscount>1</AllowDiscount>
      <ItemStatus>1</ItemStatus>
      <ItemId>231930</ItemId>
    </Item>
    <Item>
      <PriceUpdateDate>2015-01-01 00:00:00</PriceUpdateDate>
      <ItemCode>2131472</ItemCode>
      <ItemType>0</ItemType>
      <ItemName>שניצל עוף הידורים בד</ItemName>
      <ManufacturerName>,</ManufacturerName>
      <ManufactureCountry>לא ידוע</ManufactureCountry>
      <ManufacturerItemDescription>שניצל עוף הידורים בד"צ העדה החרדית</ManufacturerItemDescription>
      <UnitQty>קילוגרמים</UnitQty>
      <Quantity>1.00</Quantity>
      <UnitOfMeasure>ק"ג</UnitOfMeasure>
      <bIsWeighted>1</bIsWeighted>
      <QtyInPackage>לא ידוע</QtyInPackage>
      <ItemPrice>44.90</ItemPrice>
      <UnitOfMeasurePrice>44.9000</UnitOfMeasurePrice>
      <AllowDiscount>1</AllowDiscount>
      <ItemStatus>1</ItemStatus>
      <ItemId>231932</ItemId>
    </Item>
    <Item>
      <PriceUpdateDate>2015-05-03 11:00:51</PriceUpdateDate>
      <ItemCode>651219209304</ItemCode>
      <ItemType>0</ItemType>
      <ItemName>מגש מגוון גבינות פרו</ItemName>
      <ManufacturerName>,</ManufacturerName>
      <ManufactureCountry>לא ידוע</ManufactureCountry>
      <ManufacturerItemDescription>מגש מגוון גבינות פרוסות 340 גרם</ManufacturerItemDescription>
      <UnitQty>גרמים</UnitQty>
      <Quantity>340.00</Quantity>
      <UnitOfMeasure>100 גרם</UnitOfMeasure>
      <bIsWeighted>0</bIsWeighted>
      <QtyInPackage>1</QtyInPackage>
      <ItemPrice>44.90</ItemPrice>
      <UnitOfMeasurePrice>13.2059</UnitOfMeasurePrice>
      <AllowDiscount>1</AllowDiscount>
      <ItemStatus>1</ItemStatus>
      <ItemId>255389</ItemId>
    </Item>
    <Item>
      <PriceUpdateDate>2015-01-01 00:00:00</PriceUpdateDate>
      <ItemCode>2131434</ItemCode>
      <ItemType>0</ItemType>
      <ItemName>ירכיים עוף הידורים ב</ItemName>
      <ManufacturerName>,</ManufacturerName>
      <ManufactureCountry>לא ידוע</ManufactureCountry>
      <ManufacturerItemDescription>ירכיים עוף הידורים בד"צ העדה החרדית</ManufacturerItemDescription>
      <UnitQty>קילוגרמים</UnitQty>
      <Quantity>1.00</Quantity>
      <UnitOfMeasure>ק"ג</UnitOfMeasure>
      <bIsWeighted>1</bIsWeighted>
      <QtyInPackage>לא ידוע</QtyInPackage>
      <ItemPrice>39.90</ItemPrice>
      <UnitOfMeasurePrice>39.9000</UnitOfMeasurePrice>
      <AllowDiscount>1</AllowDiscount>
      <ItemStatus>1</ItemStatus>
      <ItemId>231934</ItemId>
    </Item>
    <Item>
      <PriceUpdateDate>2015-01-01 00:00:00</PriceUpdateDate>
      <ItemCode>2131465</ItemCode>
      <ItemType>0</ItemType>
      <ItemName>שוקיים עוף הידורים ב</ItemName>
      <ManufacturerName>,</ManufacturerName>
      <ManufactureCountry>לא ידוע</ManufactureCountry>
      <ManufacturerItemDescription>שוקיים עוף הידורים בד"צ העדה החרדית</ManufacturerItemDescription>
      <UnitQty>קילוגרמים</UnitQty>
      <Quantity>1.00</Quantity>
      <UnitOfMeasure>ק"ג</UnitOfMeasure>
      <bIsWeighted>1</bIsWeighted>
      <QtyInPackage>לא ידוע</QtyInPackage>
      <ItemPrice>44.90</ItemPrice>
      <UnitOfMeasurePrice>44.9000</UnitOfMeasurePrice>
      <AllowDiscount>1</AllowDiscount>
      <ItemStatus>1</ItemStatus>
      <ItemId>231935</ItemId>
    </Item>
    <Item>
      <PriceUpdateDate>2015-01-01 00:00:00</PriceUpdateDate>
      <ItemCode>2731818</ItemCode>
      <ItemType>0</ItemType>
      <ItemName>חזה עגל מס 3 הידורים</ItemName>
      <ManufacturerName>,</ManufacturerName>
      <ManufactureCountry>לא ידוע</ManufactureCountry>
      <ManufacturerItemDescription>חזה עגל מס 3 צרכני מקומי הידורים</ManufacturerItemDescription>
      <UnitQty>קילוגרמים</UnitQty>
      <Quantity>1.00</Quantity>
      <UnitOfMeasure>ק"ג</UnitOfMeasure>
      <bIsWeighted>1</bIsWeighted>
      <QtyInPackage>לא ידוע</QtyInPackage>
      <ItemPrice>79.90</ItemPrice>
      <UnitOfMeasurePrice>79.9000</UnitOfMeasurePrice>
      <AllowDiscount>1</AllowDiscount>
      <ItemStatus>1</ItemStatus>
      <ItemId>231937</ItemId>
    </Item>
    <Item>
      <PriceUpdateDate>2016-05-22 14:20:57</PriceUpdateDate>
      <ItemCode>7290107931847</ItemCode>
      <ItemType>0</ItemType>
      <ItemName>קפה טורקי בקלייה בהי</ItemName>
      <ManufacturerName>שטראוס</ManufacturerName>
      <ManufactureCountry>לא ידוע</ManufactureCountry>
      <ManufacturerItemDescription>קפה טורקי 100 גרם</ManufacturerItemDescription>
      <UnitQty>גרמים</UnitQty>
      <Quantity>100.00</Quantity>
      <UnitOfMeasure>100 גרם</UnitOfMeasure>
      <bIsWeighted>0</bIsWeighted>
      <QtyInPackage>1</QtyInPackage>
      <ItemPrice>6.90</ItemPrice>
      <UnitOfMeasurePrice>6.9000</UnitOfMeasurePrice>
      <AllowDiscount>1</AllowDiscount>
      <ItemStatus>1</ItemStatus>
      <ItemId>268293</ItemId>
    </Item>
    <Item>
      <PriceUpdateDate>2016-05-11 10:11:13</PriceUpdateDate>
      <ItemCode>25675125148</ItemCode>
      <ItemType>0</ItemType>
      <ItemName>ריבועי טופי פירות חמ</ItemName>
      <ManufacturerName>,</ManufacturerName>
      <ManufactureCountry>לא ידוע</ManufactureCountry>
      <ManufacturerItemDescription>ריבועי טופי פירות חמוץ 340 גרם פשקס</ManufacturerItemDescription>
      <UnitQty>גרמים</UnitQty>
      <Quantity>340.00</Quantity>
      <UnitOfMeasure>100 גרם</UnitOfMeasure>
      <bIsWeighted>0</bIsWeighted>
      <QtyInPackage>1</QtyInPackage>
      <ItemPrice>11.90</ItemPrice>
      <UnitOfMeasurePrice>3.5000</UnitOfMeasurePrice>
      <AllowDiscount>1</AllowDiscount>
      <ItemStatus>1</ItemStatus>
      <ItemId>268102</ItemId>
    </Item>
    <Item>
      <PriceUpdateDate>2015-07-27 11:50:46</PriceUpdateDate>
      <ItemCode>8712561249393</ItemCode>
      <ItemType>1</ItemType>
      <ItemName>דאו אקס אנרכי</ItemName>
      <ManufacturerName>,</ManufacturerName>
      <ManufactureCountry>לא ידוע</ManufactureCountry>
      <ManufacturerItemDescription>דאו אקס אנרכי</ManufacturerItemDescription>
      <UnitQty>מיליליטרים</UnitQty>
      <Quantity>150.00</Quantity>
      <UnitOfMeasure>100 מ"ל</UnitOfMeasure>
      <bIsWeighted>0</bIsWeighted>
      <QtyInPackage>1</QtyInPackage>
      <ItemPrice>9.90</ItemPrice>
      <UnitOfMeasurePrice>6.6000</UnitOfMeasurePrice>
      <AllowDiscount>1</AllowDiscount>
      <ItemStatus>1</ItemStatus>
      <ItemId>264685</ItemId>
    </Item>
    <Item>
      <PriceUpdateDate>2015-01-01 00:00:00</PriceUpdateDate>
      <ItemCode>7290106520066</ItemCode>
      <ItemType>0</ItemType>
      <ItemName>גלילי ופל רבע לשבע</ItemName>
      <ManufacturerName>,</ManufacturerName>
      <ManufactureCountry>לא ידוע</ManufactureCountry>
      <ManufacturerItemDescription>גלילי ופל רבע לשבע 160 גרם</ManufacturerItemDescription>
      <UnitQty>גרמים</UnitQty>
      <Quantity>160.00</Quantity>
      <UnitOfMeasure>100 גרם</UnitOfMeasure>
      <bIsWeighted>0</bIsWeighted>
      <QtyInPackage>1</QtyInPackage>
      <ItemPrice>11.90</ItemPrice>
      <UnitOfMeasurePrice>7.4375</UnitOfMeasurePrice>
      <AllowDiscount>1</AllowDiscount>
      <ItemStatus>1</ItemStatus>
      <ItemId>243954</ItemId>
    </Item>
    <Item>
      <PriceUpdateDate>2015-07-27 11:50:46</PriceUpdateDate>
      <ItemCode>8712561218108</ItemCode>
      <ItemType>1</ItemType>
      <ItemName>דאו אקס אפולו</ItemName>
      <ManufacturerName>,</ManufacturerName>
      <ManufactureCountry>לא ידוע</ManufactureCountry>
      <ManufacturerItemDescription>דאו אקס אפולו</ManufacturerItemDescription>
      <UnitQty>Unknown </UnitQty>
      <Quantity>0.00</Quantity>
      <UnitOfMeasure>Unknown </UnitOfMeasure>
      <bIsWeighted>0</bIsWeighted>
      <QtyInPackage>1</QtyInPackage>
      <ItemPrice>9.90</ItemPrice>
      <UnitOfMeasurePrice>0.0000</UnitOfMeasurePrice>
      <AllowDiscount>1</AllowDiscount>
      <ItemStatus>1</ItemStatus>
      <ItemId>264686</ItemId>
    </Item>
    <Item>
      <PriceUpdateDate>2016-06-26 16:50:34</PriceUpdateDate>
      <ItemCode>8571289</ItemCode>
      <ItemType>0</ItemType>
      <ItemName>רולדה שווקולד 450 גר</ItemName>
      <ManufacturerName>,</ManufacturerName>
      <ManufactureCountry>לא ידוע</ManufactureCountry>
      <ManufacturerItemDescription>רולדה שווקולד 450 גרם</ManufacturerItemDescription>
      <UnitQty>גרמים</UnitQty>
      <Quantity>450.00</Quantity>
      <UnitOfMeasure>100 גרם</UnitOfMeasure>
      <bIsWeighted>0</bIsWeighted>
      <QtyInPackage>1</QtyInPackage>
      <ItemPrice>25.90</ItemPrice>
      <UnitOfMeasurePrice>5.7556</UnitOfMeasurePrice>
      <AllowDiscount>1</AllowDiscount>
      <ItemStatus>1</ItemStatus>
      <ItemId>268662</ItemId>
    </Item>
    <Item>
      <PriceUpdateDate>2015-01-01 00:00:00</PriceUpdateDate>
      <ItemCode>2131496</ItemCode>
      <ItemType>0</ItemType>
      <ItemName>גרון עוף הידורים בד"</ItemName>
      <ManufacturerName>,</ManufacturerName>
      <ManufactureCountry>לא ידוע</ManufactureCountry>
      <ManufacturerItemDescription>גרון עוף הידורים בד"צ העדה החרדית</ManufacturerItemDescription>
      <UnitQty>קילוגרמים</UnitQty>
      <Quantity>1.00</Quantity>
      <UnitOfMeasure>ק"ג</UnitOfMeasure>
      <bIsWeighted>1</bIsWeighted>
      <QtyInPackage>לא ידוע</QtyInPackage>
      <ItemPrice>7.90</ItemPrice>
      <UnitOfMeasurePrice>7.9000</UnitOfMeasurePrice>
      <AllowDiscount>1</AllowDiscount>
      <ItemStatus>1</ItemStatus>
      <ItemId>231976</ItemId>
    </Item>
    <Item>
      <PriceUpdateDate>2015-01-01 00:00:00</PriceUpdateDate>
      <ItemCode>3319138</ItemCode>
      <ItemType>0</ItemType>
      <ItemName>1/6 קציצות גפילטע פי</ItemName>
      <ManufacturerName>,</ManufacturerName>
      <ManufactureCountry>לא ידוע</ManufactureCountry>
      <ManufacturerItemDescription>1/6 קציצות גפילטע פיש בצנצנת 600 גרם</ManufacturerItemDescription>
      <UnitQty>גרמים</UnitQty>
      <Quantity>600.00</Quantity>
      <UnitOfMeasure>100 גרם</UnitOfMeasure>
      <bIsWeighted>0</bIsWeighted>
      <QtyInPackage>1</QtyInPackage>
      <ItemPrice>13.90</ItemPrice>
      <UnitOfMeasurePrice>2.3167</UnitOfMeasurePrice>
      <AllowDiscount>1</AllowDiscount>
      <ItemStatus>1</ItemStatus>
      <ItemId>231977</ItemId>
    </Item>
    <Item>
      <PriceUpdateDate>2015-01-01 00:00:00</PriceUpdateDate>
      <ItemCode>7290013848383</ItemCode>
      <ItemType>0</ItemType>
      <ItemName>גל רחצה קרמה מן אקטי</ItemName>
      <ManufacturerName>קוסמופארם</ManufacturerName>
      <ManufactureCountry>לא ידוע</ManufactureCountry>
      <ManufacturerItemDescription>גל רחצה קרמה מן אקטיב בלוק 700 מ"ל</ManufacturerItemDescription>
      <UnitQty>מיליליטרים</UnitQty>
      <Quantity>700.00</Quantity>
      <UnitOfMeasure>100 מ"ל</UnitOfMeasure>
      <bIsWeighted>0</bIsWeighted>
      <QtyInPackage>1</QtyInPackage>
      <ItemPrice>12.90</ItemPrice>
      <UnitOfMeasurePrice>1.8429</UnitOfMeasurePrice>
      <AllowDiscount>1</AllowDiscount>
      <ItemStatus>1</ItemStatus>
      <ItemId>246000</ItemId>
    </Item>
    <Item>
      <PriceUpdateDate>2015-01-01 00:00:00</PriceUpdateDate>
      <ItemCode>52649</ItemCode>
      <ItemType>0</ItemType>
      <ItemName>לאבנה 5% גביע 500 גר</ItemName>
      <ManufacturerName>תנובה מרכז שיתופי לש</ManufacturerName>
      <ManufactureCountry>לא ידוע</ManufactureCountry>
      <ManufacturerItemDescription>לאבנה 5% גביע 500 גר פיראוס</ManufacturerItemDescription>
      <UnitQty>גרמים</UnitQty>
      <Quantity>500.00</Quantity>
      <UnitOfMeasure>100 גרם</UnitOfMeasure>
      <bIsWeighted>0</bIsWeighted>
      <QtyInPackage>1</QtyInPackage>
      <ItemPrice>17.90</ItemPrice>
      <UnitOfMeasurePrice>3.5800</UnitOfMeasurePrice>
      <AllowDiscount>1</AllowDiscount>
      <ItemStatus>1</ItemStatus>
      <ItemId>232114</ItemId>
    </Item>
    <Item>
      <PriceUpdateDate>2015-09-11 08:52:50</PriceUpdateDate>
      <ItemCode>835811008729</ItemCode>
      <ItemType>0</ItemType>
      <ItemName>צלחות אמריקאיות ענק</ItemName>
      <ManufacturerName>,</ManufacturerName>
      <ManufactureCountry>לא ידוע</ManufactureCountry>
      <ManufacturerItemDescription>צלחות אמריקאיות ענק 100 יח</ManufacturerItemDescription>
      <UnitQty>Unknown </UnitQty>
      <Quantity>0.00</Quantity>
      <UnitOfMeasure>Unknown </UnitOfMeasure>
      <bIsWeighted>0</bIsWeighted>
      <QtyInPackage>1</QtyInPackage>
      <ItemPrice>39.90</ItemPrice>
      <UnitOfMeasurePrice>0.0000</UnitOfMeasurePrice>
      <AllowDiscount>1</AllowDiscount>
      <ItemStatus>1</ItemStatus>
      <ItemId>232116</ItemId>
    </Item>
    <Item>
      <PriceUpdateDate>2015-01-01 00:00:00</PriceUpdateDate>
      <ItemCode>9999912</ItemCode>
      <ItemType>0</ItemType>
      <ItemName>ברקוד לא בגיוון</ItemName>
      <ManufacturerName>,</ManufacturerName>
      <ManufactureCountry>לא ידוע</ManufactureCountry>
      <ManufacturerItemDescription>ברקוד לא בגיוון</ManufacturerItemDescription>
      <UnitQty>לא מנהל יחידת מידה</UnitQty>
      <Quantity>0.00</Quantity>
      <UnitOfMeasure>לא מנהל יחידת מידה</UnitOfMeasure>
      <bIsWeighted>0</bIsWeighted>
      <QtyInPackage>1</QtyInPackage>
      <ItemPrice>0.00</ItemPrice>
      <UnitOfMeasurePrice>0.0000</UnitOfMeasurePrice>
      <AllowDiscount>1</AllowDiscount>
      <ItemStatus>1</ItemStatus>
      <ItemId>250970</ItemId>
    </Item>
    <Item>
      <PriceUpdateDate>2015-01-01 00:00:00</PriceUpdateDate>
      <ItemCode>5416019</ItemCode>
      <ItemType>0</ItemType>
      <ItemName>חלב שתייה עיזים 3% 1</ItemName>
      <ManufacturerName>,</ManufacturerName>
      <ManufactureCountry>לא ידוע</ManufactureCountry>
      <ManufacturerItemDescription>חלב שתייה עיזים 3% 1 ליטר</ManufacturerItemDescription>
      <UnitQty>ליטרים</UnitQty>
      <Quantity>1.00</Quantity>
      <UnitOfMeasure>ליטר    </UnitOfMeasure>
      <bIsWeighted>0</bIsWeighted>
      <QtyInPackage>1</QtyInPackage>
      <ItemPrice>10.90</ItemPrice>
      <UnitOfMeasurePrice>10.9000</UnitOfMeasurePrice>
      <AllowDiscount>1</AllowDiscount>
      <ItemStatus>1</ItemStatus>
      <ItemId>232129</ItemId>
    </Item>
    <Item>
      <PriceUpdateDate>2015-01-01 00:00:00</PriceUpdateDate>
      <ItemCode>5416095</ItemCode>
      <ItemType>0</ItemType>
      <ItemName>גבינת עיזים 5% 200 ג</ItemName>
      <ManufacturerName>,</ManufacturerName>
      <ManufactureCountry>לא ידוע</ManufactureCountry>
      <ManufacturerItemDescription>גבינת עיזים 5% 200 גרם</ManufacturerItemDescription>
      <UnitQty>גרמים</UnitQty>
      <Quantity>200.00</Quantity>
      <UnitOfMeasure>100 גרם</UnitOfMeasure>
      <bIsWeighted>0</bIsWeighted>
      <QtyInPackage>1</QtyInPackage>
      <ItemPrice>9.90</ItemPrice>
      <UnitOfMeasurePrice>4.9500</UnitOfMeasurePrice>
      <AllowDiscount>1</AllowDiscount>
      <ItemStatus>1</ItemStatus>
      <ItemId>232131</ItemId>
    </Item>
    <Item>
      <PriceUpdateDate>2015-01-01 00:00:00</PriceUpdateDate>
      <ItemCode>5416033</ItemCode>
      <ItemType>0</ItemType>
      <ItemName>יוגורט עיזים טבעי 50</ItemName>
      <ManufacturerName>,</ManufacturerName>
      <ManufactureCountry>לא ידוע</ManufactureCountry>
      <ManufacturerItemDescription>יוגורט עיזים טבעי 500 גרם</ManufacturerItemDescription>
      <UnitQty>גרמים</UnitQty>
      <Quantity>500.00</Quantity>
      <UnitOfMeasure>100 גרם</UnitOfMeasure>
      <bIsWeighted>0</bIsWeighted>
      <QtyInPackage>1</QtyInPackage>
      <ItemPrice>14.80</ItemPrice>
      <UnitOfMeasurePrice>2.9600</UnitOfMeasurePrice>
      <AllowDiscount>1</AllowDiscount>
      <ItemStatus>1</ItemStatus>
      <ItemId>232135</ItemId>
    </Item>
    <Item>
      <PriceUpdateDate>2015-01-01 00:00:00</PriceUpdateDate>
      <ItemCode>5416279</ItemCode>
      <ItemType>0</ItemType>
      <ItemName>יוגורט עיזים פירות י</ItemName>
      <ManufacturerName>,</ManufacturerName>
      <ManufactureCountry>לא ידוע</ManufactureCountry>
      <ManufacturerItemDescription>יוגורט עיזים פירות יער 500 גרם</ManufacturerItemDescription>
      <UnitQty>גרמים</UnitQty>
      <Quantity>500.00</Quantity>
      <UnitOfMeasure>100 גרם</UnitOfMeasure>
      <bIsWeighted>0</bIsWeighted>
      <QtyInPackage>1</QtyInPackage>
      <ItemPrice>14.80</ItemPrice>
      <UnitOfMeasurePrice>2.9600</UnitOfMeasurePrice>
      <AllowDiscount>1</AllowDiscount>
      <ItemStatus>1</ItemStatus>
      <ItemId>232136</ItemId>
    </Item>
    <Item>
      <PriceUpdateDate>2015-01-01 00:00:00</PriceUpdateDate>
      <ItemCode>5416262</ItemCode>
      <ItemType>0</ItemType>
      <ItemName>יוגורט עיזים תות 500</ItemName>
      <ManufacturerName>,</ManufacturerName>
      <ManufactureCountry>לא ידוע</ManufactureCountry>
      <ManufacturerItemDescription>יוגורט עיזים תות 500 גרם</ManufacturerItemDescription>
      <UnitQty>גרמים</UnitQty>
      <Quantity>200.00</Quantity>
      <UnitOfMeasure>100 גרם</UnitOfMeasure>
      <bIsWeighted>0</bIsWeighted>
      <QtyInPackage>1</QtyInPackage>
      <ItemPrice>14.80</ItemPrice>
      <UnitOfMeasurePrice>7.4000</UnitOfMeasurePrice>
      <AllowDiscount>1</AllowDiscount>
      <ItemStatus>1</ItemStatus>
      <ItemId>232137</ItemId>
    </Item>
    <Item>
      <PriceUpdateDate>2015-01-01 00:00:00</PriceUpdateDate>
      <ItemCode>5416286</ItemCode>
      <ItemType>0</ItemType>
      <ItemName>יוגורט עיזים אננס 50</ItemName>
      <ManufacturerName>,</ManufacturerName>
      <ManufactureCountry>לא ידוע</ManufactureCountry>
      <ManufacturerItemDescription>יוגורט עיזים אננס 500 גרם</ManufacturerItemDescription>
      <UnitQty>גרמים</UnitQty>
      <Quantity>200.00</Quantity>
      <UnitOfMeasure>100 גרם</UnitOfMeasure>
      <bIsWeighted>0</bIsWeighted>
      <QtyInPackage>1</QtyInPackage>
      <ItemPrice>14.80</ItemPrice>
      <UnitOfMeasurePrice>7.4000</UnitOfMeasurePrice>
      <AllowDiscount>1</AllowDiscount>
      <ItemStatus>1</ItemStatus>
      <ItemId>232138</ItemId>
    </Item>
    <Item>
      <PriceUpdateDate>2015-01-01 00:00:00</PriceUpdateDate>
      <ItemCode>5416293</ItemCode>
      <ItemType>0</ItemType>
      <ItemName>יוגורט עיזים משמש 50</ItemName>
      <ManufacturerName>,</ManufacturerName>
      <ManufactureCountry>לא ידוע</ManufactureCountry>
      <ManufacturerItemDescription>יוגורט עיזים משמש 500 גרם</ManufacturerItemDescription>
      <UnitQty>גרמים</UnitQty>
      <Quantity>200.00</Quantity>
      <UnitOfMeasure>100 גרם</UnitOfMeasure>
      <bIsWeighted>0</bIsWeighted>
      <QtyInPackage>1</QtyInPackage>
      <ItemPrice>14.80</ItemPrice>
      <UnitOfMeasurePrice>7.4000</UnitOfMeasurePrice>
      <AllowDiscount>1</AllowDiscount>
      <ItemStatus>1</ItemStatus>
      <ItemId>232139</ItemId>
    </Item>
    <Item>
      <PriceUpdateDate>2016-03-11 08:28:43</PriceUpdateDate>
      <ItemCode>7290104855122</ItemCode>
      <ItemType>0</ItemType>
      <ItemName>כוסות נייר 50 יח</ItemName>
      <ManufacturerName>WSI INTERNATIONAL LT</ManufacturerName>
      <ManufactureCountry>לא ידוע</ManufactureCountry>
      <ManufacturerItemDescription>כוסות נייר 50 יח</ManufacturerItemDescription>
      <UnitQty>Unknown </UnitQty>
      <Quantity>0.00</Quantity>
      <UnitOfMeasure>Unknown </UnitOfMeasure>
      <bIsWeighted>0</bIsWeighted>
      <QtyInPackage>1</QtyInPackage>
      <ItemPrice>3.90</ItemPrice>
      <UnitOfMeasurePrice>0.0000</UnitOfMeasurePrice>
      <AllowDiscount>1</AllowDiscount>
      <ItemStatus>1</ItemStatus>
      <ItemId>265990</ItemId>
    </Item>
    <Item>
      <PriceUpdateDate>2015-01-01 00:00:00</PriceUpdateDate>
      <ItemCode>1342565</ItemCode>
      <ItemType>0</ItemType>
      <ItemName>חזרת ללא סוכר אלדג</ItemName>
      <ManufacturerName>,</ManufacturerName>
      <ManufactureCountry>לא ידוע</ManufactureCountry>
      <ManufacturerItemDescription>חזרת ללא סוכר אלדג 360 גרם</ManufacturerItemDescription>
      <UnitQty>גרמים</UnitQty>
      <Quantity>360.00</Quantity>
      <UnitOfMeasure>100 גרם</UnitOfMeasure>
      <bIsWeighted>0</bIsWeighted>
      <QtyInPackage>1</QtyInPackage>
      <ItemPrice>12.90</ItemPrice>
      <UnitOfMeasurePrice>3.5833</UnitOfMeasurePrice>
      <AllowDiscount>1</AllowDiscount>
      <ItemStatus>1</ItemStatus>
      <ItemId>232166</ItemId>
    </Item>
    <Item>
      <PriceUpdateDate>2015-01-01 00:00:00</PriceUpdateDate>
      <ItemCode>835811009207</ItemCode>
      <ItemType>0</ItemType>
      <ItemName>מרקיות אלגנט בינוני</ItemName>
      <ManufacturerName>,</ManufacturerName>
      <ManufactureCountry>לא ידוע</ManufactureCountry>
      <ManufacturerItemDescription>מרקיות עגול אלגנט בינוני</ManufacturerItemDescription>
      <UnitQty>Unknown </UnitQty>
      <Quantity>0.00</Quantity>
      <UnitOfMeasure>Unknown </UnitOfMeasure>
      <bIsWeighted>0</bIsWeighted>
      <QtyInPackage>1</QtyInPackage>
      <ItemPrice>16.90</ItemPrice>
      <UnitOfMeasurePrice>0.0000</UnitOfMeasurePrice>
      <AllowDiscount>1</AllowDiscount>
      <ItemStatus>1</ItemStatus>
      <ItemId>232170</ItemId>
    </Item>
    <Item>
      <PriceUpdateDate>2015-01-01 00:00:00</PriceUpdateDate>
      <ItemCode>3222742</ItemCode>
      <ItemType>0</ItemType>
      <ItemName>פיתות תימניות 10 יח</ItemName>
      <ManufacturerName>מאפית מכבים</ManufacturerName>
      <ManufactureCountry>ישראל</ManufactureCountry>
      <ManufacturerItemDescription>פיתות תימניות 10 יח</ManufacturerItemDescription>
      <UnitQty>Unknown </UnitQty>
      <Quantity>0.00</Quantity>
      <UnitOfMeasure>Unknown </UnitOfMeasure>
      <bIsWeighted>0</bIsWeighted>
      <QtyInPackage>10</QtyInPackage>
      <ItemPrice>9.90</ItemPrice>
      <UnitOfMeasurePrice>0.0000</UnitOfMeasurePrice>
      <AllowDiscount>1</AllowDiscount>
      <ItemStatus>1</ItemStatus>
      <ItemId>232206</ItemId>
    </Item>
    <Item>
      <PriceUpdateDate>2015-01-01 00:00:00</PriceUpdateDate>
      <ItemCode>7290103152802</ItemCode>
      <ItemType>0</ItemType>
      <ItemName>כוסות מרובעות קריסטל</ItemName>
      <ManufacturerName>HANTRONIX</ManufacturerName>
      <ManufactureCountry>לא ידוע</ManufactureCountry>
      <ManufacturerItemDescription>כוסות מרובעות קריסטל 18 יח</ManufacturerItemDescription>
      <UnitQty>Unknown </UnitQty>
      <Quantity>0.00</Quantity>
      <UnitOfMeasure>Unknown </UnitOfMeasure>
      <bIsWeighted>0</bIsWeighted>
      <QtyInPackage>1</QtyInPackage>
      <ItemPrice>9.90</ItemPrice>
      <UnitOfMeasurePrice>0.0000</UnitOfMeasurePrice>
      <AllowDiscount>1</AllowDiscount>
      <ItemStatus>1</ItemStatus>
      <ItemId>232233</ItemId>
    </Item>
    <Item>
      <PriceUpdateDate>2016-04-18 18:06:14</PriceUpdateDate>
      <ItemCode>2157182</ItemCode>
      <ItemType>0</ItemType>
      <ItemName>אבקת גלטין טהור 28 ג</ItemName>
      <ManufacturerName>,</ManufacturerName>
      <ManufactureCountry>לא ידוע</ManufactureCountry>
      <ManufacturerItemDescription>אבקת גלטין טהור 28 גרם</ManufacturerItemDescription>
      <UnitQty>גרמים</UnitQty>
      <Quantity>28.00</Quantity>
      <UnitOfMeasure>100 גרם</UnitOfMeasure>
      <bIsWeighted>0</bIsWeighted>
      <QtyInPackage>1</QtyInPackage>
      <ItemPrice>7.90</ItemPrice>
      <UnitOfMeasurePrice>28.2143</UnitOfMeasurePrice>
      <AllowDiscount>1</AllowDiscount>
      <ItemStatus>1</ItemStatus>
      <ItemId>267980</ItemId>
    </Item>
    <Item>
      <PriceUpdateDate>2015-01-01 00:00:00</PriceUpdateDate>
      <ItemCode>7290102393039</ItemCode>
      <ItemType>0</ItemType>
      <ItemName>יוגורט מולר מיקס יוג</ItemName>
      <ManufacturerName>טרה</ManufacturerName>
      <ManufactureCountry>לא ידוע</ManufactureCountry>
      <ManufacturerItemDescription>מולר מיקס יוגורט פצפוצי שוקולד 150 מ"ל</ManufacturerItemDescription>
      <UnitQty>מיליליטרים</UnitQty>
      <Quantity>150.00</Quantity>
      <UnitOfMeasure>100 מ"ל</UnitOfMeasure>
      <bIsWeighted>0</bIsWeighted>
      <QtyInPackage>1</QtyInPackage>
      <ItemPrice>5.60</ItemPrice>
      <UnitOfMeasurePrice>3.7333</UnitOfMeasurePrice>
      <AllowDiscount>1</AllowDiscount>
      <ItemStatus>1</ItemStatus>
      <ItemId>232257</ItemId>
    </Item>
    <Item>
      <PriceUpdateDate>2015-01-01 00:00:00</PriceUpdateDate>
      <ItemCode>4685980</ItemCode>
      <ItemType>0</ItemType>
      <ItemName>מארז לחמניות אושר עד</ItemName>
      <ManufacturerName>,</ManufacturerName>
      <ManufactureCountry>לא ידוע</ManufactureCountry>
      <ManufacturerItemDescription>מארז לחמניות אושר עד</ManufacturerItemDescription>
      <UnitQty>Unknown </UnitQty>
      <Quantity>0.00</Quantity>
      <UnitOfMeasure>Unknown </UnitOfMeasure>
      <bIsWeighted>0</bIsWeighted>
      <QtyInPackage>1</QtyInPackage>
      <ItemPrice>10.00</ItemPrice>
      <UnitOfMeasurePrice>0.0000</UnitOfMeasurePrice>
      <AllowDiscount>1</AllowDiscount>
      <ItemStatus>1</ItemStatus>
      <ItemId>232267</ItemId>
    </Item>
    <Item>
      <PriceUpdateDate>2015-01-01 00:00:00</PriceUpdateDate>
      <ItemCode>3318131</ItemCode>
      <ItemType>0</ItemType>
      <ItemName>ופל אגוז מנעמים 200</ItemName>
      <ManufacturerName>מנעמים תעשיות מזון</ManufacturerName>
      <ManufactureCountry>לא ידוע</ManufactureCountry>
      <ManufacturerItemDescription>ופל אגוז מנעמים 200 גרם</ManufacturerItemDescription>
      <UnitQty>גרמים</UnitQty>
      <Quantity>200.00</Quantity>
      <UnitOfMeasure>100 גרם</UnitOfMeasure>
      <bIsWeighted>0</bIsWeighted>
      <QtyInPackage>1</QtyInPackage>
      <ItemPrice>2.40</ItemPrice>
      <UnitOfMeasurePrice>1.2000</UnitOfMeasurePrice>
      <AllowDiscount>1</AllowDiscount>
      <ItemStatus>1</ItemStatus>
      <ItemId>232284</ItemId>
    </Item>
    <Item>
      <PriceUpdateDate>2016-06-02 15:36:14</PriceUpdateDate>
      <ItemCode>7290010654758</ItemCode>
      <ItemType>1</ItemType>
      <ItemName>גבינת שמנת 30% 200 ג</ItemName>
      <ManufacturerName>בר בכפר די אנד די</ManufacturerName>
      <ManufactureCountry>ישראל</ManufactureCountry>
      <ManufacturerItemDescription>גבינת שמנת 30% 200 גרם</ManufacturerItemDescription>
      <UnitQty>גרמים</UnitQty>
      <Quantity>200.00</Quantity>
      <UnitOfMeasure>100 גרם</UnitOfMeasure>
      <bIsWeighted>0</bIsWeighted>
      <QtyInPackage>1</QtyInPackage>
      <ItemPrice>7.90</ItemPrice>
      <UnitOfMeasurePrice>3.9500</UnitOfMeasurePrice>
      <AllowDiscount>1</AllowDiscount>
      <ItemStatus>1</ItemStatus>
      <ItemId>268358</ItemId>
    </Item>
    <Item>
      <PriceUpdateDate>2016-02-05 07:18:35</PriceUpdateDate>
      <ItemCode>3514045</ItemCode>
      <ItemType>0</ItemType>
      <ItemName>קראנצוס ברביקיו 70 ג</ItemName>
      <ManufacturerName>מנה</ManufacturerName>
      <ManufactureCountry>ישראל</ManufactureCountry>
      <ManufacturerItemDescription>קראנצוס ברביקיו 70 גרם</ManufacturerItemDescription>
      <UnitQty>גרמים</UnitQty>
      <Quantity>70.00</Quantity>
      <UnitOfMeasure>100 גרם</UnitOfMeasure>
      <bIsWeighted>0</bIsWeighted>
      <QtyInPackage>1</QtyInPackage>
      <ItemPrice>1.90</ItemPrice>
      <UnitOfMeasurePrice>2.7143</UnitOfMeasurePrice>
      <AllowDiscount>1</AllowDiscount>
      <ItemStatus>1</ItemStatus>
      <ItemId>232304</ItemId>
    </Item>
    <Item>
      <PriceUpdateDate>2015-11-01 11:03:07</PriceUpdateDate>
      <ItemCode>5287749</ItemCode>
      <ItemType>0</ItemType>
      <ItemName>טונה סטארקיסט 5% טעם</ItemName>
      <ManufacturerName>סטארקיסט</ManufacturerName>
      <ManufactureCountry>לא ידוע</ManufactureCountry>
      <ManufacturerItemDescription>טונה סטארקיסט 5% טעם טבעי 160 גרם OU</ManufacturerItemDescription>
      <UnitQty>גרמים</UnitQty>
      <Quantity>160.00</Quantity>
      <UnitOfMeasure>100 גרם</UnitOfMeasure>
      <bIsWeighted>0</bIsWeighted>
      <QtyInPackage>1</QtyInPackage>
      <ItemPrice>6.90</ItemPrice>
      <UnitOfMeasurePrice>4.3125</UnitOfMeasurePrice>
      <AllowDiscount>1</AllowDiscount>
      <ItemStatus>1</ItemStatus>
      <ItemId>232306</ItemId>
    </Item>
    <Item>
      <PriceUpdateDate>2015-11-01 11:03:07</PriceUpdateDate>
      <ItemCode>5287756</ItemCode>
      <ItemType>0</ItemType>
      <ItemName>טונה סטארקיסט 5% בלי</ItemName>
      <ManufacturerName>סטארקיסט</ManufacturerName>
      <ManufactureCountry>לא ידוע</ManufactureCountry>
      <ManufacturerItemDescription>טונה סטארקיסט 5% בלימון ופלפל  160 OU</ManufacturerItemDescription>
      <UnitQty>גרמים</UnitQty>
      <Quantity>160.00</Quantity>
      <UnitOfMeasure>100 גרם</UnitOfMeasure>
      <bIsWeighted>0</bIsWeighted>
      <QtyInPackage>1</QtyInPackage>
      <ItemPrice>6.90</ItemPrice>
      <UnitOfMeasurePrice>4.3125</UnitOfMeasurePrice>
      <AllowDiscount>1</AllowDiscount>
      <ItemStatus>1</ItemStatus>
      <ItemId>232307</ItemId>
    </Item>
    <Item>
      <PriceUpdateDate>2015-11-01 11:03:07</PriceUpdateDate>
      <ItemCode>5287732</ItemCode>
      <ItemType>0</ItemType>
      <ItemName>טונה סטארקיסט 5% טבע</ItemName>
      <ManufacturerName>סטארקיסט</ManufacturerName>
      <ManufactureCountry>לא ידוע</ManufactureCountry>
      <ManufacturerItemDescription>טונה סטארקיסט 5% טבעי  160 גרם OU</ManufacturerItemDescription>
      <UnitQty>גרמים</UnitQty>
      <Quantity>160.00</Quantity>
      <UnitOfMeasure>100 גרם</UnitOfMeasure>
      <bIsWeighted>0</bIsWeighted>
      <QtyInPackage>1</QtyInPackage>
      <ItemPrice>6.90</ItemPrice>
      <UnitOfMeasurePrice>4.3125</UnitOfMeasurePrice>
      <AllowDiscount>1</AllowDiscount>
      <ItemStatus>1</ItemStatus>
      <ItemId>232308</ItemId>
    </Item>
    <Item>
      <PriceUpdateDate>2016-02-22 15:11:04</PriceUpdateDate>
      <ItemCode>43427170017</ItemCode>
      <ItemType>1</ItemType>
      <ItemName>עוגיות סנדוויץ ליברס</ItemName>
      <ManufacturerName>ליברס</ManufacturerName>
      <ManufactureCountry>ארצות הברית</ManufactureCountry>
      <ManufacturerItemDescription>עוגיות סנדוויץ ליברס 368 גרם</ManufacturerItemDescription>
      <UnitQty>גרמים</UnitQty>
      <Quantity>368.00</Quantity>
      <UnitOfMeasure>100 גרם</UnitOfMeasure>
      <bIsWeighted>0</bIsWeighted>
      <QtyInPackage>1</QtyInPackage>
      <ItemPrice>9.90</ItemPrice>
      <UnitOfMeasurePrice>2.6902</UnitOfMeasurePrice>
      <AllowDiscount>1</AllowDiscount>
      <ItemStatus>1</ItemStatus>
      <ItemId>267004</ItemId>
    </Item>
    <Item>
      <PriceUpdateDate>2016-06-02 15:36:14</PriceUpdateDate>
      <ItemCode>7290010654765</ItemCode>
      <ItemType>1</ItemType>
      <ItemName>גבינת שמנת שום שמיר</ItemName>
      <ManufacturerName>בר בכפר די אנד די</ManufacturerName>
      <ManufactureCountry>ישראל</ManufactureCountry>
      <ManufacturerItemDescription>גבינת שמנת שום שמיר 30% 200 גרם</ManufacturerItemDescription>
      <UnitQty>גרמים</UnitQty>
      <Quantity>200.00</Quantity>
      <UnitOfMeasure>100 גרם</UnitOfMeasure>
      <bIsWeighted>0</bIsWeighted>
      <QtyInPackage>1</QtyInPackage>
      <ItemPrice>7.90</ItemPrice>
      <UnitOfMeasurePrice>3.9500</UnitOfMeasurePrice>
      <AllowDiscount>1</AllowDiscount>
      <ItemStatus>1</ItemStatus>
      <ItemId>268359</ItemId>
    </Item>
    <Item>
      <PriceUpdateDate>2015-12-11 08:10:13</PriceUpdateDate>
      <ItemCode>2016854</ItemCode>
      <ItemType>0</ItemType>
      <ItemName>ממרח אריסה צנצנת 230</ItemName>
      <ManufacturerName>,</ManufacturerName>
      <ManufactureCountry>לא ידוע</ManufactureCountry>
      <ManufacturerItemDescription>ממרח אריסה צנצנת 230 גרם OU</ManufacturerItemDescription>
      <UnitQty>גרמים</UnitQty>
      <Quantity>230.00</Quantity>
      <UnitOfMeasure>100 גרם</UnitOfMeasure>
      <bIsWeighted>0</bIsWeighted>
      <QtyInPackage>1</QtyInPackage>
      <ItemPrice>12.90</ItemPrice>
      <UnitOfMeasurePrice>5.6087</UnitOfMeasurePrice>
      <AllowDiscount>1</AllowDiscount>
      <ItemStatus>1</ItemStatus>
      <ItemId>245942</ItemId>
    </Item>
    <Item>
      <PriceUpdateDate>2015-01-01 00:00:00</PriceUpdateDate>
      <ItemCode>50702530022</ItemCode>
      <ItemType>0</ItemType>
      <ItemName>עוגיות סנדוויץ במילו</ItemName>
      <ManufacturerName>,</ManufacturerName>
      <ManufactureCountry>לא ידוע</ManufactureCountry>
      <ManufacturerItemDescription>עוגיות סנדוויץ במילוי קרם וניל 300 גרם</ManufacturerItemDescription>
      <UnitQty>גרמים</UnitQty>
      <Quantity>300.00</Quantity>
      <UnitOfMeasure>100 גרם</UnitOfMeasure>
      <bIsWeighted>0</bIsWeighted>
      <QtyInPackage>1</QtyInPackage>
      <ItemPrice>5.90</ItemPrice>
      <UnitOfMeasurePrice>1.9667</UnitOfMeasurePrice>
      <AllowDiscount>1</AllowDiscount>
      <ItemStatus>1</ItemStatus>
      <ItemId>248743</ItemId>
    </Item>
    <Item>
      <PriceUpdateDate>2015-01-01 00:00:00</PriceUpdateDate>
      <ItemCode>710069027305</ItemCode>
      <ItemType>0</ItemType>
      <ItemName>רוטב פסטה עם פטריות</ItemName>
      <ManufacturerName>,</ManufacturerName>
      <ManufactureCountry>לא ידוע</ManufactureCountry>
      <ManufacturerItemDescription>רוטב פסטה עם פטריות גפן 737 מ"ל</ManufacturerItemDescription>
      <UnitQty>מיליליטרים</UnitQty>
      <Quantity>737.00</Quantity>
      <UnitOfMeasure>100 מ"ל</UnitOfMeasure>
      <bIsWeighted>0</bIsWeighted>
      <QtyInPackage>1</QtyInPackage>
      <ItemPrice>13.90</ItemPrice>
      <UnitOfMeasurePrice>1.8860</UnitOfMeasurePrice>
      <AllowDiscount>1</AllowDiscount>
      <ItemStatus>1</ItemStatus>
      <ItemId>232398</ItemId>
    </Item>
    <Item>
      <PriceUpdateDate>2016-03-13 13:58:57</PriceUpdateDate>
      <ItemCode>6920546</ItemCode>
      <ItemType>0</ItemType>
      <ItemName>גבינה כפיר 400 גרם פ</ItemName>
      <ManufacturerName>צי תעשיות מזון יבנה</ManufacturerName>
      <ManufactureCountry>לא ידוע</ManufactureCountry>
      <ManufacturerItemDescription>גבינה כפיר 400 גרם פרוס בד"צ</ManufacturerItemDescription>
      <UnitQty>גרמים</UnitQty>
      <Quantity>400.00</Quantity>
      <UnitOfMeasure>100 גרם</UnitOfMeasure>
      <bIsWeighted>0</bIsWeighted>
      <QtyInPackage>1</QtyInPackage>
      <ItemPrice>16.90</ItemPrice>
      <UnitOfMeasurePrice>4.2250</UnitOfMeasurePrice>
      <AllowDiscount>1</AllowDiscount>
      <ItemStatus>1</ItemStatus>
      <ItemId>232417</ItemId>
    </Item>
    <Item>
      <PriceUpdateDate>2015-11-29 10:28:16</PriceUpdateDate>
      <ItemCode>7290011133368</ItemCode>
      <ItemType>0</ItemType>
      <ItemName>בירה מכבי שנדי תפוח</ItemName>
      <ManufacturerName>טמפו</ManufacturerName>
      <ManufactureCountry>לא ידוע</ManufactureCountry>
      <ManufacturerItemDescription>בירה שנדי תפוח בק. 6*330 מ"ל 1.9% אלכוהו</ManufacturerItemDescription>
      <UnitQty>ליטרים</UnitQty>
      <Quantity>1.98</Quantity>
      <UnitOfMeasure>ליטר    </UnitOfMeasure>
      <bIsWeighted>0</bIsWeighted>
      <QtyInPackage>1</QtyInPackage>
      <ItemPrice>29.90</ItemPrice>
      <UnitOfMeasurePrice>15.1010</UnitOfMeasurePrice>
      <AllowDiscount>1</AllowDiscount>
      <ItemStatus>1</ItemStatus>
      <ItemId>232422</ItemId>
    </Item>
    <Item>
      <PriceUpdateDate>2015-01-01 00:00:00</PriceUpdateDate>
      <ItemCode>5906485301012</ItemCode>
      <ItemType>0</ItemType>
      <ItemName>משקה אנרגיה אקסל 250</ItemName>
      <ManufacturerName>טמפו</ManufacturerName>
      <ManufactureCountry>לא ידוע</ManufactureCountry>
      <ManufacturerItemDescription>משקה אנרגיה אקסל 250 מ"ל</ManufacturerItemDescription>
      <UnitQty>מיליליטרים</UnitQty>
      <Quantity>250.00</Quantity>
      <UnitOfMeasure>100 מ"ל</UnitOfMeasure>
      <bIsWeighted>0</bIsWeighted>
      <QtyInPackage>1</QtyInPackage>
      <ItemPrice>3.70</ItemPrice>
      <UnitOfMeasurePrice>1.4800</UnitOfMeasurePrice>
      <AllowDiscount>1</AllowDiscount>
      <ItemStatus>1</ItemStatus>
      <ItemId>232431</ItemId>
    </Item>
    <Item>
      <PriceUpdateDate>2015-01-01 00:00:00</PriceUpdateDate>
      <ItemCode>5906485301098</ItemCode>
      <ItemType>0</ItemType>
      <ItemName>משקה אנרגיה אקסל ללא</ItemName>
      <ManufacturerName>טמפו</ManufacturerName>
      <ManufactureCountry>לא ידוע</ManufactureCountry>
      <ManufacturerItemDescription>משקה אנרגיה אקסל ללא סוכר 250 מ"ל</ManufacturerItemDescription>
      <UnitQty>מיליליטרים</UnitQty>
      <Quantity>250.00</Quantity>
      <UnitOfMeasure>100 מ"ל</UnitOfMeasure>
      <bIsWeighted>0</bIsWeighted>
      <QtyInPackage>1</QtyInPackage>
      <ItemPrice>3.70</ItemPrice>
      <UnitOfMeasurePrice>1.4800</UnitOfMeasurePrice>
      <AllowDiscount>1</AllowDiscount>
      <ItemStatus>1</ItemStatus>
      <ItemId>232432</ItemId>
    </Item>
    <Item>
      <PriceUpdateDate>2016-08-08 11:25:32</PriceUpdateDate>
      <ItemCode>3648337</ItemCode>
      <ItemType>0</ItemType>
      <ItemName>סלמון מנות</ItemName>
      <ManufacturerName>,</ManufacturerName>
      <ManufactureCountry>לא ידוע</ManufactureCountry>
      <ManufacturerItemDescription>סלמון מנות</ManufacturerItemDescription>
      <UnitQty>קילוגרמים</UnitQty>
      <Quantity>1.00</Quantity>
      <UnitOfMeasure>ק"ג</UnitOfMeasure>
      <bIsWeighted>1</bIsWeighted>
      <QtyInPackage>לא ידוע</QtyInPackage>
      <ItemPrice>69.90</ItemPrice>
      <UnitOfMeasurePrice>69.9000</UnitOfMeasurePrice>
      <AllowDiscount>1</AllowDiscount>
      <ItemStatus>1</ItemStatus>
      <ItemId>269244</ItemId>
    </Item>
    <Item>
      <PriceUpdateDate>2016-01-26 16:01:11</PriceUpdateDate>
      <ItemCode>7290106665347</ItemCode>
      <ItemType>0</ItemType>
      <ItemName>מארז חטיפי אנרגי חלב</ItemName>
      <ManufacturerName>שטראוס</ManufacturerName>
      <ManufactureCountry>ישראל</ManufactureCountry>
      <ManufacturerItemDescription>מארז חטיפי אנרגי חלב 24 יח</ManufacturerItemDescription>
      <UnitQty>גרמים</UnitQty>
      <Quantity>720.00</Quantity>
      <UnitOfMeasure>100 גרם</UnitOfMeasure>
      <bIsWeighted>0</bIsWeighted>
      <QtyInPackage>1</QtyInPackage>
      <ItemPrice>39.90</ItemPrice>
      <UnitOfMeasurePrice>5.5417</UnitOfMeasurePrice>
      <AllowDiscount>1</AllowDiscount>
      <ItemStatus>1</ItemStatus>
      <ItemId>266662</ItemId>
    </Item>
    <Item>
      <PriceUpdateDate>2016-06-26 10:10:31</PriceUpdateDate>
      <ItemCode>87752021002</ItemCode>
      <ItemType>0</ItemType>
      <ItemName>מיץ ענבים בלאש קדם 1</ItemName>
      <ManufacturerName>,</ManufacturerName>
      <ManufactureCountry>לא ידוע</ManufactureCountry>
      <ManufacturerItemDescription>מיץ ענבים בלאש קדם 1.5 ליטר</ManufacturerItemDescription>
      <UnitQty>ליטרים</UnitQty>
      <Quantity>1.50</Quantity>
      <UnitOfMeasure>ליטר    </UnitOfMeasure>
      <bIsWeighted>0</bIsWeighted>
      <QtyInPackage>1</QtyInPackage>
      <ItemPrice>25.90</ItemPrice>
      <UnitOfMeasurePrice>17.2667</UnitOfMeasurePrice>
      <AllowDiscount>1</AllowDiscount>
      <ItemStatus>1</ItemStatus>
      <ItemId>268659</ItemId>
    </Item>
    <Item>
      <PriceUpdateDate>2015-01-01 00:00:00</PriceUpdateDate>
      <ItemCode>226286</ItemCode>
      <ItemType>0</ItemType>
      <ItemName>ריצ מיקס בלינצס קפול</ItemName>
      <ManufacturerName>,</ManufacturerName>
      <ManufactureCountry>לא ידוע</ManufactureCountry>
      <ManufacturerItemDescription>ריצ מיקס בלינצס קפולסקי</ManufacturerItemDescription>
      <UnitQty>Unknown </UnitQty>
      <Quantity>0.00</Quantity>
      <UnitOfMeasure>Unknown </UnitOfMeasure>
      <bIsWeighted>0</bIsWeighted>
      <QtyInPackage>1</QtyInPackage>
      <ItemPrice>12.50</ItemPrice>
      <UnitOfMeasurePrice>0.0000</UnitOfMeasurePrice>
      <AllowDiscount>1</AllowDiscount>
      <ItemStatus>1</ItemStatus>
      <ItemId>232441</ItemId>
    </Item>
    <Item>
      <PriceUpdateDate>2015-01-01 00:00:00</PriceUpdateDate>
      <ItemCode>7290012929946</ItemCode>
      <ItemType>0</ItemType>
      <ItemName>מארז טונה בשמן עם פל</ItemName>
      <ManufacturerName>,</ManufacturerName>
      <ManufactureCountry>לא ידוע</ManufactureCountry>
      <ManufacturerItemDescription>מארז טונה בשמן עם פלפל חר 3*150 גרם</ManufacturerItemDescription>
      <UnitQty>גרמים</UnitQty>
      <Quantity>450.00</Quantity>
      <UnitOfMeasure>100 גרם</UnitOfMeasure>
      <bIsWeighted>0</bIsWeighted>
      <QtyInPackage>1</QtyInPackage>
      <ItemPrice>17.90</ItemPrice>
      <UnitOfMeasurePrice>3.9778</UnitOfMeasurePrice>
      <AllowDiscount>1</AllowDiscount>
      <ItemStatus>1</ItemStatus>
      <ItemId>232453</ItemId>
    </Item>
    <Item>
      <PriceUpdateDate>2016-05-15 10:26:36</PriceUpdateDate>
      <ItemCode>6664532</ItemCode>
      <ItemType>0</ItemType>
      <ItemName>דנונה תות 3% 150 גרם</ItemName>
      <ManufacturerName>שטראוס</ManufacturerName>
      <ManufactureCountry>ישראל</ManufactureCountry>
      <ManufacturerItemDescription>דנונה תות 3%150 גרם</ManufacturerItemDescription>
      <UnitQty>גרמים</UnitQty>
      <Quantity>0.00</Quantity>
      <UnitOfMeasure>100 גרם</UnitOfMeasure>
      <bIsWeighted>0</bIsWeighted>
      <QtyInPackage>1</QtyInPackage>
      <ItemPrice>3.50</ItemPrice>
      <UnitOfMeasurePrice>0.0000</UnitOfMeasurePrice>
      <AllowDiscount>1</AllowDiscount>
      <ItemStatus>1</ItemStatus>
      <ItemId>255346</ItemId>
    </Item>
    <Item>
      <PriceUpdateDate>2015-01-01 00:00:00</PriceUpdateDate>
      <ItemCode>710069104907</ItemCode>
      <ItemType>0</ItemType>
      <ItemName>לפתן מנדרינות שלם גפ</ItemName>
      <ManufacturerName>,</ManufacturerName>
      <ManufactureCountry>לא ידוע</ManufactureCountry>
      <ManufacturerItemDescription>לפתן מנדרינות שלם גפן 312 גרם וואלאווע</ManufacturerItemDescription>
      <UnitQty>גרמים</UnitQty>
      <Quantity>312.00</Quantity>
      <UnitOfMeasure>100 גרם</UnitOfMeasure>
      <bIsWeighted>0</bIsWeighted>
      <QtyInPackage>1</QtyInPackage>
      <ItemPrice>4.90</ItemPrice>
      <UnitOfMeasurePrice>1.5705</UnitOfMeasurePrice>
      <AllowDiscount>1</AllowDiscount>
      <ItemStatus>1</ItemStatus>
      <ItemId>244363</ItemId>
    </Item>
    <Item>
      <PriceUpdateDate>2015-01-01 00:00:00</PriceUpdateDate>
      <ItemCode>7290012929779</ItemCode>
      <ItemType>0</ItemType>
      <ItemName>פסטה ספירלה מחיטה מל</ItemName>
      <ManufacturerName>,</ManufacturerName>
      <ManufactureCountry>לא ידוע</ManufactureCountry>
      <ManufacturerItemDescription>פסטה ספירלה מחיטה מלאה 500 גרם</ManufacturerItemDescription>
      <UnitQty>גרמים</UnitQty>
      <Quantity>500.00</Quantity>
      <UnitOfMeasure>100 גרם</UnitOfMeasure>
      <bIsWeighted>0</bIsWeighted>
      <QtyInPackage>1</QtyInPackage>
      <ItemPrice>4.90</ItemPrice>
      <UnitOfMeasurePrice>0.9800</UnitOfMeasurePrice>
      <AllowDiscount>1</AllowDiscount>
      <ItemStatus>1</ItemStatus>
      <ItemId>232464</ItemId>
    </Item>
    <Item>
      <PriceUpdateDate>2015-01-01 00:00:00</PriceUpdateDate>
      <ItemCode>7290012929786</ItemCode>
      <ItemType>0</ItemType>
      <ItemName>פסטה ספירלה מחיטה מל</ItemName>
      <ManufacturerName>,</ManufacturerName>
      <ManufactureCountry>לא ידוע</ManufactureCountry>
      <ManufacturerItemDescription>פסטה ספירלה מחיטה מלאה 500 גרם</ManufacturerItemDescription>
      <UnitQty>גרמים</UnitQty>
      <Quantity>500.00</Quantity>
      <UnitOfMeasure>100 גרם</UnitOfMeasure>
      <bIsWeighted>0</bIsWeighted>
      <QtyInPackage>1</QtyInPackage>
      <ItemPrice>4.90</ItemPrice>
      <UnitOfMeasurePrice>0.9800</UnitOfMeasurePrice>
      <AllowDiscount>1</AllowDiscount>
      <ItemStatus>1</ItemStatus>
      <ItemId>232465</ItemId>
    </Item>
    <Item>
      <PriceUpdateDate>2015-01-01 00:00:00</PriceUpdateDate>
      <ItemCode>7290012929793</ItemCode>
      <ItemType>0</ItemType>
      <ItemName>ספגטי ספירלה מחיטה מ</ItemName>
      <ManufacturerName>,</ManufacturerName>
      <ManufactureCountry>לא ידוע</ManufactureCountry>
      <ManufacturerItemDescription>ספגטי ספירלה מחיטה מלאה 500 גרם</ManufacturerItemDescription>
      <UnitQty>גרמים</UnitQty>
      <Quantity>500.00</Quantity>
      <UnitOfMeasure>100 גרם</UnitOfMeasure>
      <bIsWeighted>0</bIsWeighted>
      <QtyInPackage>1</QtyInPackage>
      <ItemPrice>4.90</ItemPrice>
      <UnitOfMeasurePrice>0.9800</UnitOfMeasurePrice>
      <AllowDiscount>1</AllowDiscount>
      <ItemStatus>1</ItemStatus>
      <ItemId>232466</ItemId>
    </Item>
    <Item>
      <PriceUpdateDate>2016-02-11 13:45:53</PriceUpdateDate>
      <ItemCode>7290102393268</ItemCode>
      <ItemType>0</ItemType>
      <ItemName>גבינה לבנה 5% 750 גר</ItemName>
      <ManufacturerName>טרה</ManufacturerName>
      <ManufactureCountry>לא ידוע</ManufactureCountry>
      <ManufacturerItemDescription>גבינה לבנה 5% 750 גרם</ManufacturerItemDescription>
      <UnitQty>גרמים</UnitQty>
      <Quantity>750.00</Quantity>
      <UnitOfMeasure>100 גרם</UnitOfMeasure>
      <bIsWeighted>0</bIsWeighted>
      <QtyInPackage>1</QtyInPackage>
      <ItemPrice>13.30</ItemPrice>
      <UnitOfMeasurePrice>1.7733</UnitOfMeasurePrice>
      <AllowDiscount>1</AllowDiscount>
      <ItemStatus>1</ItemStatus>
      <ItemId>232473</ItemId>
    </Item>
    <Item>
      <PriceUpdateDate>2015-01-01 00:00:00</PriceUpdateDate>
      <ItemCode>7290013268020</ItemCode>
      <ItemType>0</ItemType>
      <ItemName>מרכך כביסה מקסימה סו</ItemName>
      <ManufacturerName>סנו</ManufacturerName>
      <ManufactureCountry>לא ידוע</ManufactureCountry>
      <ManufacturerItemDescription>מ.כביסה מקסימה סופר מרוכז אולטר1 ליטר</ManufacturerItemDescription>
      <UnitQty>ליטרים</UnitQty>
      <Quantity>1.00</Quantity>
      <UnitOfMeasure>ליטר    </UnitOfMeasure>
      <bIsWeighted>0</bIsWeighted>
      <QtyInPackage>1</QtyInPackage>
      <ItemPrice>9.90</ItemPrice>
      <UnitOfMeasurePrice>9.9000</UnitOfMeasurePrice>
      <AllowDiscount>1</AllowDiscount>
      <ItemStatus>1</ItemStatus>
      <ItemId>232476</ItemId>
    </Item>
    <Item>
      <PriceUpdateDate>2015-01-01 00:00:00</PriceUpdateDate>
      <ItemCode>7290013268037</ItemCode>
      <ItemType>0</ItemType>
      <ItemName>מרכך כביסה מקסימה סו</ItemName>
      <ManufacturerName>סנו</ManufacturerName>
      <ManufactureCountry>לא ידוע</ManufactureCountry>
      <ManufacturerItemDescription>מ.כביסה מקסימה סופר מרוכז פצולי לבנדר</ManufacturerItemDescription>
      <UnitQty>ליטרים</UnitQty>
      <Quantity>1.00</Quantity>
      <UnitOfMeasure>ליטר    </UnitOfMeasure>
      <bIsWeighted>0</bIsWeighted>
      <QtyInPackage>1</QtyInPackage>
      <ItemPrice>9.90</ItemPrice>
      <UnitOfMeasurePrice>9.9000</UnitOfMeasurePrice>
      <AllowDiscount>1</AllowDiscount>
      <ItemStatus>1</ItemStatus>
      <ItemId>232477</ItemId>
    </Item>
    <Item>
      <PriceUpdateDate>2015-01-01 00:00:00</PriceUpdateDate>
      <ItemCode>2108627</ItemCode>
      <ItemType>0</ItemType>
      <ItemName>פאי למילוי 6 מנות 50</ItemName>
      <ManufacturerName>,</ManufacturerName>
      <ManufactureCountry>לא ידוע</ManufactureCountry>
      <ManufacturerItemDescription>פאי למילוי 6 מנות 500 גרם</ManufacturerItemDescription>
      <UnitQty>גרמים</UnitQty>
      <Quantity>500.00</Quantity>
      <UnitOfMeasure>100 גרם</UnitOfMeasure>
      <bIsWeighted>0</bIsWeighted>
      <QtyInPackage>1</QtyInPackage>
      <ItemPrice>14.90</ItemPrice>
      <UnitOfMeasurePrice>2.9800</UnitOfMeasurePrice>
      <AllowDiscount>1</AllowDiscount>
      <ItemStatus>1</ItemStatus>
      <ItemId>252926</ItemId>
    </Item>
    <Item>
      <PriceUpdateDate>2015-01-01 00:00:00</PriceUpdateDate>
      <ItemCode>7290012823381</ItemCode>
      <ItemType>0</ItemType>
      <ItemName>מרכך כביסה מקסימה סו</ItemName>
      <ManufacturerName>סנו</ManufacturerName>
      <ManufactureCountry>לא ידוע</ManufactureCountry>
      <ManufacturerItemDescription>מ.כביסה מקסימה סופר מרוכז סנסטיב 1 ליטר</ManufacturerItemDescription>
      <UnitQty>ליטרים</UnitQty>
      <Quantity>1.00</Quantity>
      <UnitOfMeasure>ליטר    </UnitOfMeasure>
      <bIsWeighted>0</bIsWeighted>
      <QtyInPackage>1</QtyInPackage>
      <ItemPrice>9.90</ItemPrice>
      <UnitOfMeasurePrice>9.9000</UnitOfMeasurePrice>
      <AllowDiscount>1</AllowDiscount>
      <ItemStatus>1</ItemStatus>
      <ItemId>232478</ItemId>
    </Item>
    <Item>
      <PriceUpdateDate>2016-03-04 10:14:20</PriceUpdateDate>
      <ItemCode>7290104856020</ItemCode>
      <ItemType>1</ItemType>
      <ItemName>מגש קינוחים יהלום +</ItemName>
      <ManufacturerName>,</ManufacturerName>
      <ManufactureCountry>לא ידוע</ManufactureCountry>
      <ManufacturerItemDescription>מגש קינוחית</ManufacturerItemDescription>
      <UnitQty>Unknown </UnitQty>
      <Quantity>0.00</Quantity>
      <UnitOfMeasure>Unknown </UnitOfMeasure>
      <bIsWeighted>0</bIsWeighted>
      <QtyInPackage>1</QtyInPackage>
      <ItemPrice>13.90</ItemPrice>
      <UnitOfMeasurePrice>0.0000</UnitOfMeasurePrice>
      <AllowDiscount>1</AllowDiscount>
      <ItemStatus>1</ItemStatus>
      <ItemId>267029</ItemId>
    </Item>
    <Item>
      <PriceUpdateDate>2015-01-01 00:00:00</PriceUpdateDate>
      <ItemCode>7290012823558</ItemCode>
      <ItemType>0</ItemType>
      <ItemName>מטליות ענק לחות סנו</ItemName>
      <ManufacturerName>דינאמיק</ManufacturerName>
      <ManufactureCountry>לא ידוע</ManufactureCountry>
      <ManufacturerItemDescription>מטליות ענק לחות סנו סושי לרצפה</ManufacturerItemDescription>
      <UnitQty>Unknown </UnitQty>
      <Quantity>0.00</Quantity>
      <UnitOfMeasure>Unknown </UnitOfMeasure>
      <bIsWeighted>0</bIsWeighted>
      <QtyInPackage>1</QtyInPackage>
      <ItemPrice>6.90</ItemPrice>
      <UnitOfMeasurePrice>0.0000</UnitOfMeasurePrice>
      <AllowDiscount>1</AllowDiscount>
      <ItemStatus>1</ItemStatus>
      <ItemId>232488</ItemId>
    </Item>
    <Item>
      <PriceUpdateDate>2015-01-01 00:00:00</PriceUpdateDate>
      <ItemCode>7290011889869</ItemCode>
      <ItemType>0</ItemType>
      <ItemName>גלידה משפחתית 5 טעמי</ItemName>
      <ManufacturerName>שטראוס</ManufacturerName>
      <ManufactureCountry>ישראל</ManufactureCountry>
      <ManufacturerItemDescription>גלידה משפחתית 5 טעמים שוקולד עוגיות  2 ל</ManufacturerItemDescription>
      <UnitQty>ליטרים</UnitQty>
      <Quantity>2.00</Quantity>
      <UnitOfMeasure>ליטר    </UnitOfMeasure>
      <bIsWeighted>0</bIsWeighted>
      <QtyInPackage>1</QtyInPackage>
      <ItemPrice>17.90</ItemPrice>
      <UnitOfMeasurePrice>8.9500</UnitOfMeasurePrice>
      <AllowDiscount>1</AllowDiscount>
      <ItemStatus>1</ItemStatus>
      <ItemId>232496</ItemId>
    </Item>
    <Item>
      <PriceUpdateDate>2015-09-01 11:09:46</PriceUpdateDate>
      <ItemCode>7290012864001</ItemCode>
      <ItemType>0</ItemType>
      <ItemName>נבטי חמניות</ItemName>
      <ManufacturerName>,</ManufacturerName>
      <ManufactureCountry>לא ידוע</ManufactureCountry>
      <ManufacturerItemDescription>נבטי חמניות</ManufacturerItemDescription>
      <UnitQty>Unknown </UnitQty>
      <Quantity>0.00</Quantity>
      <UnitOfMeasure>Unknown </UnitOfMeasure>
      <bIsWeighted>0</bIsWeighted>
      <QtyInPackage>1</QtyInPackage>
      <ItemPrice>9.90</ItemPrice>
      <UnitOfMeasurePrice>0.0000</UnitOfMeasurePrice>
      <AllowDiscount>1</AllowDiscount>
      <ItemStatus>1</ItemStatus>
      <ItemId>232503</ItemId>
    </Item>
    <Item>
      <PriceUpdateDate>2016-02-24 13:44:00</PriceUpdateDate>
      <ItemCode>5413149922907</ItemCode>
      <ItemType>0</ItemType>
      <ItemName>אבקת כביסה אריאל 5 ק</ItemName>
      <ManufacturerName>פרוקטר</ManufacturerName>
      <ManufactureCountry>לא ידוע</ManufactureCountry>
      <ManufacturerItemDescription>א.כביסה אריאל 5 ק"ג קולור</ManufacturerItemDescription>
      <UnitQty>קילוגרמים</UnitQty>
      <Quantity>5.00</Quantity>
      <UnitOfMeasure>ק"ג     </UnitOfMeasure>
      <bIsWeighted>0</bIsWeighted>
      <QtyInPackage>1</QtyInPackage>
      <ItemPrice>39.90</ItemPrice>
      <UnitOfMeasurePrice>7.9800</UnitOfMeasurePrice>
      <AllowDiscount>1</AllowDiscount>
      <ItemStatus>1</ItemStatus>
      <ItemId>232508</ItemId>
    </Item>
    <Item>
      <PriceUpdateDate>2015-01-01 00:00:00</PriceUpdateDate>
      <ItemCode>52946</ItemCode>
      <ItemType>0</ItemType>
      <ItemName>מאגדת יופלה מעודן 8</ItemName>
      <ManufacturerName>תנובה מרכז שיתופי לש</ManufacturerName>
      <ManufactureCountry>לא ידוע</ManufactureCountry>
      <ManufacturerItemDescription>מאגדת יופלה מעודן 8 יח בד"צ</ManufacturerItemDescription>
      <UnitQty>קילוגרמים</UnitQty>
      <Quantity>1.20</Quantity>
      <UnitOfMeasure>ק"ג     </UnitOfMeasure>
      <bIsWeighted>0</bIsWeighted>
      <QtyInPackage>1</QtyInPackage>
      <ItemPrice>15.90</ItemPrice>
      <UnitOfMeasurePrice>13.2500</UnitOfMeasurePrice>
      <AllowDiscount>1</AllowDiscount>
      <ItemStatus>1</ItemStatus>
      <ItemId>232532</ItemId>
    </Item>
    <Item>
      <PriceUpdateDate>2015-01-01 00:00:00</PriceUpdateDate>
      <ItemCode>598994</ItemCode>
      <ItemType>0</ItemType>
      <ItemName>פתיבר מקמח מלא 750 ג</ItemName>
      <ManufacturerName>,</ManufacturerName>
      <ManufactureCountry>לא ידוע</ManufactureCountry>
      <ManufacturerItemDescription>פתיבר מקמח מלא 750 גרם</ManufacturerItemDescription>
      <UnitQty>גרמים</UnitQty>
      <Quantity>750.00</Quantity>
      <UnitOfMeasure>100 גרם</UnitOfMeasure>
      <bIsWeighted>0</bIsWeighted>
      <QtyInPackage>1</QtyInPackage>
      <ItemPrice>15.90</ItemPrice>
      <UnitOfMeasurePrice>2.1200</UnitOfMeasurePrice>
      <AllowDiscount>1</AllowDiscount>
      <ItemStatus>1</ItemStatus>
      <ItemId>232688</ItemId>
    </Item>
    <Item>
      <PriceUpdateDate>2015-01-01 00:00:00</PriceUpdateDate>
      <ItemCode>835811005025</ItemCode>
      <ItemType>0</ItemType>
      <ItemName>סיר אלומיניום בינוני</ItemName>
      <ManufacturerName>,</ManufacturerName>
      <ManufactureCountry>לא ידוע</ManufactureCountry>
      <ManufacturerItemDescription>סיר אלומיניום בינוני 2 יח + מכסה</ManufacturerItemDescription>
      <UnitQty>Unknown </UnitQty>
      <Quantity>0.00</Quantity>
      <UnitOfMeasure>Unknown </UnitOfMeasure>
      <bIsWeighted>0</bIsWeighted>
      <QtyInPackage>1</QtyInPackage>
      <ItemPrice>14.90</ItemPrice>
      <UnitOfMeasurePrice>0.0000</UnitOfMeasurePrice>
      <AllowDiscount>1</AllowDiscount>
      <ItemStatus>1</ItemStatus>
      <ItemId>232696</ItemId>
    </Item>
    <Item>
      <PriceUpdateDate>2015-01-01 00:00:00</PriceUpdateDate>
      <ItemCode>111688084</ItemCode>
      <ItemType>0</ItemType>
      <ItemName>מים מינרלים קטן בודד</ItemName>
      <ManufacturerName>,</ManufacturerName>
      <ManufactureCountry>לא ידוע</ManufactureCountry>
      <ManufacturerItemDescription>מים מינרלים קטן בודד</ManufacturerItemDescription>
      <UnitQty>מיליליטרים</UnitQty>
      <Quantity>330.00</Quantity>
      <UnitOfMeasure>100 מ"ל</UnitOfMeasure>
      <bIsWeighted>0</bIsWeighted>
      <QtyInPackage>1</QtyInPackage>
      <ItemPrice>3.20</ItemPrice>
      <UnitOfMeasurePrice>0.9697</UnitOfMeasurePrice>
      <AllowDiscount>1</AllowDiscount>
      <ItemStatus>1</ItemStatus>
      <ItemId>232702</ItemId>
    </Item>
    <Item>
      <PriceUpdateDate>2015-01-01 00:00:00</PriceUpdateDate>
      <ItemCode>498126</ItemCode>
      <ItemType>0</ItemType>
      <ItemName>לחמניה רגילה 75 גרם</ItemName>
      <ManufacturerName>מאפית י את א ברמן בע</ManufacturerName>
      <ManufactureCountry>לא ידוע</ManufactureCountry>
      <ManufacturerItemDescription>לחמניה רגילה 75 גרם</ManufacturerItemDescription>
      <UnitQty>גרמים</UnitQty>
      <Quantity>75.00</Quantity>
      <UnitOfMeasure>100 גרם</UnitOfMeasure>
      <bIsWeighted>0</bIsWeighted>
      <QtyInPackage>1</QtyInPackage>
      <ItemPrice>1.60</ItemPrice>
      <UnitOfMeasurePrice>2.1333</UnitOfMeasurePrice>
      <AllowDiscount>1</AllowDiscount>
      <ItemStatus>1</ItemStatus>
      <ItemId>232779</ItemId>
    </Item>
    <Item>
      <PriceUpdateDate>2015-01-01 00:00:00</PriceUpdateDate>
      <ItemCode>498164</ItemCode>
      <ItemType>0</ItemType>
      <ItemName>חצי בגט 125 גרם</ItemName>
      <ManufacturerName>מאפית י את א ברמן בע</ManufacturerName>
      <ManufactureCountry>לא ידוע</ManufactureCountry>
      <ManufacturerItemDescription>חצי בגט 125 גרם</ManufacturerItemDescription>
      <UnitQty>גרמים</UnitQty>
      <Quantity>120.00</Quantity>
      <UnitOfMeasure>100 גרם</UnitOfMeasure>
      <bIsWeighted>0</bIsWeighted>
      <QtyInPackage>1</QtyInPackage>
      <ItemPrice>3.90</ItemPrice>
      <UnitOfMeasurePrice>3.2500</UnitOfMeasurePrice>
      <AllowDiscount>1</AllowDiscount>
      <ItemStatus>1</ItemStatus>
      <ItemId>232780</ItemId>
    </Item>
    <Item>
      <PriceUpdateDate>2015-01-01 00:00:00</PriceUpdateDate>
      <ItemCode>194298</ItemCode>
      <ItemType>0</ItemType>
      <ItemName>לחמניה ארוכה שומשום</ItemName>
      <ManufacturerName>מאפית י את א ברמן בע</ManufacturerName>
      <ManufactureCountry>לא ידוע</ManufactureCountry>
      <ManufacturerItemDescription>לחמניה ארוכה שומשום 120 גרם</ManufacturerItemDescription>
      <UnitQty>גרמים</UnitQty>
      <Quantity>120.00</Quantity>
      <UnitOfMeasure>100 גרם</UnitOfMeasure>
      <bIsWeighted>0</bIsWeighted>
      <QtyInPackage>1</QtyInPackage>
      <ItemPrice>2.50</ItemPrice>
      <UnitOfMeasurePrice>2.0833</UnitOfMeasurePrice>
      <AllowDiscount>1</AllowDiscount>
      <ItemStatus>1</ItemStatus>
      <ItemId>232781</ItemId>
    </Item>
    <Item>
      <PriceUpdateDate>2015-01-01 00:00:00</PriceUpdateDate>
      <ItemCode>2881</ItemCode>
      <ItemType>0</ItemType>
      <ItemName>לחמניות ביסים 50 גרם</ItemName>
      <ManufacturerName>,</ManufacturerName>
      <ManufactureCountry>לא ידוע</ManufactureCountry>
      <ManufacturerItemDescription>לחמניות ביסים 50 גרם</ManufacturerItemDescription>
      <UnitQty>גרמים</UnitQty>
      <Quantity>120.00</Quantity>
      <UnitOfMeasure>100 גרם</UnitOfMeasure>
      <bIsWeighted>0</bIsWeighted>
      <QtyInPackage>1</QtyInPackage>
      <ItemPrice>1.10</ItemPrice>
      <UnitOfMeasurePrice>0.9167</UnitOfMeasurePrice>
      <AllowDiscount>1</AllowDiscount>
      <ItemStatus>1</ItemStatus>
      <ItemId>232782</ItemId>
    </Item>
    <Item>
      <PriceUpdateDate>2015-01-01 00:00:00</PriceUpdateDate>
      <ItemCode>5287084</ItemCode>
      <ItemType>0</ItemType>
      <ItemName>פילה טונה ס.ק מעושנת</ItemName>
      <ManufacturerName>סטארקיסט</ManufacturerName>
      <ManufactureCountry>לא ידוע</ManufactureCountry>
      <ManufacturerItemDescription>פילה טונה ס.ק מעושנת 115 גרם</ManufacturerItemDescription>
      <UnitQty>גרמים</UnitQty>
      <Quantity>115.00</Quantity>
      <UnitOfMeasure>100 גרם</UnitOfMeasure>
      <bIsWeighted>0</bIsWeighted>
      <QtyInPackage>1</QtyInPackage>
      <ItemPrice>9.90</ItemPrice>
      <UnitOfMeasurePrice>8.6087</UnitOfMeasurePrice>
      <AllowDiscount>1</AllowDiscount>
      <ItemStatus>1</ItemStatus>
      <ItemId>232784</ItemId>
    </Item>
    <Item>
      <PriceUpdateDate>2015-01-01 00:00:00</PriceUpdateDate>
      <ItemCode>7290012001994</ItemCode>
      <ItemType>0</ItemType>
      <ItemName>חרדל דיזון גרעינים 3</ItemName>
      <ManufacturerName>ריין דיזון</ManufacturerName>
      <ManufactureCountry>לא ידוע</ManufactureCountry>
      <ManufacturerItemDescription>חרדל דיזון גרעינים 370 גרם</ManufacturerItemDescription>
      <UnitQty>גרמים</UnitQty>
      <Quantity>370.00</Quantity>
      <UnitOfMeasure>100 גרם</UnitOfMeasure>
      <bIsWeighted>0</bIsWeighted>
      <QtyInPackage>1</QtyInPackage>
      <ItemPrice>11.90</ItemPrice>
      <UnitOfMeasurePrice>3.2162</UnitOfMeasurePrice>
      <AllowDiscount>1</AllowDiscount>
      <ItemStatus>1</ItemStatus>
      <ItemId>232785</ItemId>
    </Item>
    <Item>
      <PriceUpdateDate>2015-01-01 00:00:00</PriceUpdateDate>
      <ItemCode>143217</ItemCode>
      <ItemType>0</ItemType>
      <ItemName>שמפו הוואי לשיער יבש</ItemName>
      <ManufacturerName>הנקל סוד</ManufacturerName>
      <ManufactureCountry>לא ידוע</ManufactureCountry>
      <ManufacturerItemDescription>שמפו הוואי לשיער יבש 700 מ"ל</ManufacturerItemDescription>
      <UnitQty>מיליליטרים</UnitQty>
      <Quantity>700.00</Quantity>
      <UnitOfMeasure>100 מ"ל</UnitOfMeasure>
      <bIsWeighted>0</bIsWeighted>
      <QtyInPackage>1</QtyInPackage>
      <ItemPrice>7.90</ItemPrice>
      <UnitOfMeasurePrice>1.1286</UnitOfMeasurePrice>
      <AllowDiscount>1</AllowDiscount>
      <ItemStatus>1</ItemStatus>
      <ItemId>232819</ItemId>
    </Item>
    <Item>
      <PriceUpdateDate>2015-01-01 00:00:00</PriceUpdateDate>
      <ItemCode>143200</ItemCode>
      <ItemType>0</ItemType>
      <ItemName>מרכך הוואי לשיער יבש</ItemName>
      <ManufacturerName>הנקל סוד</ManufacturerName>
      <ManufactureCountry>לא ידוע</ManufactureCountry>
      <ManufacturerItemDescription>מרכך הוואי לשיער יבש 700 מ"ל</ManufacturerItemDescription>
      <UnitQty>מיליליטרים</UnitQty>
      <Quantity>700.00</Quantity>
      <UnitOfMeasure>100 מ"ל</UnitOfMeasure>
      <bIsWeighted>0</bIsWeighted>
      <QtyInPackage>1</QtyInPackage>
      <ItemPrice>7.90</ItemPrice>
      <UnitOfMeasurePrice>1.1286</UnitOfMeasurePrice>
      <AllowDiscount>1</AllowDiscount>
      <ItemStatus>1</ItemStatus>
      <ItemId>232820</ItemId>
    </Item>
    <Item>
      <PriceUpdateDate>2015-08-12 10:25:05</PriceUpdateDate>
      <ItemCode>4436124</ItemCode>
      <ItemType>0</ItemType>
      <ItemName>טחון בקר שארית ישראל</ItemName>
      <ManufacturerName>,</ManufacturerName>
      <ManufactureCountry>לא ידוע</ManufactureCountry>
      <ManufacturerItemDescription>טחון בקר שארית ישראל</ManufacturerItemDescription>
      <UnitQty>קילוגרמים</UnitQty>
      <Quantity>1.00</Quantity>
      <UnitOfMeasure>ק"ג</UnitOfMeasure>
      <bIsWeighted>1</bIsWeighted>
      <QtyInPackage>לא ידוע</QtyInPackage>
      <ItemPrice>69.90</ItemPrice>
      <UnitOfMeasurePrice>69.9000</UnitOfMeasurePrice>
      <AllowDiscount>1</AllowDiscount>
      <ItemStatus>1</ItemStatus>
      <ItemId>232822</ItemId>
    </Item>
    <Item>
      <PriceUpdateDate>2015-08-12 10:25:05</PriceUpdateDate>
      <ItemCode>4436056</ItemCode>
      <ItemType>0</ItemType>
      <ItemName>גולש לחמין שארית ישר</ItemName>
      <ManufacturerName>,</ManufacturerName>
      <ManufactureCountry>לא ידוע</ManufactureCountry>
      <ManufacturerItemDescription>גולש לחמין שארית ישראל</ManufacturerItemDescription>
      <UnitQty>קילוגרמים</UnitQty>
      <Quantity>1.00</Quantity>
      <UnitOfMeasure>ק"ג</UnitOfMeasure>
      <bIsWeighted>1</bIsWeighted>
      <QtyInPackage>לא ידוע</QtyInPackage>
      <ItemPrice>69.90</ItemPrice>
      <UnitOfMeasurePrice>69.9000</UnitOfMeasurePrice>
      <AllowDiscount>1</AllowDiscount>
      <ItemStatus>1</ItemStatus>
      <ItemId>232823</ItemId>
    </Item>
    <Item>
      <PriceUpdateDate>2015-08-12 10:25:05</PriceUpdateDate>
      <ItemCode>4436094</ItemCode>
      <ItemType>0</ItemType>
      <ItemName>בשר לחמין ספריבס שאר</ItemName>
      <ManufacturerName>,</ManufacturerName>
      <ManufactureCountry>לא ידוע</ManufactureCountry>
      <ManufacturerItemDescription>בשר לחמין ספריבס שארית ישראל</ManufacturerItemDescription>
      <UnitQty>קילוגרמים</UnitQty>
      <Quantity>1.00</Quantity>
      <UnitOfMeasure>ק"ג</UnitOfMeasure>
      <bIsWeighted>1</bIsWeighted>
      <QtyInPackage>לא ידוע</QtyInPackage>
      <ItemPrice>74.90</ItemPrice>
      <UnitOfMeasurePrice>74.9000</UnitOfMeasurePrice>
      <AllowDiscount>1</AllowDiscount>
      <ItemStatus>1</ItemStatus>
      <ItemId>232825</ItemId>
    </Item>
    <Item>
      <PriceUpdateDate>2016-04-03 09:50:55</PriceUpdateDate>
      <ItemCode>4436001</ItemCode>
      <ItemType>0</ItemType>
      <ItemName>בשר מס 3 חזה שארית י</ItemName>
      <ManufacturerName>,</ManufacturerName>
      <ManufactureCountry>לא ידוע</ManufactureCountry>
      <ManufacturerItemDescription>בשר מס 3 חזה שארית ישראל</ManufacturerItemDescription>
      <UnitQty>קילוגרמים</UnitQty>
      <Quantity>1.00</Quantity>
      <UnitOfMeasure>ק"ג</UnitOfMeasure>
      <bIsWeighted>1</bIsWeighted>
      <QtyInPackage>לא ידוע</QtyInPackage>
      <ItemPrice>67.90</ItemPrice>
      <UnitOfMeasurePrice>67.9000</UnitOfMeasurePrice>
      <AllowDiscount>1</AllowDiscount>
      <ItemStatus>1</ItemStatus>
      <ItemId>232826</ItemId>
    </Item>
    <Item>
      <PriceUpdateDate>2016-04-03 09:50:56</PriceUpdateDate>
      <ItemCode>4436025</ItemCode>
      <ItemType>0</ItemType>
      <ItemName>בשר מס 5 צלי כתף שאר</ItemName>
      <ManufacturerName>,</ManufacturerName>
      <ManufactureCountry>לא ידוע</ManufactureCountry>
      <ManufacturerItemDescription>בשר מס 5 צלי כתף שארית ישראל</ManufacturerItemDescription>
      <UnitQty>קילוגרמים</UnitQty>
      <Quantity>1.00</Quantity>
      <UnitOfMeasure>ק"ג</UnitOfMeasure>
      <bIsWeighted>1</bIsWeighted>
      <QtyInPackage>לא ידוע</QtyInPackage>
      <ItemPrice>94.90</ItemPrice>
      <UnitOfMeasurePrice>94.9000</UnitOfMeasurePrice>
      <AllowDiscount>1</AllowDiscount>
      <ItemStatus>1</ItemStatus>
      <ItemId>232828</ItemId>
    </Item>
    <Item>
      <PriceUpdateDate>2015-01-01 00:00:00</PriceUpdateDate>
      <ItemCode>4436261</ItemCode>
      <ItemType>0</ItemType>
      <ItemName>קישקע שארית ישראל</ItemName>
      <ManufacturerName>,</ManufacturerName>
      <ManufactureCountry>לא ידוע</ManufactureCountry>
      <ManufacturerItemDescription>קישקע שארית ישראל</ManufacturerItemDescription>
      <UnitQty>Unknown </UnitQty>
      <Quantity>0.00</Quantity>
      <UnitOfMeasure>Unknown </UnitOfMeasure>
      <bIsWeighted>0</bIsWeighted>
      <QtyInPackage>1</QtyInPackage>
      <ItemPrice>16.90</ItemPrice>
      <UnitOfMeasurePrice>0.0000</UnitOfMeasurePrice>
      <AllowDiscount>1</AllowDiscount>
      <ItemStatus>1</ItemStatus>
      <ItemId>232829</ItemId>
    </Item>
    <Item>
      <PriceUpdateDate>2015-01-01 00:00:00</PriceUpdateDate>
      <ItemCode>4436216</ItemCode>
      <ItemType>0</ItemType>
      <ItemName>קבב שארית ישראל 400</ItemName>
      <ManufacturerName>,</ManufacturerName>
      <ManufactureCountry>לא ידוע</ManufactureCountry>
      <ManufacturerItemDescription>קבב שארית ישראל 400 גרם</ManufacturerItemDescription>
      <UnitQty>גרמים</UnitQty>
      <Quantity>500.00</Quantity>
      <UnitOfMeasure>100 גרם</UnitOfMeasure>
      <bIsWeighted>0</bIsWeighted>
      <QtyInPackage>1</QtyInPackage>
      <ItemPrice>19.90</ItemPrice>
      <UnitOfMeasurePrice>3.9800</UnitOfMeasurePrice>
      <AllowDiscount>1</AllowDiscount>
      <ItemStatus>1</ItemStatus>
      <ItemId>232830</ItemId>
    </Item>
    <Item>
      <PriceUpdateDate>2015-01-01 00:00:00</PriceUpdateDate>
      <ItemCode>4436186</ItemCode>
      <ItemType>0</ItemType>
      <ItemName>המבורגר שארית ישראל</ItemName>
      <ManufacturerName>,</ManufacturerName>
      <ManufactureCountry>לא ידוע</ManufactureCountry>
      <ManufacturerItemDescription>המבורגר שארית ישראל 400 גרם</ManufacturerItemDescription>
      <UnitQty>גרמים</UnitQty>
      <Quantity>500.00</Quantity>
      <UnitOfMeasure>100 גרם</UnitOfMeasure>
      <bIsWeighted>0</bIsWeighted>
      <QtyInPackage>1</QtyInPackage>
      <ItemPrice>19.90</ItemPrice>
      <UnitOfMeasurePrice>3.9800</UnitOfMeasurePrice>
      <AllowDiscount>1</AllowDiscount>
      <ItemStatus>1</ItemStatus>
      <ItemId>232831</ItemId>
    </Item>
    <Item>
      <PriceUpdateDate>2015-08-12 10:25:05</PriceUpdateDate>
      <ItemCode>4436568</ItemCode>
      <ItemType>0</ItemType>
      <ItemName>בשר ברשת מתובל שארית</ItemName>
      <ManufacturerName>,</ManufacturerName>
      <ManufactureCountry>לא ידוע</ManufactureCountry>
      <ManufacturerItemDescription>בשר ברשת מתובל שארית ישראל</ManufacturerItemDescription>
      <UnitQty>קילוגרמים</UnitQty>
      <Quantity>1.00</Quantity>
      <UnitOfMeasure>ק"ג</UnitOfMeasure>
      <bIsWeighted>1</bIsWeighted>
      <QtyInPackage>לא ידוע</QtyInPackage>
      <ItemPrice>69.90</ItemPrice>
      <UnitOfMeasurePrice>69.9000</UnitOfMeasurePrice>
      <AllowDiscount>1</AllowDiscount>
      <ItemStatus>1</ItemStatus>
      <ItemId>232833</ItemId>
    </Item>
    <Item>
      <PriceUpdateDate>2015-08-12 10:25:05</PriceUpdateDate>
      <ItemCode>4436551</ItemCode>
      <ItemType>0</ItemType>
      <ItemName>בשר כבוש שארית ישראל</ItemName>
      <ManufacturerName>,</ManufacturerName>
      <ManufactureCountry>לא ידוע</ManufactureCountry>
      <ManufacturerItemDescription>בשר כבוש שארית ישראל</ManufacturerItemDescription>
      <UnitQty>קילוגרמים</UnitQty>
      <Quantity>1.00</Quantity>
      <UnitOfMeasure>ק"ג</UnitOfMeasure>
      <bIsWeighted>1</bIsWeighted>
      <QtyInPackage>לא ידוע</QtyInPackage>
      <ItemPrice>69.90</ItemPrice>
      <UnitOfMeasurePrice>69.9000</UnitOfMeasurePrice>
      <AllowDiscount>1</AllowDiscount>
      <ItemStatus>1</ItemStatus>
      <ItemId>232834</ItemId>
    </Item>
    <Item>
      <PriceUpdateDate>2015-01-01 00:00:00</PriceUpdateDate>
      <ItemCode>7290012025839</ItemCode>
      <ItemType>0</ItemType>
      <ItemName>מטבוחה אסלי 400 גרם</ItemName>
      <ManufacturerName>סלטי שמיר 2006 בעמ</ManufacturerName>
      <ManufactureCountry>לא ידוע</ManufactureCountry>
      <ManufacturerItemDescription>מטבוחה אסלי 400 גרם שמיר</ManufacturerItemDescription>
      <UnitQty>גרמים</UnitQty>
      <Quantity>400.00</Quantity>
      <UnitOfMeasure>100 גרם</UnitOfMeasure>
      <bIsWeighted>0</bIsWeighted>
      <QtyInPackage>1</QtyInPackage>
      <ItemPrice>4.90</ItemPrice>
      <UnitOfMeasurePrice>1.2250</UnitOfMeasurePrice>
      <AllowDiscount>1</AllowDiscount>
      <ItemStatus>1</ItemStatus>
      <ItemId>232852</ItemId>
    </Item>
    <Item>
      <PriceUpdateDate>2015-01-01 00:00:00</PriceUpdateDate>
      <ItemCode>303598</ItemCode>
      <ItemType>0</ItemType>
      <ItemName>שעועית ברוטב א-2 פרי</ItemName>
      <ManufacturerName>,</ManufacturerName>
      <ManufactureCountry>לא ידוע</ManufactureCountry>
      <ManufacturerItemDescription>שעועית ברוטב א-2 פרי גליל</ManufacturerItemDescription>
      <UnitQty>גרמים</UnitQty>
      <Quantity>600.00</Quantity>
      <UnitOfMeasure>100 גרם</UnitOfMeasure>
      <bIsWeighted>0</bIsWeighted>
      <QtyInPackage>1</QtyInPackage>
      <ItemPrice>5.90</ItemPrice>
      <UnitOfMeasurePrice>0.9833</UnitOfMeasurePrice>
      <AllowDiscount>1</AllowDiscount>
      <ItemStatus>1</ItemStatus>
      <ItemId>232863</ItemId>
    </Item>
    <Item>
      <PriceUpdateDate>2015-01-01 00:00:00</PriceUpdateDate>
      <ItemCode>2107965</ItemCode>
      <ItemType>0</ItemType>
      <ItemName>גבינת טבורוג לאפייה</ItemName>
      <ManufacturerName>מחלבת משק צוריאל</ManufacturerName>
      <ManufactureCountry>לא ידוע</ManufactureCountry>
      <ManufacturerItemDescription>גבינת טבורוג לאפייה 5% 500 גרם</ManufacturerItemDescription>
      <UnitQty>גרמים</UnitQty>
      <Quantity>500.00</Quantity>
      <UnitOfMeasure>100 גרם</UnitOfMeasure>
      <bIsWeighted>0</bIsWeighted>
      <QtyInPackage>1</QtyInPackage>
      <ItemPrice>21.90</ItemPrice>
      <UnitOfMeasurePrice>4.3800</UnitOfMeasurePrice>
      <AllowDiscount>1</AllowDiscount>
      <ItemStatus>1</ItemStatus>
      <ItemId>246514</ItemId>
    </Item>
    <Item>
      <PriceUpdateDate>2015-01-01 00:00:00</PriceUpdateDate>
      <ItemCode>531977</ItemCode>
      <ItemType>0</ItemType>
      <ItemName>בורקס גבינה 800 גרם</ItemName>
      <ManufacturerName>זוגלובק</ManufacturerName>
      <ManufactureCountry>לא ידוע</ManufactureCountry>
      <ManufacturerItemDescription>בורקס גבינה 800 גרם בד"צ העדה החרדית</ManufacturerItemDescription>
      <UnitQty>גרמים</UnitQty>
      <Quantity>800.00</Quantity>
      <UnitOfMeasure>100 גרם</UnitOfMeasure>
      <bIsWeighted>0</bIsWeighted>
      <QtyInPackage>1</QtyInPackage>
      <ItemPrice>13.90</ItemPrice>
      <UnitOfMeasurePrice>1.7375</UnitOfMeasurePrice>
      <AllowDiscount>1</AllowDiscount>
      <ItemStatus>1</ItemStatus>
      <ItemId>232942</ItemId>
    </Item>
    <Item>
      <PriceUpdateDate>2015-01-01 00:00:00</PriceUpdateDate>
      <ItemCode>7290103402853</ItemCode>
      <ItemType>0</ItemType>
      <ItemName>אצבעות שוקולד במילוי</ItemName>
      <ManufacturerName>,</ManufacturerName>
      <ManufactureCountry>לא ידוע</ManufactureCountry>
      <ManufacturerItemDescription>אצבעות שוקולד במילוי קרם חלב ועוגיות</ManufacturerItemDescription>
      <UnitQty>גרמים</UnitQty>
      <Quantity>96.00</Quantity>
      <UnitOfMeasure>100 גרם</UnitOfMeasure>
      <bIsWeighted>0</bIsWeighted>
      <QtyInPackage>1</QtyInPackage>
      <ItemPrice>6.90</ItemPrice>
      <UnitOfMeasurePrice>7.1875</UnitOfMeasurePrice>
      <AllowDiscount>1</AllowDiscount>
      <ItemStatus>1</ItemStatus>
      <ItemId>232958</ItemId>
    </Item>
    <Item>
      <PriceUpdateDate>2015-01-01 00:00:00</PriceUpdateDate>
      <ItemCode>7290103402860</ItemCode>
      <ItemType>0</ItemType>
      <ItemName>אצבעות שוקולד במילוי</ItemName>
      <ManufacturerName>,</ManufacturerName>
      <ManufactureCountry>לא ידוע</ManufactureCountry>
      <ManufacturerItemDescription>אצבעות שוקולד במילוי קרם שוקולד ועדשים</ManufacturerItemDescription>
      <UnitQty>גרמים</UnitQty>
      <Quantity>96.00</Quantity>
      <UnitOfMeasure>100 גרם</UnitOfMeasure>
      <bIsWeighted>0</bIsWeighted>
      <QtyInPackage>1</QtyInPackage>
      <ItemPrice>6.90</ItemPrice>
      <UnitOfMeasurePrice>7.1875</UnitOfMeasurePrice>
      <AllowDiscount>1</AllowDiscount>
      <ItemStatus>1</ItemStatus>
      <ItemId>232959</ItemId>
    </Item>
    <Item>
      <PriceUpdateDate>2015-01-01 00:00:00</PriceUpdateDate>
      <ItemCode>7290104065187</ItemCode>
      <ItemType>0</ItemType>
      <ItemName>קפה נמס מוקה 200 גרם</ItemName>
      <ManufacturerName>שטראוס</ManufacturerName>
      <ManufactureCountry>ישראל</ManufactureCountry>
      <ManufacturerItemDescription>קפה נמס מוקה 200 גרם</ManufacturerItemDescription>
      <UnitQty>גרמים</UnitQty>
      <Quantity>200.00</Quantity>
      <UnitOfMeasure>100 גרם</UnitOfMeasure>
      <bIsWeighted>0</bIsWeighted>
      <QtyInPackage>1</QtyInPackage>
      <ItemPrice>19.90</ItemPrice>
      <UnitOfMeasurePrice>9.9500</UnitOfMeasurePrice>
      <AllowDiscount>1</AllowDiscount>
      <ItemStatus>1</ItemStatus>
      <ItemId>232960</ItemId>
    </Item>
    <Item>
      <PriceUpdateDate>2015-01-01 00:00:00</PriceUpdateDate>
      <ItemCode>835811006367</ItemCode>
      <ItemType>0</ItemType>
      <ItemName>צלחות גדולות תבור 10</ItemName>
      <ManufacturerName>,</ManufacturerName>
      <ManufactureCountry>לא ידוע</ManufactureCountry>
      <ManufacturerItemDescription>צלחות גדולות תבור 10 יח</ManufacturerItemDescription>
      <UnitQty>Unknown </UnitQty>
      <Quantity>0.00</Quantity>
      <UnitOfMeasure>Unknown </UnitOfMeasure>
      <bIsWeighted>0</bIsWeighted>
      <QtyInPackage>1</QtyInPackage>
      <ItemPrice>16.90</ItemPrice>
      <UnitOfMeasurePrice>0.0000</UnitOfMeasurePrice>
      <AllowDiscount>1</AllowDiscount>
      <ItemStatus>1</ItemStatus>
      <ItemId>251802</ItemId>
    </Item>
    <Item>
      <PriceUpdateDate>2015-01-01 00:00:00</PriceUpdateDate>
      <ItemCode>835811006350</ItemCode>
      <ItemType>0</ItemType>
      <ItemName>צלחות קטנות תבור 10</ItemName>
      <ManufacturerName>,</ManufacturerName>
      <ManufactureCountry>לא ידוע</ManufactureCountry>
      <ManufacturerItemDescription>צלחות קטנות תבור 10 יח</ManufacturerItemDescription>
      <UnitQty>Unknown </UnitQty>
      <Quantity>0.00</Quantity>
      <UnitOfMeasure>Unknown </UnitOfMeasure>
      <bIsWeighted>0</bIsWeighted>
      <QtyInPackage>1</QtyInPackage>
      <ItemPrice>11.90</ItemPrice>
      <UnitOfMeasurePrice>0.0000</UnitOfMeasurePrice>
      <AllowDiscount>1</AllowDiscount>
      <ItemStatus>1</ItemStatus>
      <ItemId>251803</ItemId>
    </Item>
    <Item>
      <PriceUpdateDate>2015-01-01 00:00:00</PriceUpdateDate>
      <ItemCode>5431593</ItemCode>
      <ItemType>0</ItemType>
      <ItemName>מארז זוג קדאיף גדול</ItemName>
      <ManufacturerName>,</ManufacturerName>
      <ManufactureCountry>לא ידוע</ManufactureCountry>
      <ManufacturerItemDescription>מארז זוג קדאיף גדול עדן קינוחים</ManufacturerItemDescription>
      <UnitQty>Unknown </UnitQty>
      <Quantity>0.00</Quantity>
      <UnitOfMeasure>Unknown </UnitOfMeasure>
      <bIsWeighted>0</bIsWeighted>
      <QtyInPackage>1</QtyInPackage>
      <ItemPrice>11.90</ItemPrice>
      <UnitOfMeasurePrice>0.0000</UnitOfMeasurePrice>
      <AllowDiscount>1</AllowDiscount>
      <ItemStatus>1</ItemStatus>
      <ItemId>252927</ItemId>
    </Item>
    <Item>
      <PriceUpdateDate>2015-01-01 00:00:00</PriceUpdateDate>
      <ItemCode>77253</ItemCode>
      <ItemType>0</ItemType>
      <ItemName>לחמית כפרית 190 גרם</ItemName>
      <ManufacturerName>אסם</ManufacturerName>
      <ManufactureCountry>לא ידוע</ManufactureCountry>
      <ManufacturerItemDescription>לחמית כפרית 190 גרם</ManufacturerItemDescription>
      <UnitQty>גרמים</UnitQty>
      <Quantity>190.00</Quantity>
      <UnitOfMeasure>100 גרם</UnitOfMeasure>
      <bIsWeighted>0</bIsWeighted>
      <QtyInPackage>1</QtyInPackage>
      <ItemPrice>9.90</ItemPrice>
      <UnitOfMeasurePrice>5.2105</UnitOfMeasurePrice>
      <AllowDiscount>1</AllowDiscount>
      <ItemStatus>1</ItemStatus>
      <ItemId>233018</ItemId>
    </Item>
    <Item>
      <PriceUpdateDate>2016-03-01 11:17:27</PriceUpdateDate>
      <ItemCode>7290000907673</ItemCode>
      <ItemType>1</ItemType>
      <ItemName>לאפי טאפי תות 24 יח</ItemName>
      <ManufacturerName>,</ManufacturerName>
      <ManufactureCountry>לא ידוע</ManufactureCountry>
      <ManufacturerItemDescription>לאפי טאפי תות 24 יח</ManufacturerItemDescription>
      <UnitQty>גרמים</UnitQty>
      <Quantity>551.00</Quantity>
      <UnitOfMeasure>100 גרם</UnitOfMeasure>
      <bIsWeighted>0</bIsWeighted>
      <QtyInPackage>1</QtyInPackage>
      <ItemPrice>14.90</ItemPrice>
      <UnitOfMeasurePrice>2.7042</UnitOfMeasurePrice>
      <AllowDiscount>1</AllowDiscount>
      <ItemStatus>1</ItemStatus>
      <ItemId>267049</ItemId>
    </Item>
    <Item>
      <PriceUpdateDate>2015-11-01 10:55:54</PriceUpdateDate>
      <ItemCode>7290012227561</ItemCode>
      <ItemType>0</ItemType>
      <ItemName>פיצה מרגריטה חסכונית</ItemName>
      <ManufacturerName>,</ManufacturerName>
      <ManufactureCountry>לא ידוע</ManufactureCountry>
      <ManufacturerItemDescription>פיצה מרגריטה חסכונית 5 יח</ManufacturerItemDescription>
      <UnitQty>קילוגרמים</UnitQty>
      <Quantity>2.50</Quantity>
      <UnitOfMeasure>ק"ג     </UnitOfMeasure>
      <bIsWeighted>0</bIsWeighted>
      <QtyInPackage>1</QtyInPackage>
      <ItemPrice>49.90</ItemPrice>
      <UnitOfMeasurePrice>19.9600</UnitOfMeasurePrice>
      <AllowDiscount>1</AllowDiscount>
      <ItemStatus>1</ItemStatus>
      <ItemId>248635</ItemId>
    </Item>
    <Item>
      <PriceUpdateDate>2015-01-01 00:00:00</PriceUpdateDate>
      <ItemCode>7290103155735</ItemCode>
      <ItemType>0</ItemType>
      <ItemName>צלחת פסים שקוף כסף 1</ItemName>
      <ManufacturerName>HANTRONIX</ManufacturerName>
      <ManufactureCountry>לא ידוע</ManufactureCountry>
      <ManufacturerItemDescription>צלחת פסים שקוף כסף 10 יח</ManufacturerItemDescription>
      <UnitQty>Unknown </UnitQty>
      <Quantity>0.00</Quantity>
      <UnitOfMeasure>Unknown </UnitOfMeasure>
      <bIsWeighted>0</bIsWeighted>
      <QtyInPackage>1</QtyInPackage>
      <ItemPrice>24.90</ItemPrice>
      <UnitOfMeasurePrice>0.0000</UnitOfMeasurePrice>
      <AllowDiscount>1</AllowDiscount>
      <ItemStatus>1</ItemStatus>
      <ItemId>252081</ItemId>
    </Item>
    <Item>
      <PriceUpdateDate>2015-01-01 00:00:00</PriceUpdateDate>
      <ItemCode>2929642</ItemCode>
      <ItemType>0</ItemType>
      <ItemName>מארז 1/4 טונה בשמן ו</ItemName>
      <ManufacturerName>,</ManufacturerName>
      <ManufactureCountry>לא ידוע</ManufactureCountry>
      <ManufacturerItemDescription>מארז 1/4 טונה בשמן ויליגר 140 גרם</ManufacturerItemDescription>
      <UnitQty>גרמים</UnitQty>
      <Quantity>560.00</Quantity>
      <UnitOfMeasure>100 גרם</UnitOfMeasure>
      <bIsWeighted>0</bIsWeighted>
      <QtyInPackage>1</QtyInPackage>
      <ItemPrice>16.90</ItemPrice>
      <UnitOfMeasurePrice>3.0179</UnitOfMeasurePrice>
      <AllowDiscount>1</AllowDiscount>
      <ItemStatus>1</ItemStatus>
      <ItemId>251871</ItemId>
    </Item>
    <Item>
      <PriceUpdateDate>2016-03-29 21:01:24</PriceUpdateDate>
      <ItemCode>253305</ItemCode>
      <ItemType>0</ItemType>
      <ItemName>מזרה צבעוני ארוך 400</ItemName>
      <ManufacturerName>אופנהיימר</ManufacturerName>
      <ManufactureCountry>לא ידוע</ManufactureCountry>
      <ManufacturerItemDescription>מזרה צבעוני ארוך 400 גרם</ManufacturerItemDescription>
      <UnitQty>גרמים</UnitQty>
      <Quantity>400.00</Quantity>
      <UnitOfMeasure>100 גרם</UnitOfMeasure>
      <bIsWeighted>0</bIsWeighted>
      <QtyInPackage>1</QtyInPackage>
      <ItemPrice>13.90</ItemPrice>
      <UnitOfMeasurePrice>3.4750</UnitOfMeasurePrice>
      <AllowDiscount>1</AllowDiscount>
      <ItemStatus>1</ItemStatus>
      <ItemId>267624</ItemId>
    </Item>
    <Item>
      <PriceUpdateDate>2015-01-01 00:00:00</PriceUpdateDate>
      <ItemCode>498225</ItemCode>
      <ItemType>0</ItemType>
      <ItemName>לחמניה מזונות 90 גרם</ItemName>
      <ManufacturerName>מאפית י את א ברמן בע</ManufacturerName>
      <ManufactureCountry>לא ידוע</ManufactureCountry>
      <ManufacturerItemDescription>לחמניה מזונות 90 גרם</ManufacturerItemDescription>
      <UnitQty>Unknown </UnitQty>
      <Quantity>0.00</Quantity>
      <UnitOfMeasure>Unknown </UnitOfMeasure>
      <bIsWeighted>0</bIsWeighted>
      <QtyInPackage>1</QtyInPackage>
      <ItemPrice>2.50</ItemPrice>
      <UnitOfMeasurePrice>0.0000</UnitOfMeasurePrice>
      <AllowDiscount>1</AllowDiscount>
      <ItemStatus>1</ItemStatus>
      <ItemId>233095</ItemId>
    </Item>
    <Item>
      <PriceUpdateDate>2015-01-01 00:00:00</PriceUpdateDate>
      <ItemCode>3648344</ItemCode>
      <ItemType>0</ItemType>
      <ItemName>מטיאס הולנדי בשמן 55</ItemName>
      <ManufacturerName>סלטי שמיר 2006 בעמ</ManufacturerName>
      <ManufactureCountry>ישראל</ManufactureCountry>
      <ManufacturerItemDescription>מטיאס הולנדי בשמן 550 גרם</ManufacturerItemDescription>
      <UnitQty>גרמים</UnitQty>
      <Quantity>550.00</Quantity>
      <UnitOfMeasure>100 גרם</UnitOfMeasure>
      <bIsWeighted>0</bIsWeighted>
      <QtyInPackage>1</QtyInPackage>
      <ItemPrice>29.90</ItemPrice>
      <UnitOfMeasurePrice>5.4364</UnitOfMeasurePrice>
      <AllowDiscount>1</AllowDiscount>
      <ItemStatus>1</ItemStatus>
      <ItemId>233114</ItemId>
    </Item>
    <Item>
      <PriceUpdateDate>2015-01-01 00:00:00</PriceUpdateDate>
      <ItemCode>3648351</ItemCode>
      <ItemType>0</ItemType>
      <ItemName>הרינג כבוש 550 גרם</ItemName>
      <ManufacturerName>סלטי שמיר 2006 בעמ</ManufacturerName>
      <ManufactureCountry>ישראל</ManufactureCountry>
      <ManufacturerItemDescription>הרינג כבוש 550 גרם</ManufacturerItemDescription>
      <UnitQty>גרמים</UnitQty>
      <Quantity>550.00</Quantity>
      <UnitOfMeasure>100 גרם</UnitOfMeasure>
      <bIsWeighted>0</bIsWeighted>
      <QtyInPackage>1</QtyInPackage>
      <ItemPrice>29.90</ItemPrice>
      <UnitOfMeasurePrice>5.4364</UnitOfMeasurePrice>
      <AllowDiscount>1</AllowDiscount>
      <ItemStatus>1</ItemStatus>
      <ItemId>233115</ItemId>
    </Item>
    <Item>
      <PriceUpdateDate>2015-01-01 00:00:00</PriceUpdateDate>
      <ItemCode>3648856</ItemCode>
      <ItemType>0</ItemType>
      <ItemName>מעדן מטיאס עם בצל 55</ItemName>
      <ManufacturerName>סלטי שמיר 2006 בעמ</ManufacturerName>
      <ManufactureCountry>ישראל</ManufactureCountry>
      <ManufacturerItemDescription>מעדן מטיאס עם בצל 550 גרם</ManufacturerItemDescription>
      <UnitQty>גרמים</UnitQty>
      <Quantity>550.00</Quantity>
      <UnitOfMeasure>100 גרם</UnitOfMeasure>
      <bIsWeighted>0</bIsWeighted>
      <QtyInPackage>1</QtyInPackage>
      <ItemPrice>29.90</ItemPrice>
      <UnitOfMeasurePrice>5.4364</UnitOfMeasurePrice>
      <AllowDiscount>1</AllowDiscount>
      <ItemStatus>1</ItemStatus>
      <ItemId>233116</ItemId>
    </Item>
    <Item>
      <PriceUpdateDate>2015-01-01 00:00:00</PriceUpdateDate>
      <ItemCode>6707161</ItemCode>
      <ItemType>0</ItemType>
      <ItemName>כנפיים עוף קפוא אויי</ItemName>
      <ManufacturerName>,</ManufacturerName>
      <ManufactureCountry>לא ידוע</ManufactureCountry>
      <ManufacturerItemDescription>כנפיים עוף קפוא אויירבך - עוף טוב שאן</ManufacturerItemDescription>
      <UnitQty>קילוגרמים</UnitQty>
      <Quantity>1.00</Quantity>
      <UnitOfMeasure>ק"ג</UnitOfMeasure>
      <bIsWeighted>1</bIsWeighted>
      <QtyInPackage>לא ידוע</QtyInPackage>
      <ItemPrice>6.90</ItemPrice>
      <UnitOfMeasurePrice>6.9000</UnitOfMeasurePrice>
      <AllowDiscount>1</AllowDiscount>
      <ItemStatus>1</ItemStatus>
      <ItemId>233178</ItemId>
    </Item>
    <Item>
      <PriceUpdateDate>2015-01-01 00:00:00</PriceUpdateDate>
      <ItemCode>6707079</ItemCode>
      <ItemType>0</ItemType>
      <ItemName>כרעיים עוף קפוא אויי</ItemName>
      <ManufacturerName>,</ManufacturerName>
      <ManufactureCountry>לא ידוע</ManufactureCountry>
      <ManufacturerItemDescription>כרעיים עוף קפוא אויירבך - עוף טוב שאן</ManufacturerItemDescription>
      <UnitQty>קילוגרמים</UnitQty>
      <Quantity>1.00</Quantity>
      <UnitOfMeasure>ק"ג</UnitOfMeasure>
      <bIsWeighted>1</bIsWeighted>
      <QtyInPackage>לא ידוע</QtyInPackage>
      <ItemPrice>19.90</ItemPrice>
      <UnitOfMeasurePrice>19.9000</UnitOfMeasurePrice>
      <AllowDiscount>1</AllowDiscount>
      <ItemStatus>1</ItemStatus>
      <ItemId>233180</ItemId>
    </Item>
    <Item>
      <PriceUpdateDate>2015-01-01 00:00:00</PriceUpdateDate>
      <ItemCode>6707277</ItemCode>
      <ItemType>0</ItemType>
      <ItemName>גרון הודו קפוא אוייר</ItemName>
      <ManufacturerName>,</ManufacturerName>
      <ManufactureCountry>לא ידוע</ManufactureCountry>
      <ManufacturerItemDescription>גרון הודו קפוא אויירבך - עוף טוב שאן</ManufacturerItemDescription>
      <UnitQty>קילוגרמים</UnitQty>
      <Quantity>1.00</Quantity>
      <UnitOfMeasure>ק"ג</UnitOfMeasure>
      <bIsWeighted>1</bIsWeighted>
      <QtyInPackage>לא ידוע</QtyInPackage>
      <ItemPrice>11.90</ItemPrice>
      <UnitOfMeasurePrice>11.9000</UnitOfMeasurePrice>
      <AllowDiscount>1</AllowDiscount>
      <ItemStatus>1</ItemStatus>
      <ItemId>233183</ItemId>
    </Item>
    <Item>
      <PriceUpdateDate>2015-01-01 00:00:00</PriceUpdateDate>
      <ItemCode>2405757</ItemCode>
      <ItemType>0</ItemType>
      <ItemName>פת בוקר חיטה מלאה 1</ItemName>
      <ManufacturerName>,</ManufacturerName>
      <ManufactureCountry>לא ידוע</ManufactureCountry>
      <ManufacturerItemDescription>פת בוקר חיטה מלאה 1 ק"ג</ManufacturerItemDescription>
      <UnitQty>קילוגרמים</UnitQty>
      <Quantity>1.00</Quantity>
      <UnitOfMeasure>ק"ג     </UnitOfMeasure>
      <bIsWeighted>0</bIsWeighted>
      <QtyInPackage>1</QtyInPackage>
      <ItemPrice>17.90</ItemPrice>
      <UnitOfMeasurePrice>17.9000</UnitOfMeasurePrice>
      <AllowDiscount>1</AllowDiscount>
      <ItemStatus>1</ItemStatus>
      <ItemId>233210</ItemId>
    </Item>
    <Item>
      <PriceUpdateDate>2015-07-10 08:08:16</PriceUpdateDate>
      <ItemCode>5011417548110</ItemCode>
      <ItemType>0</ItemType>
      <ItemName>טבליות פיניש קוואנטו</ItemName>
      <ManufacturerName>רקיט בנקיזר</ManufacturerName>
      <ManufactureCountry>לא ידוע</ManufactureCountry>
      <ManufacturerItemDescription>טבליות פיניש קוואנטום רגיל 40 יח</ManufacturerItemDescription>
      <UnitQty>גרמים</UnitQty>
      <Quantity>728.00</Quantity>
      <UnitOfMeasure>100 גרם</UnitOfMeasure>
      <bIsWeighted>0</bIsWeighted>
      <QtyInPackage>1</QtyInPackage>
      <ItemPrice>39.90</ItemPrice>
      <UnitOfMeasurePrice>5.4808</UnitOfMeasurePrice>
      <AllowDiscount>1</AllowDiscount>
      <ItemStatus>1</ItemStatus>
      <ItemId>248827</ItemId>
    </Item>
    <Item>
      <PriceUpdateDate>2015-01-01 00:00:00</PriceUpdateDate>
      <ItemCode>835811004943</ItemCode>
      <ItemType>0</ItemType>
      <ItemName>קסרול שקוף 10 יח אלג</ItemName>
      <ManufacturerName>,</ManufacturerName>
      <ManufactureCountry>לא ידוע</ManufactureCountry>
      <ManufacturerItemDescription>קסרול שקוף 10 יח אלגנט</ManufacturerItemDescription>
      <UnitQty>Unknown </UnitQty>
      <Quantity>0.00</Quantity>
      <UnitOfMeasure>Unknown </UnitOfMeasure>
      <bIsWeighted>0</bIsWeighted>
      <QtyInPackage>1</QtyInPackage>
      <ItemPrice>8.90</ItemPrice>
      <UnitOfMeasurePrice>0.0000</UnitOfMeasurePrice>
      <AllowDiscount>1</AllowDiscount>
      <ItemStatus>1</ItemStatus>
      <ItemId>233233</ItemId>
    </Item>
    <Item>
      <PriceUpdateDate>2015-08-12 10:25:05</PriceUpdateDate>
      <ItemCode>4436223</ItemCode>
      <ItemType>0</ItemType>
      <ItemName>סטייק עין שארית ישרא</ItemName>
      <ManufacturerName>,</ManufacturerName>
      <ManufactureCountry>לא ידוע</ManufactureCountry>
      <ManufacturerItemDescription>סטייק עין שארית ישראל</ManufacturerItemDescription>
      <UnitQty>קילוגרמים</UnitQty>
      <Quantity>1.00</Quantity>
      <UnitOfMeasure>ק"ג</UnitOfMeasure>
      <bIsWeighted>1</bIsWeighted>
      <QtyInPackage>לא ידוע</QtyInPackage>
      <ItemPrice>94.90</ItemPrice>
      <UnitOfMeasurePrice>94.9000</UnitOfMeasurePrice>
      <AllowDiscount>1</AllowDiscount>
      <ItemStatus>1</ItemStatus>
      <ItemId>233264</ItemId>
    </Item>
    <Item>
      <PriceUpdateDate>2015-01-01 00:00:00</PriceUpdateDate>
      <ItemCode>53998</ItemCode>
      <ItemType>0</ItemType>
      <ItemName>מאגדת 8 גביעי יופלה</ItemName>
      <ManufacturerName>תנובה מרכז שיתופי לש</ManufacturerName>
      <ManufactureCountry>לא ידוע</ManufactureCountry>
      <ManufacturerItemDescription>מאגדת 8 גביעי יופלה טבעי בד"צ</ManufacturerItemDescription>
      <UnitQty>ליטרים</UnitQty>
      <Quantity>1.20</Quantity>
      <UnitOfMeasure>ליטר    </UnitOfMeasure>
      <bIsWeighted>0</bIsWeighted>
      <QtyInPackage>1</QtyInPackage>
      <ItemPrice>13.90</ItemPrice>
      <UnitOfMeasurePrice>11.5833</UnitOfMeasurePrice>
      <AllowDiscount>1</AllowDiscount>
      <ItemStatus>1</ItemStatus>
      <ItemId>233281</ItemId>
    </Item>
    <Item>
      <PriceUpdateDate>2015-01-01 00:00:00</PriceUpdateDate>
      <ItemCode>53981</ItemCode>
      <ItemType>0</ItemType>
      <ItemName>מאגדת 8 יופלה תות-אפ</ItemName>
      <ManufacturerName>תנובה מרכז שיתופי לש</ManufacturerName>
      <ManufactureCountry>לא ידוע</ManufactureCountry>
      <ManufacturerItemDescription>מאגדת 8 יופלה תות-אפרסק</ManufacturerItemDescription>
      <UnitQty>ליטרים</UnitQty>
      <Quantity>1.20</Quantity>
      <UnitOfMeasure>ליטר    </UnitOfMeasure>
      <bIsWeighted>0</bIsWeighted>
      <QtyInPackage>1</QtyInPackage>
      <ItemPrice>19.90</ItemPrice>
      <UnitOfMeasurePrice>16.5833</UnitOfMeasurePrice>
      <AllowDiscount>1</AllowDiscount>
      <ItemStatus>1</ItemStatus>
      <ItemId>233282</ItemId>
    </Item>
    <Item>
      <PriceUpdateDate>2016-06-02 15:36:14</PriceUpdateDate>
      <ItemCode>7290010654789</ItemCode>
      <ItemType>1</ItemType>
      <ItemName>גבינת שמנת זיתים 30%</ItemName>
      <ManufacturerName>בר בכפר די אנד די</ManufacturerName>
      <ManufactureCountry>ישראל</ManufactureCountry>
      <ManufacturerItemDescription>גבינת שמנת זיתים 30% 200 גרם</ManufacturerItemDescription>
      <UnitQty>גרמים</UnitQty>
      <Quantity>200.00</Quantity>
      <UnitOfMeasure>100 גרם</UnitOfMeasure>
      <bIsWeighted>0</bIsWeighted>
      <QtyInPackage>1</QtyInPackage>
      <ItemPrice>7.90</ItemPrice>
      <UnitOfMeasurePrice>3.9500</UnitOfMeasurePrice>
      <AllowDiscount>1</AllowDiscount>
      <ItemStatus>1</ItemStatus>
      <ItemId>268360</ItemId>
    </Item>
    <Item>
      <PriceUpdateDate>2015-01-01 00:00:00</PriceUpdateDate>
      <ItemCode>753182231761</ItemCode>
      <ItemType>0</ItemType>
      <ItemName>משקה אנרגיה בלו ללא</ItemName>
      <ManufacturerName>,</ManufacturerName>
      <ManufactureCountry>לא ידוע</ManufactureCountry>
      <ManufacturerItemDescription>משקה אנרגיה בלו ללא סוכר 250 מ"ל</ManufacturerItemDescription>
      <UnitQty>מיליליטרים</UnitQty>
      <Quantity>250.00</Quantity>
      <UnitOfMeasure>100 מ"ל</UnitOfMeasure>
      <bIsWeighted>0</bIsWeighted>
      <QtyInPackage>1</QtyInPackage>
      <ItemPrice>3.20</ItemPrice>
      <UnitOfMeasurePrice>1.2800</UnitOfMeasurePrice>
      <AllowDiscount>1</AllowDiscount>
      <ItemStatus>1</ItemStatus>
      <ItemId>233312</ItemId>
    </Item>
    <Item>
      <PriceUpdateDate>2015-01-01 00:00:00</PriceUpdateDate>
      <ItemCode>6241689</ItemCode>
      <ItemType>0</ItemType>
      <ItemName>פריגת לימון קפוא 280</ItemName>
      <ManufacturerName>פריגת מצוננים</ManufacturerName>
      <ManufactureCountry>לא ידוע</ManufactureCountry>
      <ManufacturerItemDescription>פריגת לימון קפוא 280 גרם</ManufacturerItemDescription>
      <UnitQty>גרמים</UnitQty>
      <Quantity>280.00</Quantity>
      <UnitOfMeasure>100 גרם</UnitOfMeasure>
      <bIsWeighted>0</bIsWeighted>
      <QtyInPackage>1</QtyInPackage>
      <ItemPrice>9.90</ItemPrice>
      <UnitOfMeasurePrice>3.5357</UnitOfMeasurePrice>
      <AllowDiscount>1</AllowDiscount>
      <ItemStatus>1</ItemStatus>
      <ItemId>233318</ItemId>
    </Item>
    <Item>
      <PriceUpdateDate>2015-12-29 11:53:28</PriceUpdateDate>
      <ItemCode>7290100244616</ItemCode>
      <ItemType>0</ItemType>
      <ItemName>מגוון רוטב הלמנס לסל</ItemName>
      <ManufacturerName>יוניליוור</ManufacturerName>
      <ManufactureCountry>לא ידוע</ManufactureCountry>
      <ManufacturerItemDescription>רוטב הלמנס לסלט חרדל ודבש 305 גרם</ManufacturerItemDescription>
      <UnitQty>מיליליטרים</UnitQty>
      <Quantity>305.00</Quantity>
      <UnitOfMeasure>100 מ"ל</UnitOfMeasure>
      <bIsWeighted>0</bIsWeighted>
      <QtyInPackage>1</QtyInPackage>
      <ItemPrice>9.90</ItemPrice>
      <UnitOfMeasurePrice>3.2459</UnitOfMeasurePrice>
      <AllowDiscount>1</AllowDiscount>
      <ItemStatus>1</ItemStatus>
      <ItemId>233327</ItemId>
    </Item>
    <Item>
      <PriceUpdateDate>2015-12-29 11:53:28</PriceUpdateDate>
      <ItemCode>7290100244609</ItemCode>
      <ItemType>0</ItemType>
      <ItemName>רוטב אלף האיים הלמנס</ItemName>
      <ManufacturerName>יוניליוור</ManufacturerName>
      <ManufactureCountry>ישראל</ManufactureCountry>
      <ManufacturerItemDescription>רוטב אלף האיים הלמנס</ManufacturerItemDescription>
      <UnitQty>מיליליטרים</UnitQty>
      <Quantity>305.00</Quantity>
      <UnitOfMeasure>100 מ"ל</UnitOfMeasure>
      <bIsWeighted>0</bIsWeighted>
      <QtyInPackage>1</QtyInPackage>
      <ItemPrice>9.90</ItemPrice>
      <UnitOfMeasurePrice>3.2459</UnitOfMeasurePrice>
      <AllowDiscount>1</AllowDiscount>
      <ItemStatus>1</ItemStatus>
      <ItemId>233328</ItemId>
    </Item>
    <Item>
      <PriceUpdateDate>2016-04-18 18:06:14</PriceUpdateDate>
      <ItemCode>7290102397358</ItemCode>
      <ItemType>0</ItemType>
      <ItemName>מולר סימפלי פרוט אגס</ItemName>
      <ManufacturerName>טרה</ManufacturerName>
      <ManufactureCountry>לא ידוע</ManufactureCountry>
      <ManufacturerItemDescription>מולר סימפלי פרוט אגס 0% 150 גרם</ManufacturerItemDescription>
      <UnitQty>Unknown </UnitQty>
      <Quantity>0.00</Quantity>
      <UnitOfMeasure>Unknown </UnitOfMeasure>
      <bIsWeighted>0</bIsWeighted>
      <QtyInPackage>1</QtyInPackage>
      <ItemPrice>4.80</ItemPrice>
      <UnitOfMeasurePrice>0.0000</UnitOfMeasurePrice>
      <AllowDiscount>1</AllowDiscount>
      <ItemStatus>1</ItemStatus>
      <ItemId>267988</ItemId>
    </Item>
    <Item>
      <PriceUpdateDate>2015-01-01 00:00:00</PriceUpdateDate>
      <ItemCode>7290100247051</ItemCode>
      <ItemType>0</ItemType>
      <ItemName>סבון נוזלי פינוק ניח</ItemName>
      <ManufacturerName>יוניליוור</ManufacturerName>
      <ManufactureCountry>לא ידוע</ManufactureCountry>
      <ManufacturerItemDescription>סבון נוזלי פינוק ניחוח קלאסי 700 מ"ל</ManufacturerItemDescription>
      <UnitQty>מיליליטרים</UnitQty>
      <Quantity>700.00</Quantity>
      <UnitOfMeasure>100 מ"ל</UnitOfMeasure>
      <bIsWeighted>0</bIsWeighted>
      <QtyInPackage>1</QtyInPackage>
      <ItemPrice>6.90</ItemPrice>
      <UnitOfMeasurePrice>0.9857</UnitOfMeasurePrice>
      <AllowDiscount>1</AllowDiscount>
      <ItemStatus>1</ItemStatus>
      <ItemId>233330</ItemId>
    </Item>
    <Item>
      <PriceUpdateDate>2015-01-01 00:00:00</PriceUpdateDate>
      <ItemCode>7290100247068</ItemCode>
      <ItemType>0</ItemType>
      <ItemName>סבון נוזלי פינוק לבנ</ItemName>
      <ManufacturerName>יוניליוור</ManufacturerName>
      <ManufactureCountry>לא ידוע</ManufactureCountry>
      <ManufacturerItemDescription>סבון נוזלי פינוק לבנדר וניל 700 מ"ל</ManufacturerItemDescription>
      <UnitQty>מיליליטרים</UnitQty>
      <Quantity>700.00</Quantity>
      <UnitOfMeasure>100 מ"ל</UnitOfMeasure>
      <bIsWeighted>0</bIsWeighted>
      <QtyInPackage>1</QtyInPackage>
      <ItemPrice>6.90</ItemPrice>
      <UnitOfMeasurePrice>0.9857</UnitOfMeasurePrice>
      <AllowDiscount>1</AllowDiscount>
      <ItemStatus>1</ItemStatus>
      <ItemId>233331</ItemId>
    </Item>
    <Item>
      <PriceUpdateDate>2015-01-01 00:00:00</PriceUpdateDate>
      <ItemCode>74962</ItemCode>
      <ItemType>0</ItemType>
      <ItemName>עוגיות מיני שוקוציפס</ItemName>
      <ManufacturerName>,</ManufacturerName>
      <ManufactureCountry>לא ידוע</ManufactureCountry>
      <ManufacturerItemDescription>עוגיות מיני שוקוציפס 225 גרם</ManufacturerItemDescription>
      <UnitQty>גרמים</UnitQty>
      <Quantity>225.00</Quantity>
      <UnitOfMeasure>100 גרם</UnitOfMeasure>
      <bIsWeighted>0</bIsWeighted>
      <QtyInPackage>1</QtyInPackage>
      <ItemPrice>9.80</ItemPrice>
      <UnitOfMeasurePrice>4.3556</UnitOfMeasurePrice>
      <AllowDiscount>1</AllowDiscount>
      <ItemStatus>1</ItemStatus>
      <ItemId>243621</ItemId>
    </Item>
    <Item>
      <PriceUpdateDate>2016-04-18 18:06:14</PriceUpdateDate>
      <ItemCode>7290102397365</ItemCode>
      <ItemType>0</ItemType>
      <ItemName>מאגדת 8 מולר סימפלי</ItemName>
      <ManufacturerName>טרה</ManufacturerName>
      <ManufactureCountry>לא ידוע</ManufactureCountry>
      <ManufacturerItemDescription>מאגדת 8 מולר סימפלי פרוט אגס אננס</ManufacturerItemDescription>
      <UnitQty>ליטרים</UnitQty>
      <Quantity>1.20</Quantity>
      <UnitOfMeasure>ליטר    </UnitOfMeasure>
      <bIsWeighted>0</bIsWeighted>
      <QtyInPackage>1</QtyInPackage>
      <ItemPrice>27.90</ItemPrice>
      <UnitOfMeasurePrice>23.2500</UnitOfMeasurePrice>
      <AllowDiscount>1</AllowDiscount>
      <ItemStatus>1</ItemStatus>
      <ItemId>267989</ItemId>
    </Item>
    <Item>
      <PriceUpdateDate>2016-02-03 16:50:50</PriceUpdateDate>
      <ItemCode>7290101863410</ItemCode>
      <ItemType>1</ItemType>
      <ItemName>סיליט באנג מנקה עם א</ItemName>
      <ManufacturerName>,</ManufacturerName>
      <ManufactureCountry>לא ידוע</ManufactureCountry>
      <ManufacturerItemDescription>סיליט באנג מנקה עם אקונומיקה 750 מ"ל</ManufacturerItemDescription>
      <UnitQty>מיליליטרים</UnitQty>
      <Quantity>750.00</Quantity>
      <UnitOfMeasure>100 מ"ל</UnitOfMeasure>
      <bIsWeighted>0</bIsWeighted>
      <QtyInPackage>1</QtyInPackage>
      <ItemPrice>14.90</ItemPrice>
      <UnitOfMeasurePrice>1.9867</UnitOfMeasurePrice>
      <AllowDiscount>1</AllowDiscount>
      <ItemStatus>1</ItemStatus>
      <ItemId>266708</ItemId>
    </Item>
    <Item>
      <PriceUpdateDate>2016-01-26 16:01:11</PriceUpdateDate>
      <ItemCode>7290014466609</ItemCode>
      <ItemType>0</ItemType>
      <ItemName>יין גמלא מרלו 750 מ"</ItemName>
      <ManufacturerName>יקב רמת הגולן</ManufacturerName>
      <ManufactureCountry>לא ידוע</ManufactureCountry>
      <ManufacturerItemDescription>יין גמלא מרלו 750 מ"ל בציר 2012</ManufacturerItemDescription>
      <UnitQty>מיליליטרים</UnitQty>
      <Quantity>750.00</Quantity>
      <UnitOfMeasure>100 מ"ל</UnitOfMeasure>
      <bIsWeighted>0</bIsWeighted>
      <QtyInPackage>1</QtyInPackage>
      <ItemPrice>48.90</ItemPrice>
      <UnitOfMeasurePrice>6.5200</UnitOfMeasurePrice>
      <AllowDiscount>1</AllowDiscount>
      <ItemStatus>1</ItemStatus>
      <ItemId>266663</ItemId>
    </Item>
    <Item>
      <PriceUpdateDate>2016-03-27 08:56:11</PriceUpdateDate>
      <ItemCode>7290002787716</ItemCode>
      <ItemType>1</ItemType>
      <ItemName>חמאה עלמה 100 גרם</ItemName>
      <ManufacturerName>עלמה</ManufacturerName>
      <ManufactureCountry>לא ידוע</ManufactureCountry>
      <ManufacturerItemDescription>חמאה עלמה 100 גרם</ManufacturerItemDescription>
      <UnitQty>גרמים</UnitQty>
      <Quantity>100.00</Quantity>
      <UnitOfMeasure>100 גרם</UnitOfMeasure>
      <bIsWeighted>0</bIsWeighted>
      <QtyInPackage>1</QtyInPackage>
      <ItemPrice>3.50</ItemPrice>
      <UnitOfMeasurePrice>3.5000</UnitOfMeasurePrice>
      <AllowDiscount>1</AllowDiscount>
      <ItemStatus>1</ItemStatus>
      <ItemId>267570</ItemId>
    </Item>
    <Item>
      <PriceUpdateDate>2016-04-04 14:20:51</PriceUpdateDate>
      <ItemCode>7290104856402</ItemCode>
      <ItemType>1</ItemType>
      <ItemName>מפיות אירוח 260 יח</ItemName>
      <ManufacturerName>,</ManufacturerName>
      <ManufactureCountry>לא ידוע</ManufactureCountry>
      <ManufacturerItemDescription>מפיות אירוח 260 יח</ManufacturerItemDescription>
      <UnitQty>Unknown </UnitQty>
      <Quantity>0.00</Quantity>
      <UnitOfMeasure>Unknown </UnitOfMeasure>
      <bIsWeighted>0</bIsWeighted>
      <QtyInPackage>1</QtyInPackage>
      <ItemPrice>7.90</ItemPrice>
      <UnitOfMeasurePrice>0.0000</UnitOfMeasurePrice>
      <AllowDiscount>1</AllowDiscount>
      <ItemStatus>1</ItemStatus>
      <ItemId>267735</ItemId>
    </Item>
    <Item>
      <PriceUpdateDate>2015-05-13 12:15:51</PriceUpdateDate>
      <ItemCode>431680</ItemCode>
      <ItemType>0</ItemType>
      <ItemName>ציפס משפחתי 2 ק"ג בד</ItemName>
      <ManufacturerName>,</ManufacturerName>
      <ManufactureCountry>לא ידוע</ManufactureCountry>
      <ManufacturerItemDescription>ציפס משפחתי 2 ק"ג בד"צ העדה החרדית</ManufacturerItemDescription>
      <UnitQty>קילוגרמים</UnitQty>
      <Quantity>2.00</Quantity>
      <UnitOfMeasure>ק"ג     </UnitOfMeasure>
      <bIsWeighted>0</bIsWeighted>
      <QtyInPackage>1</QtyInPackage>
      <ItemPrice>17.90</ItemPrice>
      <UnitOfMeasurePrice>8.9500</UnitOfMeasurePrice>
      <AllowDiscount>1</AllowDiscount>
      <ItemStatus>1</ItemStatus>
      <ItemId>255502</ItemId>
    </Item>
    <Item>
      <PriceUpdateDate>2016-04-18 18:06:14</PriceUpdateDate>
      <ItemCode>7290102397310</ItemCode>
      <ItemType>0</ItemType>
      <ItemName>מאגדת שמיניה מיני מו</ItemName>
      <ManufacturerName>טרה</ManufacturerName>
      <ManufactureCountry>ישראל</ManufactureCountry>
      <ManufacturerItemDescription>מאגדת שמיניה מיני מו שוקולד קצפת</ManufacturerItemDescription>
      <UnitQty>גרמים</UnitQty>
      <Quantity>560.00</Quantity>
      <UnitOfMeasure>100 גרם</UnitOfMeasure>
      <bIsWeighted>0</bIsWeighted>
      <QtyInPackage>1</QtyInPackage>
      <ItemPrice>11.90</ItemPrice>
      <UnitOfMeasurePrice>2.1250</UnitOfMeasurePrice>
      <AllowDiscount>1</AllowDiscount>
      <ItemStatus>1</ItemStatus>
      <ItemId>267990</ItemId>
    </Item>
    <Item>
      <PriceUpdateDate>2015-07-10 08:08:16</PriceUpdateDate>
      <ItemCode>5900627044362</ItemCode>
      <ItemType>0</ItemType>
      <ItemName>טבליות פיניש קוואנטו</ItemName>
      <ManufacturerName>,</ManufacturerName>
      <ManufactureCountry>לא ידוע</ManufactureCountry>
      <ManufacturerItemDescription>טבליות פיניש קוואנטום לימון 40 יח</ManufacturerItemDescription>
      <UnitQty>גרמים</UnitQty>
      <Quantity>728.00</Quantity>
      <UnitOfMeasure>100 גרם</UnitOfMeasure>
      <bIsWeighted>0</bIsWeighted>
      <QtyInPackage>1</QtyInPackage>
      <ItemPrice>39.90</ItemPrice>
      <UnitOfMeasurePrice>5.4808</UnitOfMeasurePrice>
      <AllowDiscount>1</AllowDiscount>
      <ItemStatus>1</ItemStatus>
      <ItemId>248828</ItemId>
    </Item>
    <Item>
      <PriceUpdateDate>2015-01-01 00:00:00</PriceUpdateDate>
      <ItemCode>835811005827</ItemCode>
      <ItemType>0</ItemType>
      <ItemName>מארז קפה טורקי 3*100</ItemName>
      <ManufacturerName>,</ManufacturerName>
      <ManufactureCountry>לא ידוע</ManufactureCountry>
      <ManufacturerItemDescription>מארז קפה טורקי 3*100 גרם</ManufacturerItemDescription>
      <UnitQty>גרמים</UnitQty>
      <Quantity>300.00</Quantity>
      <UnitOfMeasure>100 גרם</UnitOfMeasure>
      <bIsWeighted>0</bIsWeighted>
      <QtyInPackage>1</QtyInPackage>
      <ItemPrice>13.90</ItemPrice>
      <UnitOfMeasurePrice>4.6333</UnitOfMeasurePrice>
      <AllowDiscount>1</AllowDiscount>
      <ItemStatus>1</ItemStatus>
      <ItemId>243974</ItemId>
    </Item>
    <Item>
      <PriceUpdateDate>2015-01-01 00:00:00</PriceUpdateDate>
      <ItemCode>4030018</ItemCode>
      <ItemType>0</ItemType>
      <ItemName>מיץ לימון 100% 500 מ</ItemName>
      <ManufacturerName>פריניב</ManufacturerName>
      <ManufactureCountry>לא ידוע</ManufactureCountry>
      <ManufacturerItemDescription>מיץ לימון 100% 500 מ"ל</ManufacturerItemDescription>
      <UnitQty>מיליליטרים</UnitQty>
      <Quantity>500.00</Quantity>
      <UnitOfMeasure>100 מ"ל</UnitOfMeasure>
      <bIsWeighted>0</bIsWeighted>
      <QtyInPackage>1</QtyInPackage>
      <ItemPrice>6.90</ItemPrice>
      <UnitOfMeasurePrice>1.3800</UnitOfMeasurePrice>
      <AllowDiscount>1</AllowDiscount>
      <ItemStatus>1</ItemStatus>
      <ItemId>233355</ItemId>
    </Item>
    <Item>
      <PriceUpdateDate>2015-08-11 16:50:45</PriceUpdateDate>
      <ItemCode>5904941751807</ItemCode>
      <ItemType>0</ItemType>
      <ItemName>בלו ניט פירות יער מח</ItemName>
      <ManufacturerName>,</ManufacturerName>
      <ManufactureCountry>לא ידוע</ManufactureCountry>
      <ManufacturerItemDescription>בלו ניט פירות יער מחוזק בודד 4.9% 250 מל</ManufacturerItemDescription>
      <UnitQty>מיליליטרים</UnitQty>
      <Quantity>250.00</Quantity>
      <UnitOfMeasure>100 מ"ל</UnitOfMeasure>
      <bIsWeighted>0</bIsWeighted>
      <QtyInPackage>1</QtyInPackage>
      <ItemPrice>4.20</ItemPrice>
      <UnitOfMeasurePrice>1.6800</UnitOfMeasurePrice>
      <AllowDiscount>1</AllowDiscount>
      <ItemStatus>1</ItemStatus>
      <ItemId>264790</ItemId>
    </Item>
    <Item>
      <PriceUpdateDate>2016-03-30 15:11:08</PriceUpdateDate>
      <ItemCode>7290016083200</ItemCode>
      <ItemType>1</ItemType>
      <ItemName>עוגיות קוקוס 500 גרם</ItemName>
      <ManufacturerName>,</ManufacturerName>
      <ManufactureCountry>לא ידוע</ManufactureCountry>
      <ManufacturerItemDescription>עוגיות קוקוס 500 גרם שירה</ManufacturerItemDescription>
      <UnitQty>גרמים</UnitQty>
      <Quantity>500.00</Quantity>
      <UnitOfMeasure>100 גרם</UnitOfMeasure>
      <bIsWeighted>0</bIsWeighted>
      <QtyInPackage>1</QtyInPackage>
      <ItemPrice>5.90</ItemPrice>
      <UnitOfMeasurePrice>1.1800</UnitOfMeasurePrice>
      <AllowDiscount>1</AllowDiscount>
      <ItemStatus>1</ItemStatus>
      <ItemId>267628</ItemId>
    </Item>
    <Item>
      <PriceUpdateDate>2015-01-01 00:00:00</PriceUpdateDate>
      <ItemCode>208329</ItemCode>
      <ItemType>0</ItemType>
      <ItemName>תירס גרעינים 550 גרם</ItemName>
      <ManufacturerName>זנלכל</ManufacturerName>
      <ManufactureCountry>ישראל</ManufactureCountry>
      <ManufacturerItemDescription>תירס גרעינים 550 גרם 2א יכין</ManufacturerItemDescription>
      <UnitQty>גרמים</UnitQty>
      <Quantity>550.00</Quantity>
      <UnitOfMeasure>100 גרם</UnitOfMeasure>
      <bIsWeighted>0</bIsWeighted>
      <QtyInPackage>1</QtyInPackage>
      <ItemPrice>5.90</ItemPrice>
      <UnitOfMeasurePrice>1.0727</UnitOfMeasurePrice>
      <AllowDiscount>1</AllowDiscount>
      <ItemStatus>1</ItemStatus>
      <ItemId>243388</ItemId>
    </Item>
    <Item>
      <PriceUpdateDate>2016-02-16 09:10:31</PriceUpdateDate>
      <ItemCode>3319084</ItemCode>
      <ItemType>0</ItemType>
      <ItemName>קציצות דג 12 יח הדג</ItemName>
      <ManufacturerName>דג טעים בעמ</ManufacturerName>
      <ManufactureCountry>ישראל</ManufactureCountry>
      <ManufacturerItemDescription>גפילטע פיש צנצנת 12 מנות מיוחד</ManufacturerItemDescription>
      <UnitQty>קילוגרמים</UnitQty>
      <Quantity>1.45</Quantity>
      <UnitOfMeasure>ק"ג     </UnitOfMeasure>
      <bIsWeighted>0</bIsWeighted>
      <QtyInPackage>1</QtyInPackage>
      <ItemPrice>21.90</ItemPrice>
      <UnitOfMeasurePrice>15.1034</UnitOfMeasurePrice>
      <AllowDiscount>1</AllowDiscount>
      <ItemStatus>1</ItemStatus>
      <ItemId>233450</ItemId>
    </Item>
    <Item>
      <PriceUpdateDate>2015-01-01 00:00:00</PriceUpdateDate>
      <ItemCode>8837736</ItemCode>
      <ItemType>0</ItemType>
      <ItemName>יין הלל מתוק 750 מ"ל</ItemName>
      <ManufacturerName>,</ManufacturerName>
      <ManufactureCountry>לא ידוע</ManufactureCountry>
      <ManufacturerItemDescription>יין הלל מתוק 750 מ"ל</ManufacturerItemDescription>
      <UnitQty>מיליליטרים</UnitQty>
      <Quantity>750.00</Quantity>
      <UnitOfMeasure>100 מ"ל</UnitOfMeasure>
      <bIsWeighted>0</bIsWeighted>
      <QtyInPackage>1</QtyInPackage>
      <ItemPrice>19.90</ItemPrice>
      <UnitOfMeasurePrice>2.6533</UnitOfMeasurePrice>
      <AllowDiscount>1</AllowDiscount>
      <ItemStatus>1</ItemStatus>
      <ItemId>233455</ItemId>
    </Item>
    <Item>
      <PriceUpdateDate>2015-01-01 00:00:00</PriceUpdateDate>
      <ItemCode>7290102393299</ItemCode>
      <ItemType>0</ItemType>
      <ItemName>יוגורט עיזים לשתיה 5</ItemName>
      <ManufacturerName>מחלבת משק צוריאל</ManufacturerName>
      <ManufactureCountry>לא ידוע</ManufactureCountry>
      <ManufacturerItemDescription>יוגורט עיזים לשתיה 500 מ"ל</ManufacturerItemDescription>
      <UnitQty>מיליליטרים</UnitQty>
      <Quantity>500.00</Quantity>
      <UnitOfMeasure>100 מ"ל</UnitOfMeasure>
      <bIsWeighted>0</bIsWeighted>
      <QtyInPackage>1</QtyInPackage>
      <ItemPrice>8.90</ItemPrice>
      <UnitOfMeasurePrice>1.7800</UnitOfMeasurePrice>
      <AllowDiscount>1</AllowDiscount>
      <ItemStatus>1</ItemStatus>
      <ItemId>233458</ItemId>
    </Item>
    <Item>
      <PriceUpdateDate>2015-09-21 08:21:50</PriceUpdateDate>
      <ItemCode>7290012404863</ItemCode>
      <ItemType>0</ItemType>
      <ItemName>תה ספרינג מנגו אפרסק</ItemName>
      <ManufacturerName>יפאורה תבורי</ManufacturerName>
      <ManufactureCountry>לא ידוע</ManufactureCountry>
      <ManufacturerItemDescription>תה ספרינג מנגו אפרסק 1.5 ליטר</ManufacturerItemDescription>
      <UnitQty>ליטרים</UnitQty>
      <Quantity>1.50</Quantity>
      <UnitOfMeasure>ליטר    </UnitOfMeasure>
      <bIsWeighted>0</bIsWeighted>
      <QtyInPackage>1</QtyInPackage>
      <ItemPrice>5.90</ItemPrice>
      <UnitOfMeasurePrice>3.9333</UnitOfMeasurePrice>
      <AllowDiscount>1</AllowDiscount>
      <ItemStatus>1</ItemStatus>
      <ItemId>233535</ItemId>
    </Item>
    <Item>
      <PriceUpdateDate>2016-02-11 13:41:48</PriceUpdateDate>
      <ItemCode>4123284</ItemCode>
      <ItemType>0</ItemType>
      <ItemName>גבינה למריחה 5% ללא</ItemName>
      <ManufacturerName>תנובה מרכז שיתופי לש</ManufacturerName>
      <ManufactureCountry>לא ידוע</ManufactureCountry>
      <ManufacturerItemDescription>גבינה למריחה 5% ללא מלח 250 גרם</ManufacturerItemDescription>
      <UnitQty>גרמים</UnitQty>
      <Quantity>250.00</Quantity>
      <UnitOfMeasure>100 גרם</UnitOfMeasure>
      <bIsWeighted>0</bIsWeighted>
      <QtyInPackage>1</QtyInPackage>
      <ItemPrice>4.50</ItemPrice>
      <UnitOfMeasurePrice>1.8000</UnitOfMeasurePrice>
      <AllowDiscount>1</AllowDiscount>
      <ItemStatus>1</ItemStatus>
      <ItemId>233547</ItemId>
    </Item>
    <Item>
      <PriceUpdateDate>2015-01-01 00:00:00</PriceUpdateDate>
      <ItemCode>3029792</ItemCode>
      <ItemType>0</ItemType>
      <ItemName>מארז שקיות שוקו יטבת</ItemName>
      <ManufacturerName>יטבתה</ManufacturerName>
      <ManufactureCountry>ישראל</ManufactureCountry>
      <ManufacturerItemDescription>מארז שקיות שוקו יטבתה 8 *225 מל</ManufacturerItemDescription>
      <UnitQty>ליטרים</UnitQty>
      <Quantity>1.80</Quantity>
      <UnitOfMeasure>ליטר    </UnitOfMeasure>
      <bIsWeighted>0</bIsWeighted>
      <QtyInPackage>8</QtyInPackage>
      <ItemPrice>14.90</ItemPrice>
      <UnitOfMeasurePrice>8.2778</UnitOfMeasurePrice>
      <AllowDiscount>1</AllowDiscount>
      <ItemStatus>1</ItemStatus>
      <ItemId>233548</ItemId>
    </Item>
    <Item>
      <PriceUpdateDate>2015-01-01 00:00:00</PriceUpdateDate>
      <ItemCode>5168451</ItemCode>
      <ItemType>0</ItemType>
      <ItemName>יין עציון חצי יבש לב</ItemName>
      <ManufacturerName>יקבי ציון</ManufacturerName>
      <ManufactureCountry>לא ידוע</ManufactureCountry>
      <ManufacturerItemDescription>יין עציון חצי יבש לבן 750 מ"ל</ManufacturerItemDescription>
      <UnitQty>מיליליטרים</UnitQty>
      <Quantity>750.00</Quantity>
      <UnitOfMeasure>100 מ"ל</UnitOfMeasure>
      <bIsWeighted>0</bIsWeighted>
      <QtyInPackage>1</QtyInPackage>
      <ItemPrice>13.90</ItemPrice>
      <UnitOfMeasurePrice>1.8533</UnitOfMeasurePrice>
      <AllowDiscount>1</AllowDiscount>
      <ItemStatus>1</ItemStatus>
      <ItemId>241482</ItemId>
    </Item>
    <Item>
      <PriceUpdateDate>2016-03-27 08:56:11</PriceUpdateDate>
      <ItemCode>2277170</ItemCode>
      <ItemType>0</ItemType>
      <ItemName>עוגת פס  מוס שוקולד</ItemName>
      <ManufacturerName>,</ManufacturerName>
      <ManufactureCountry>לא ידוע</ManufactureCountry>
      <ManufacturerItemDescription>עוגת פס  מוס שוקולד וניל 450 גרם כשל"פ</ManufacturerItemDescription>
      <UnitQty>גרמים</UnitQty>
      <Quantity>450.00</Quantity>
      <UnitOfMeasure>100 גרם</UnitOfMeasure>
      <bIsWeighted>0</bIsWeighted>
      <QtyInPackage>1</QtyInPackage>
      <ItemPrice>29.90</ItemPrice>
      <UnitOfMeasurePrice>6.6444</UnitOfMeasurePrice>
      <AllowDiscount>1</AllowDiscount>
      <ItemStatus>1</ItemStatus>
      <ItemId>267571</ItemId>
    </Item>
    <Item>
      <PriceUpdateDate>2015-01-01 00:00:00</PriceUpdateDate>
      <ItemCode>2505280</ItemCode>
      <ItemType>0</ItemType>
      <ItemName>עוף מס 1 קפוא קהילות</ItemName>
      <ManufacturerName>,</ManufacturerName>
      <ManufactureCountry>לא ידוע</ManufactureCountry>
      <ManufacturerItemDescription>עוף מס 1 קפוא קהילות</ManufacturerItemDescription>
      <UnitQty>קילוגרמים</UnitQty>
      <Quantity>1.00</Quantity>
      <UnitOfMeasure>ק"ג</UnitOfMeasure>
      <bIsWeighted>1</bIsWeighted>
      <QtyInPackage>לא ידוע</QtyInPackage>
      <ItemPrice>21.90</ItemPrice>
      <UnitOfMeasurePrice>21.9000</UnitOfMeasurePrice>
      <AllowDiscount>1</AllowDiscount>
      <ItemStatus>1</ItemStatus>
      <ItemId>233580</ItemId>
    </Item>
    <Item>
      <PriceUpdateDate>2015-01-01 00:00:00</PriceUpdateDate>
      <ItemCode>2505303</ItemCode>
      <ItemType>0</ItemType>
      <ItemName>עוף מס 3 קפוא קהילות</ItemName>
      <ManufacturerName>קהילות</ManufacturerName>
      <ManufactureCountry>לא ידוע</ManufactureCountry>
      <ManufacturerItemDescription>עוף מס 3 קפוא קהילות</ManufacturerItemDescription>
      <UnitQty>קילוגרמים</UnitQty>
      <Quantity>1.00</Quantity>
      <UnitOfMeasure>ק"ג</UnitOfMeasure>
      <bIsWeighted>1</bIsWeighted>
      <QtyInPackage>לא ידוע</QtyInPackage>
      <ItemPrice>21.90</ItemPrice>
      <UnitOfMeasurePrice>21.9000</UnitOfMeasurePrice>
      <AllowDiscount>1</AllowDiscount>
      <ItemStatus>1</ItemStatus>
      <ItemId>233582</ItemId>
    </Item>
    <Item>
      <PriceUpdateDate>2015-01-01 00:00:00</PriceUpdateDate>
      <ItemCode>2505013</ItemCode>
      <ItemType>0</ItemType>
      <ItemName>כרעיים עוף קפוא קהיל</ItemName>
      <ManufacturerName>קהילות</ManufacturerName>
      <ManufactureCountry>לא ידוע</ManufactureCountry>
      <ManufacturerItemDescription>כרעיים עוף קפוא קהילות</ManufacturerItemDescription>
      <UnitQty>קילוגרמים</UnitQty>
      <Quantity>1.00</Quantity>
      <UnitOfMeasure>ק"ג</UnitOfMeasure>
      <bIsWeighted>1</bIsWeighted>
      <QtyInPackage>לא ידוע</QtyInPackage>
      <ItemPrice>29.90</ItemPrice>
      <UnitOfMeasurePrice>29.9000</UnitOfMeasurePrice>
      <AllowDiscount>1</AllowDiscount>
      <ItemStatus>1</ItemStatus>
      <ItemId>233583</ItemId>
    </Item>
    <Item>
      <PriceUpdateDate>2015-01-01 00:00:00</PriceUpdateDate>
      <ItemCode>2505020</ItemCode>
      <ItemType>0</ItemType>
      <ItemName>שוקיים עוף קפוא קהיל</ItemName>
      <ManufacturerName>קהילות</ManufacturerName>
      <ManufactureCountry>לא ידוע</ManufactureCountry>
      <ManufacturerItemDescription>שוקיים עוף קפוא קהילות</ManufacturerItemDescription>
      <UnitQty>קילוגרמים</UnitQty>
      <Quantity>1.00</Quantity>
      <UnitOfMeasure>ק"ג</UnitOfMeasure>
      <bIsWeighted>1</bIsWeighted>
      <QtyInPackage>לא ידוע</QtyInPackage>
      <ItemPrice>35.90</ItemPrice>
      <UnitOfMeasurePrice>35.9000</UnitOfMeasurePrice>
      <AllowDiscount>1</AllowDiscount>
      <ItemStatus>1</ItemStatus>
      <ItemId>233584</ItemId>
    </Item>
    <Item>
      <PriceUpdateDate>2015-01-01 00:00:00</PriceUpdateDate>
      <ItemCode>2505044</ItemCode>
      <ItemType>0</ItemType>
      <ItemName>חזה עוף קפוא קהילות</ItemName>
      <ManufacturerName>קהילות</ManufacturerName>
      <ManufactureCountry>לא ידוע</ManufactureCountry>
      <ManufacturerItemDescription>חזה עוף קפוא קהילות</ManufacturerItemDescription>
      <UnitQty>קילוגרמים</UnitQty>
      <Quantity>1.00</Quantity>
      <UnitOfMeasure>ק"ג</UnitOfMeasure>
      <bIsWeighted>1</bIsWeighted>
      <QtyInPackage>לא ידוע</QtyInPackage>
      <ItemPrice>29.90</ItemPrice>
      <UnitOfMeasurePrice>29.9000</UnitOfMeasurePrice>
      <AllowDiscount>1</AllowDiscount>
      <ItemStatus>1</ItemStatus>
      <ItemId>233586</ItemId>
    </Item>
    <Item>
      <PriceUpdateDate>2015-01-01 00:00:00</PriceUpdateDate>
      <ItemCode>2505051</ItemCode>
      <ItemType>0</ItemType>
      <ItemName>כנפיים עוף קפוא קהיל</ItemName>
      <ManufacturerName>קהילות</ManufacturerName>
      <ManufactureCountry>לא ידוע</ManufactureCountry>
      <ManufacturerItemDescription>כנפיים עוף קפוא קהילות</ManufacturerItemDescription>
      <UnitQty>קילוגרמים</UnitQty>
      <Quantity>1.00</Quantity>
      <UnitOfMeasure>ק"ג</UnitOfMeasure>
      <bIsWeighted>1</bIsWeighted>
      <QtyInPackage>לא ידוע</QtyInPackage>
      <ItemPrice>13.90</ItemPrice>
      <UnitOfMeasurePrice>13.9000</UnitOfMeasurePrice>
      <AllowDiscount>1</AllowDiscount>
      <ItemStatus>1</ItemStatus>
      <ItemId>233587</ItemId>
    </Item>
    <Item>
      <PriceUpdateDate>2015-01-01 00:00:00</PriceUpdateDate>
      <ItemCode>2505068</ItemCode>
      <ItemType>0</ItemType>
      <ItemName>שניצל עוף פרוס  קפוא</ItemName>
      <ManufacturerName>,</ManufacturerName>
      <ManufactureCountry>לא ידוע</ManufactureCountry>
      <ManufacturerItemDescription>שניצל עוף פרוס קפוא קהילות</ManufacturerItemDescription>
      <UnitQty>קילוגרמים</UnitQty>
      <Quantity>1.00</Quantity>
      <UnitOfMeasure>ק"ג</UnitOfMeasure>
      <bIsWeighted>1</bIsWeighted>
      <QtyInPackage>לא ידוע</QtyInPackage>
      <ItemPrice>39.90</ItemPrice>
      <UnitOfMeasurePrice>39.9000</UnitOfMeasurePrice>
      <AllowDiscount>1</AllowDiscount>
      <ItemStatus>1</ItemStatus>
      <ItemId>233588</ItemId>
    </Item>
    <Item>
      <PriceUpdateDate>2015-01-01 00:00:00</PriceUpdateDate>
      <ItemCode>2505099</ItemCode>
      <ItemType>0</ItemType>
      <ItemName>כבד עוף קפוא קהילות</ItemName>
      <ManufacturerName>,</ManufacturerName>
      <ManufactureCountry>לא ידוע</ManufactureCountry>
      <ManufacturerItemDescription>כבד עוף קפוא קהילות</ManufacturerItemDescription>
      <UnitQty>קילוגרמים</UnitQty>
      <Quantity>1.00</Quantity>
      <UnitOfMeasure>ק"ג</UnitOfMeasure>
      <bIsWeighted>1</bIsWeighted>
      <QtyInPackage>לא ידוע</QtyInPackage>
      <ItemPrice>13.90</ItemPrice>
      <UnitOfMeasurePrice>13.9000</UnitOfMeasurePrice>
      <AllowDiscount>1</AllowDiscount>
      <ItemStatus>1</ItemStatus>
      <ItemId>233591</ItemId>
    </Item>
    <Item>
      <PriceUpdateDate>2016-06-26 16:50:34</PriceUpdateDate>
      <ItemCode>8571302</ItemCode>
      <ItemType>0</ItemType>
      <ItemName>רולדה 450 גרם</ItemName>
      <ManufacturerName>,</ManufacturerName>
      <ManufactureCountry>לא ידוע</ManufactureCountry>
      <ManufacturerItemDescription>רולדה 450 גרם</ManufacturerItemDescription>
      <UnitQty>גרמים</UnitQty>
      <Quantity>450.00</Quantity>
      <UnitOfMeasure>100 גרם</UnitOfMeasure>
      <bIsWeighted>0</bIsWeighted>
      <QtyInPackage>1</QtyInPackage>
      <ItemPrice>25.90</ItemPrice>
      <UnitOfMeasurePrice>5.7556</UnitOfMeasurePrice>
      <AllowDiscount>1</AllowDiscount>
      <ItemStatus>1</ItemStatus>
      <ItemId>268663</ItemId>
    </Item>
    <Item>
      <PriceUpdateDate>2016-03-01 11:17:27</PriceUpdateDate>
      <ItemCode>7290000907727</ItemCode>
      <ItemType>1</ItemType>
      <ItemName>לאפי טאפי פטל 24 יח</ItemName>
      <ManufacturerName>,</ManufacturerName>
      <ManufactureCountry>לא ידוע</ManufactureCountry>
      <ManufacturerItemDescription>לאפי טאפי פטל 24 יח</ManufacturerItemDescription>
      <UnitQty>גרמים</UnitQty>
      <Quantity>551.00</Quantity>
      <UnitOfMeasure>100 גרם</UnitOfMeasure>
      <bIsWeighted>0</bIsWeighted>
      <QtyInPackage>1</QtyInPackage>
      <ItemPrice>14.90</ItemPrice>
      <UnitOfMeasurePrice>2.7042</UnitOfMeasurePrice>
      <AllowDiscount>1</AllowDiscount>
      <ItemStatus>1</ItemStatus>
      <ItemId>267050</ItemId>
    </Item>
    <Item>
      <PriceUpdateDate>2016-03-04 10:14:20</PriceUpdateDate>
      <ItemCode>7290104856082</ItemCode>
      <ItemType>1</ItemType>
      <ItemName>מגש קינוחית מעוגלת 1</ItemName>
      <ManufacturerName>,</ManufacturerName>
      <ManufactureCountry>לא ידוע</ManufactureCountry>
      <ManufacturerItemDescription>מגש קינוחית</ManufacturerItemDescription>
      <UnitQty>Unknown </UnitQty>
      <Quantity>0.00</Quantity>
      <UnitOfMeasure>Unknown </UnitOfMeasure>
      <bIsWeighted>0</bIsWeighted>
      <QtyInPackage>1</QtyInPackage>
      <ItemPrice>13.90</ItemPrice>
      <UnitOfMeasurePrice>0.0000</UnitOfMeasurePrice>
      <AllowDiscount>1</AllowDiscount>
      <ItemStatus>1</ItemStatus>
      <ItemId>267032</ItemId>
    </Item>
    <Item>
      <PriceUpdateDate>2015-12-27 12:40:48</PriceUpdateDate>
      <ItemCode>7290012227738</ItemCode>
      <ItemType>1</ItemType>
      <ItemName>סלמי תה מעושן 370 גר</ItemName>
      <ManufacturerName>זוגלובק</ManufacturerName>
      <ManufactureCountry>ישראל</ManufactureCountry>
      <ManufacturerItemDescription>סלמי תה מעושן 370 גרם</ManufacturerItemDescription>
      <UnitQty>גרמים</UnitQty>
      <Quantity>370.00</Quantity>
      <UnitOfMeasure>100 גרם</UnitOfMeasure>
      <bIsWeighted>0</bIsWeighted>
      <QtyInPackage>1</QtyInPackage>
      <ItemPrice>14.90</ItemPrice>
      <UnitOfMeasurePrice>4.0270</UnitOfMeasurePrice>
      <AllowDiscount>1</AllowDiscount>
      <ItemStatus>1</ItemStatus>
      <ItemId>266253</ItemId>
    </Item>
    <Item>
      <PriceUpdateDate>2015-11-23 10:10:53</PriceUpdateDate>
      <ItemCode>7290014600096</ItemCode>
      <ItemType>0</ItemType>
      <ItemName>קרקר נאש בטעם קצח 1.</ItemName>
      <ManufacturerName>,</ManufacturerName>
      <ManufactureCountry>לא ידוע</ManufactureCountry>
      <ManufacturerItemDescription>קרקר נאש בתוספת קצח 1.2 ק"ג</ManufacturerItemDescription>
      <UnitQty>קילוגרמים</UnitQty>
      <Quantity>1.20</Quantity>
      <UnitOfMeasure>ק"ג     </UnitOfMeasure>
      <bIsWeighted>0</bIsWeighted>
      <QtyInPackage>1</QtyInPackage>
      <ItemPrice>19.90</ItemPrice>
      <UnitOfMeasurePrice>16.5833</UnitOfMeasurePrice>
      <AllowDiscount>1</AllowDiscount>
      <ItemStatus>1</ItemStatus>
      <ItemId>265860</ItemId>
    </Item>
    <Item>
      <PriceUpdateDate>2015-11-29 10:11:06</PriceUpdateDate>
      <ItemCode>7290015347433</ItemCode>
      <ItemType>0</ItemType>
      <ItemName>סוכריות ללא סוכר פינ</ItemName>
      <ManufacturerName>מיה תעשיות מזון בעמ</ManufacturerName>
      <ManufactureCountry>לא ידוע</ManufactureCountry>
      <ManufacturerItemDescription>סוכריות ללא סוכר פינה קולדה 80 גרם</ManufacturerItemDescription>
      <UnitQty>גרמים</UnitQty>
      <Quantity>80.00</Quantity>
      <UnitOfMeasure>100 גרם</UnitOfMeasure>
      <bIsWeighted>0</bIsWeighted>
      <QtyInPackage>1</QtyInPackage>
      <ItemPrice>5.80</ItemPrice>
      <UnitOfMeasurePrice>7.2500</UnitOfMeasurePrice>
      <AllowDiscount>1</AllowDiscount>
      <ItemStatus>1</ItemStatus>
      <ItemId>265948</ItemId>
    </Item>
    <Item>
      <PriceUpdateDate>2016-07-24 13:55:32</PriceUpdateDate>
      <ItemCode>8412674105103</ItemCode>
      <ItemType>0</ItemType>
      <ItemName>עוגיות גוגוס מרבה 15</ItemName>
      <ManufacturerName>,</ManufacturerName>
      <ManufactureCountry>לא ידוע</ManufactureCountry>
      <ManufacturerItemDescription>עוגיות גוגוס מרבה 150 גרם</ManufacturerItemDescription>
      <UnitQty>גרמים</UnitQty>
      <Quantity>150.00</Quantity>
      <UnitOfMeasure>100 גרם</UnitOfMeasure>
      <bIsWeighted>0</bIsWeighted>
      <QtyInPackage>1</QtyInPackage>
      <ItemPrice>4.90</ItemPrice>
      <UnitOfMeasurePrice>3.2667</UnitOfMeasurePrice>
      <AllowDiscount>1</AllowDiscount>
      <ItemStatus>1</ItemStatus>
      <ItemId>268959</ItemId>
    </Item>
    <Item>
      <PriceUpdateDate>2016-03-01 11:17:27</PriceUpdateDate>
      <ItemCode>7290000907765</ItemCode>
      <ItemType>1</ItemType>
      <ItemName>לאפי טאפי בטעמים 24</ItemName>
      <ManufacturerName>,</ManufacturerName>
      <ManufactureCountry>לא ידוע</ManufactureCountry>
      <ManufacturerItemDescription>לאפי טאפי בטעמים 24 יח</ManufacturerItemDescription>
      <UnitQty>גרמים</UnitQty>
      <Quantity>551.00</Quantity>
      <UnitOfMeasure>100 גרם</UnitOfMeasure>
      <bIsWeighted>0</bIsWeighted>
      <QtyInPackage>1</QtyInPackage>
      <ItemPrice>14.90</ItemPrice>
      <UnitOfMeasurePrice>2.7042</UnitOfMeasurePrice>
      <AllowDiscount>1</AllowDiscount>
      <ItemStatus>1</ItemStatus>
      <ItemId>267051</ItemId>
    </Item>
    <Item>
      <PriceUpdateDate>2015-12-06 12:59:35</PriceUpdateDate>
      <ItemCode>5358685</ItemCode>
      <ItemType>0</ItemType>
      <ItemName>לשון חלק</ItemName>
      <ManufacturerName>,</ManufacturerName>
      <ManufactureCountry>לא ידוע</ManufactureCountry>
      <ManufacturerItemDescription>לשון חלק</ManufacturerItemDescription>
      <UnitQty>קילוגרמים</UnitQty>
      <Quantity>1.00</Quantity>
      <UnitOfMeasure>ק"ג</UnitOfMeasure>
      <bIsWeighted>1</bIsWeighted>
      <QtyInPackage>לא ידוע</QtyInPackage>
      <ItemPrice>39.90</ItemPrice>
      <UnitOfMeasurePrice>39.9000</UnitOfMeasurePrice>
      <AllowDiscount>1</AllowDiscount>
      <ItemStatus>1</ItemStatus>
      <ItemId>233623</ItemId>
    </Item>
    <Item>
      <PriceUpdateDate>2015-01-01 00:00:00</PriceUpdateDate>
      <ItemCode>7290104066566</ItemCode>
      <ItemType>0</ItemType>
      <ItemName>טחינה  אחלה 500 גרם</ItemName>
      <ManufacturerName>שטראוס</ManufacturerName>
      <ManufactureCountry>ישראל</ManufactureCountry>
      <ManufacturerItemDescription>טחינה  משומשום מלא אחלה 500 גרם</ManufacturerItemDescription>
      <UnitQty>גרמים</UnitQty>
      <Quantity>500.00</Quantity>
      <UnitOfMeasure>100 גרם</UnitOfMeasure>
      <bIsWeighted>0</bIsWeighted>
      <QtyInPackage>1</QtyInPackage>
      <ItemPrice>14.90</ItemPrice>
      <UnitOfMeasurePrice>2.9800</UnitOfMeasurePrice>
      <AllowDiscount>1</AllowDiscount>
      <ItemStatus>1</ItemStatus>
      <ItemId>233624</ItemId>
    </Item>
    <Item>
      <PriceUpdateDate>2016-02-24 13:54:25</PriceUpdateDate>
      <ItemCode>5576591</ItemCode>
      <ItemType>0</ItemType>
      <ItemName>חסה שטופבה נספק בד"צ</ItemName>
      <ManufacturerName>,</ManufacturerName>
      <ManufactureCountry>לא ידוע</ManufactureCountry>
      <ManufacturerItemDescription>חסה שטופה נספק</ManufacturerItemDescription>
      <UnitQty>גרמים</UnitQty>
      <Quantity>200.00</Quantity>
      <UnitOfMeasure>100 גרם</UnitOfMeasure>
      <bIsWeighted>0</bIsWeighted>
      <QtyInPackage>1</QtyInPackage>
      <ItemPrice>11.90</ItemPrice>
      <UnitOfMeasurePrice>5.9500</UnitOfMeasurePrice>
      <AllowDiscount>1</AllowDiscount>
      <ItemStatus>1</ItemStatus>
      <ItemId>233629</ItemId>
    </Item>
    <Item>
      <PriceUpdateDate>2015-08-17 08:13:46</PriceUpdateDate>
      <ItemCode>9028768</ItemCode>
      <ItemType>0</ItemType>
      <ItemName>שקיות ענק</ItemName>
      <ManufacturerName>,</ManufacturerName>
      <ManufactureCountry>לא ידוע</ManufactureCountry>
      <ManufacturerItemDescription>שקיות ענק</ManufacturerItemDescription>
      <UnitQty>Unknown </UnitQty>
      <Quantity>0.00</Quantity>
      <UnitOfMeasure>Unknown </UnitOfMeasure>
      <bIsWeighted>0</bIsWeighted>
      <QtyInPackage>1</QtyInPackage>
      <ItemPrice>0.50</ItemPrice>
      <UnitOfMeasurePrice>0.0000</UnitOfMeasurePrice>
      <AllowDiscount>1</AllowDiscount>
      <ItemStatus>1</ItemStatus>
      <ItemId>233768</ItemId>
    </Item>
    <Item>
      <PriceUpdateDate>2015-01-01 00:00:00</PriceUpdateDate>
      <ItemCode>73490153396</ItemCode>
      <ItemType>0</ItemType>
      <ItemName>מיץ ענבים מוגז קונקו</ItemName>
      <ManufacturerName>,</ManufacturerName>
      <ManufactureCountry>לא ידוע</ManufactureCountry>
      <ManufacturerItemDescription>מיץ ענבים מוגז קונקורד 750 מ"ל</ManufacturerItemDescription>
      <UnitQty>מיליליטרים</UnitQty>
      <Quantity>750.00</Quantity>
      <UnitOfMeasure>100 מ"ל</UnitOfMeasure>
      <bIsWeighted>0</bIsWeighted>
      <QtyInPackage>1</QtyInPackage>
      <ItemPrice>19.90</ItemPrice>
      <UnitOfMeasurePrice>2.6533</UnitOfMeasurePrice>
      <AllowDiscount>1</AllowDiscount>
      <ItemStatus>1</ItemStatus>
      <ItemId>233805</ItemId>
    </Item>
    <Item>
      <PriceUpdateDate>2015-01-01 00:00:00</PriceUpdateDate>
      <ItemCode>7290103155742</ItemCode>
      <ItemType>0</ItemType>
      <ItemName>צלחת פסים שקוף כסף 1</ItemName>
      <ManufacturerName>HANTRONIX</ManufacturerName>
      <ManufactureCountry>לא ידוע</ManufactureCountry>
      <ManufacturerItemDescription>צלחת פסים שקוף כסף 10 יח 7.5"</ManufacturerItemDescription>
      <UnitQty>Unknown </UnitQty>
      <Quantity>0.00</Quantity>
      <UnitOfMeasure>Unknown </UnitOfMeasure>
      <bIsWeighted>0</bIsWeighted>
      <QtyInPackage>1</QtyInPackage>
      <ItemPrice>13.90</ItemPrice>
      <UnitOfMeasurePrice>0.0000</UnitOfMeasurePrice>
      <AllowDiscount>1</AllowDiscount>
      <ItemStatus>1</ItemStatus>
      <ItemId>252082</ItemId>
    </Item>
    <Item>
      <PriceUpdateDate>2016-04-19 10:36:18</PriceUpdateDate>
      <ItemCode>7290107643764</ItemCode>
      <ItemType>0</ItemType>
      <ItemName>שמפו פינוק שמני הזנה</ItemName>
      <ManufacturerName>יוניליוור</ManufacturerName>
      <ManufactureCountry>לא ידוע</ManufactureCountry>
      <ManufacturerItemDescription>שמפו פינוק שמני הזנה 700 מ"ל</ManufacturerItemDescription>
      <UnitQty>מיליליטרים</UnitQty>
      <Quantity>700.00</Quantity>
      <UnitOfMeasure>100 מ"ל</UnitOfMeasure>
      <bIsWeighted>0</bIsWeighted>
      <QtyInPackage>1</QtyInPackage>
      <ItemPrice>8.30</ItemPrice>
      <UnitOfMeasurePrice>1.1857</UnitOfMeasurePrice>
      <AllowDiscount>1</AllowDiscount>
      <ItemStatus>1</ItemStatus>
      <ItemId>267996</ItemId>
    </Item>
    <Item>
      <PriceUpdateDate>2015-01-01 00:00:00</PriceUpdateDate>
      <ItemCode>7290012823657</ItemCode>
      <ItemType>0</ItemType>
      <ItemName>סנו קל שקית מילוי 75</ItemName>
      <ManufacturerName>סנו</ManufacturerName>
      <ManufactureCountry>לא ידוע</ManufactureCountry>
      <ManufacturerItemDescription>סנו קל שקית מילוי 750 מ"ל</ManufacturerItemDescription>
      <UnitQty>מיליליטרים</UnitQty>
      <Quantity>750.00</Quantity>
      <UnitOfMeasure>100 מ"ל</UnitOfMeasure>
      <bIsWeighted>0</bIsWeighted>
      <QtyInPackage>1</QtyInPackage>
      <ItemPrice>12.90</ItemPrice>
      <UnitOfMeasurePrice>1.7200</UnitOfMeasurePrice>
      <AllowDiscount>1</AllowDiscount>
      <ItemStatus>1</ItemStatus>
      <ItemId>233861</ItemId>
    </Item>
    <Item>
      <PriceUpdateDate>2015-06-28 10:55:09</PriceUpdateDate>
      <ItemCode>73750</ItemCode>
      <ItemType>0</ItemType>
      <ItemName>מנה חמה נודלס עם ירק</ItemName>
      <ManufacturerName>טאי רזידנט</ManufacturerName>
      <ManufactureCountry>לא ידוע</ManufactureCountry>
      <ManufacturerItemDescription>מנה חמה נודלס עם ירקות</ManufacturerItemDescription>
      <UnitQty>גרמים</UnitQty>
      <Quantity>70.00</Quantity>
      <UnitOfMeasure>100 גרם</UnitOfMeasure>
      <bIsWeighted>0</bIsWeighted>
      <QtyInPackage>1</QtyInPackage>
      <ItemPrice>4.10</ItemPrice>
      <UnitOfMeasurePrice>5.8571</UnitOfMeasurePrice>
      <AllowDiscount>1</AllowDiscount>
      <ItemStatus>1</ItemStatus>
      <ItemId>233862</ItemId>
    </Item>
    <Item>
      <PriceUpdateDate>2015-06-28 10:55:09</PriceUpdateDate>
      <ItemCode>73774</ItemCode>
      <ItemType>0</ItemType>
      <ItemName>מנה חמה נודלס ירקות</ItemName>
      <ManufacturerName>טאי רזידנט</ManufacturerName>
      <ManufactureCountry>לא ידוע</ManufactureCountry>
      <ManufacturerItemDescription>מנה חמה נודלס ירקות צילי</ManufacturerItemDescription>
      <UnitQty>גרמים</UnitQty>
      <Quantity>76.00</Quantity>
      <UnitOfMeasure>100 גרם</UnitOfMeasure>
      <bIsWeighted>0</bIsWeighted>
      <QtyInPackage>1</QtyInPackage>
      <ItemPrice>4.10</ItemPrice>
      <UnitOfMeasurePrice>5.3947</UnitOfMeasurePrice>
      <AllowDiscount>1</AllowDiscount>
      <ItemStatus>1</ItemStatus>
      <ItemId>233863</ItemId>
    </Item>
    <Item>
      <PriceUpdateDate>2015-06-28 10:55:09</PriceUpdateDate>
      <ItemCode>7290100680650</ItemCode>
      <ItemType>0</ItemType>
      <ItemName>מנה חמה נודלס ירקות</ItemName>
      <ManufacturerName>טאי רזידנט</ManufacturerName>
      <ManufactureCountry>לא ידוע</ManufactureCountry>
      <ManufacturerItemDescription>מנה חמה נודלס ירקות תאילנדי</ManufacturerItemDescription>
      <UnitQty>גרמים</UnitQty>
      <Quantity>76.00</Quantity>
      <UnitOfMeasure>100 גרם</UnitOfMeasure>
      <bIsWeighted>0</bIsWeighted>
      <QtyInPackage>1</QtyInPackage>
      <ItemPrice>4.10</ItemPrice>
      <UnitOfMeasurePrice>5.3947</UnitOfMeasurePrice>
      <AllowDiscount>1</AllowDiscount>
      <ItemStatus>1</ItemStatus>
      <ItemId>233864</ItemId>
    </Item>
    <Item>
      <PriceUpdateDate>2015-06-28 10:55:09</PriceUpdateDate>
      <ItemCode>7290100680667</ItemCode>
      <ItemType>0</ItemType>
      <ItemName>מנה חמה נודלס ירקות</ItemName>
      <ManufacturerName>טאי רזידנט</ManufacturerName>
      <ManufactureCountry>לא ידוע</ManufactureCountry>
      <ManufacturerItemDescription>מנה חמה נודלס ירקות סצואן</ManufacturerItemDescription>
      <UnitQty>גרמים</UnitQty>
      <Quantity>76.00</Quantity>
      <UnitOfMeasure>100 גרם</UnitOfMeasure>
      <bIsWeighted>0</bIsWeighted>
      <QtyInPackage>1</QtyInPackage>
      <ItemPrice>4.10</ItemPrice>
      <UnitOfMeasurePrice>5.3947</UnitOfMeasurePrice>
      <AllowDiscount>1</AllowDiscount>
      <ItemStatus>1</ItemStatus>
      <ItemId>233865</ItemId>
    </Item>
    <Item>
      <PriceUpdateDate>2015-01-01 00:00:00</PriceUpdateDate>
      <ItemCode>7290013302281</ItemCode>
      <ItemType>0</ItemType>
      <ItemName>מחית בייבי טעמן גזר</ItemName>
      <ManufacturerName>,</ManufacturerName>
      <ManufactureCountry>לא ידוע</ManufactureCountry>
      <ManufacturerItemDescription>מחית בייבי טעמן גזר שישיה</ManufacturerItemDescription>
      <UnitQty>קילוגרמים</UnitQty>
      <Quantity>1.14</Quantity>
      <UnitOfMeasure>ק"ג     </UnitOfMeasure>
      <bIsWeighted>0</bIsWeighted>
      <QtyInPackage>1</QtyInPackage>
      <ItemPrice>19.90</ItemPrice>
      <UnitOfMeasurePrice>17.4561</UnitOfMeasurePrice>
      <AllowDiscount>1</AllowDiscount>
      <ItemStatus>1</ItemStatus>
      <ItemId>233874</ItemId>
    </Item>
    <Item>
      <PriceUpdateDate>2016-03-30 15:11:08</PriceUpdateDate>
      <ItemCode>7290016083224</ItemCode>
      <ItemType>1</ItemType>
      <ItemName>עוגיות בוטנים 500 גר</ItemName>
      <ManufacturerName>,</ManufacturerName>
      <ManufactureCountry>לא ידוע</ManufactureCountry>
      <ManufacturerItemDescription>עוגיות בוטנים 500 גרם שירה</ManufacturerItemDescription>
      <UnitQty>גרמים</UnitQty>
      <Quantity>500.00</Quantity>
      <UnitOfMeasure>100 גרם</UnitOfMeasure>
      <bIsWeighted>0</bIsWeighted>
      <QtyInPackage>1</QtyInPackage>
      <ItemPrice>5.90</ItemPrice>
      <UnitOfMeasurePrice>1.1800</UnitOfMeasurePrice>
      <AllowDiscount>1</AllowDiscount>
      <ItemStatus>1</ItemStatus>
      <ItemId>267630</ItemId>
    </Item>
    <Item>
      <PriceUpdateDate>2016-05-15 10:26:37</PriceUpdateDate>
      <ItemCode>6664693</ItemCode>
      <ItemType>0</ItemType>
      <ItemName>דנונה אפרסק 3% 150 ג</ItemName>
      <ManufacturerName>שטראוס</ManufacturerName>
      <ManufactureCountry>ישראל</ManufactureCountry>
      <ManufacturerItemDescription>דנונה אפרסק 3% 150 גרם</ManufacturerItemDescription>
      <UnitQty>מיליליטרים</UnitQty>
      <Quantity>150.00</Quantity>
      <UnitOfMeasure>100 מ"ל</UnitOfMeasure>
      <bIsWeighted>0</bIsWeighted>
      <QtyInPackage>1</QtyInPackage>
      <ItemPrice>3.50</ItemPrice>
      <UnitOfMeasurePrice>2.3333</UnitOfMeasurePrice>
      <AllowDiscount>1</AllowDiscount>
      <ItemStatus>1</ItemStatus>
      <ItemId>255347</ItemId>
    </Item>
    <Item>
      <PriceUpdateDate>2015-12-11 08:10:13</PriceUpdateDate>
      <ItemCode>2016212</ItemCode>
      <ItemType>0</ItemType>
      <ItemName>ממרח טפנד זית מרינד</ItemName>
      <ManufacturerName>,</ManufacturerName>
      <ManufactureCountry>לא ידוע</ManufactureCountry>
      <ManufacturerItemDescription>ממרח טפנד זית מרינד צנצנת 230 גרם OU</ManufacturerItemDescription>
      <UnitQty>גרמים</UnitQty>
      <Quantity>230.00</Quantity>
      <UnitOfMeasure>100 גרם</UnitOfMeasure>
      <bIsWeighted>0</bIsWeighted>
      <QtyInPackage>1</QtyInPackage>
      <ItemPrice>12.90</ItemPrice>
      <UnitOfMeasurePrice>5.6087</UnitOfMeasurePrice>
      <AllowDiscount>1</AllowDiscount>
      <ItemStatus>1</ItemStatus>
      <ItemId>245943</ItemId>
    </Item>
    <Item>
      <PriceUpdateDate>2016-06-20 14:12:58</PriceUpdateDate>
      <ItemCode>644783</ItemCode>
      <ItemType>0</ItemType>
      <ItemName>מנות פילה סלמון בווא</ItemName>
      <ManufacturerName>תנובה</ManufacturerName>
      <ManufactureCountry>ישראל</ManufactureCountry>
      <ManufacturerItemDescription>מנות פילה סלמון בוואקום רובין</ManufacturerItemDescription>
      <UnitQty>קילוגרמים</UnitQty>
      <Quantity>1.00</Quantity>
      <UnitOfMeasure>ק"ג</UnitOfMeasure>
      <bIsWeighted>1</bIsWeighted>
      <QtyInPackage>לא ידוע</QtyInPackage>
      <ItemPrice>74.90</ItemPrice>
      <UnitOfMeasurePrice>74.9000</UnitOfMeasurePrice>
      <AllowDiscount>1</AllowDiscount>
      <ItemStatus>1</ItemStatus>
      <ItemId>233898</ItemId>
    </Item>
    <Item>
      <PriceUpdateDate>2015-01-01 00:00:00</PriceUpdateDate>
      <ItemCode>6985425120165</ItemCode>
      <ItemType>0</ItemType>
      <ItemName>ספוג מסאג</ItemName>
      <ManufacturerName>,</ManufacturerName>
      <ManufactureCountry>לא ידוע</ManufactureCountry>
      <ManufacturerItemDescription>ספוג מסאג</ManufacturerItemDescription>
      <UnitQty>Unknown </UnitQty>
      <Quantity>0.00</Quantity>
      <UnitOfMeasure>Unknown </UnitOfMeasure>
      <bIsWeighted>0</bIsWeighted>
      <QtyInPackage>1</QtyInPackage>
      <ItemPrice>7.90</ItemPrice>
      <UnitOfMeasurePrice>0.0000</UnitOfMeasurePrice>
      <AllowDiscount>1</AllowDiscount>
      <ItemStatus>1</ItemStatus>
      <ItemId>233943</ItemId>
    </Item>
    <Item>
      <PriceUpdateDate>2015-01-01 00:00:00</PriceUpdateDate>
      <ItemCode>732973006009</ItemCode>
      <ItemType>0</ItemType>
      <ItemName>רולדה וויט פיש אושן</ItemName>
      <ManufacturerName>,</ManufacturerName>
      <ManufactureCountry>לא ידוע</ManufactureCountry>
      <ManufacturerItemDescription>רולדה וויט פיש אושן גורמה 624 גרם</ManufacturerItemDescription>
      <UnitQty>גרמים</UnitQty>
      <Quantity>624.00</Quantity>
      <UnitOfMeasure>100 גרם</UnitOfMeasure>
      <bIsWeighted>0</bIsWeighted>
      <QtyInPackage>1</QtyInPackage>
      <ItemPrice>28.80</ItemPrice>
      <UnitOfMeasurePrice>4.6154</UnitOfMeasurePrice>
      <AllowDiscount>1</AllowDiscount>
      <ItemStatus>1</ItemStatus>
      <ItemId>233952</ItemId>
    </Item>
    <Item>
      <PriceUpdateDate>2015-01-01 00:00:00</PriceUpdateDate>
      <ItemCode>8330381</ItemCode>
      <ItemType>0</ItemType>
      <ItemName>בדין דפי מרכך ורוד</ItemName>
      <ManufacturerName>קלינטסט</ManufacturerName>
      <ManufactureCountry>לא ידוע</ManufactureCountry>
      <ManufacturerItemDescription>בדין דפי מרכך ורוד</ManufacturerItemDescription>
      <UnitQty>Unknown </UnitQty>
      <Quantity>0.00</Quantity>
      <UnitOfMeasure>Unknown </UnitOfMeasure>
      <bIsWeighted>0</bIsWeighted>
      <QtyInPackage>1</QtyInPackage>
      <ItemPrice>16.90</ItemPrice>
      <UnitOfMeasurePrice>0.0000</UnitOfMeasurePrice>
      <AllowDiscount>1</AllowDiscount>
      <ItemStatus>1</ItemStatus>
      <ItemId>243332</ItemId>
    </Item>
    <Item>
      <PriceUpdateDate>2015-01-01 00:00:00</PriceUpdateDate>
      <ItemCode>7290102393718</ItemCode>
      <ItemType>0</ItemType>
      <ItemName>גבינת חלומי בקר 200</ItemName>
      <ManufacturerName>מחלבת משק צוריאל</ManufacturerName>
      <ManufactureCountry>לא ידוע</ManufactureCountry>
      <ManufacturerItemDescription>גבינת חלומי בקר 200 גרם</ManufacturerItemDescription>
      <UnitQty>גרמים</UnitQty>
      <Quantity>200.00</Quantity>
      <UnitOfMeasure>100 גרם</UnitOfMeasure>
      <bIsWeighted>0</bIsWeighted>
      <QtyInPackage>1</QtyInPackage>
      <ItemPrice>14.90</ItemPrice>
      <UnitOfMeasurePrice>7.4500</UnitOfMeasurePrice>
      <AllowDiscount>1</AllowDiscount>
      <ItemStatus>1</ItemStatus>
      <ItemId>233973</ItemId>
    </Item>
    <Item>
      <PriceUpdateDate>2015-01-01 00:00:00</PriceUpdateDate>
      <ItemCode>835811004707</ItemCode>
      <ItemType>0</ItemType>
      <ItemName>פירורי לחם מוזהבים</ItemName>
      <ManufacturerName>,</ManufacturerName>
      <ManufactureCountry>לא ידוע</ManufactureCountry>
      <ManufacturerItemDescription>פירורי לחם מוזהבים 440 גרם אריזה עומדת</ManufacturerItemDescription>
      <UnitQty>גרמים</UnitQty>
      <Quantity>440.00</Quantity>
      <UnitOfMeasure>100 גרם</UnitOfMeasure>
      <bIsWeighted>0</bIsWeighted>
      <QtyInPackage>1</QtyInPackage>
      <ItemPrice>5.90</ItemPrice>
      <UnitOfMeasurePrice>1.3409</UnitOfMeasurePrice>
      <AllowDiscount>1</AllowDiscount>
      <ItemStatus>1</ItemStatus>
      <ItemId>233976</ItemId>
    </Item>
    <Item>
      <PriceUpdateDate>2015-01-01 00:00:00</PriceUpdateDate>
      <ItemCode>8423168</ItemCode>
      <ItemType>0</ItemType>
      <ItemName>סומסומיה 250 גרם</ItemName>
      <ManufacturerName>,</ManufacturerName>
      <ManufactureCountry>לא ידוע</ManufactureCountry>
      <ManufacturerItemDescription>סומסומיה 250 גרם</ManufacturerItemDescription>
      <UnitQty>גרמים</UnitQty>
      <Quantity>250.00</Quantity>
      <UnitOfMeasure>100 גרם</UnitOfMeasure>
      <bIsWeighted>0</bIsWeighted>
      <QtyInPackage>1</QtyInPackage>
      <ItemPrice>13.90</ItemPrice>
      <UnitOfMeasurePrice>5.5600</UnitOfMeasurePrice>
      <AllowDiscount>1</AllowDiscount>
      <ItemStatus>1</ItemStatus>
      <ItemId>234056</ItemId>
    </Item>
    <Item>
      <PriceUpdateDate>2015-01-01 00:00:00</PriceUpdateDate>
      <ItemCode>9951455</ItemCode>
      <ItemType>0</ItemType>
      <ItemName>תבלינים / פלפל</ItemName>
      <ManufacturerName>,</ManufacturerName>
      <ManufactureCountry>לא ידוע</ManufactureCountry>
      <ManufacturerItemDescription>תבלינים / פלפל</ManufacturerItemDescription>
      <UnitQty>קילוגרמים</UnitQty>
      <Quantity>1.00</Quantity>
      <UnitOfMeasure>ק"ג</UnitOfMeasure>
      <bIsWeighted>1</bIsWeighted>
      <QtyInPackage>לא ידוע</QtyInPackage>
      <ItemPrice>75.00</ItemPrice>
      <UnitOfMeasurePrice>75.0000</UnitOfMeasurePrice>
      <AllowDiscount>1</AllowDiscount>
      <ItemStatus>1</ItemStatus>
      <ItemId>234058</ItemId>
    </Item>
    <Item>
      <PriceUpdateDate>2016-04-19 10:36:18</PriceUpdateDate>
      <ItemCode>7290107643788</ItemCode>
      <ItemType>0</ItemType>
      <ItemName>סבון נוזלי פינוק שמנ</ItemName>
      <ManufacturerName>,</ManufacturerName>
      <ManufactureCountry>לא ידוע</ManufactureCountry>
      <ManufacturerItemDescription>סבון נוזלי פינוק שמני הזנה 700 מ"ל</ManufacturerItemDescription>
      <UnitQty>מיליליטרים</UnitQty>
      <Quantity>700.00</Quantity>
      <UnitOfMeasure>100 מ"ל</UnitOfMeasure>
      <bIsWeighted>0</bIsWeighted>
      <QtyInPackage>1</QtyInPackage>
      <ItemPrice>6.90</ItemPrice>
      <UnitOfMeasurePrice>0.9857</UnitOfMeasurePrice>
      <AllowDiscount>1</AllowDiscount>
      <ItemStatus>1</ItemStatus>
      <ItemId>267998</ItemId>
    </Item>
    <Item>
      <PriceUpdateDate>2015-01-01 00:00:00</PriceUpdateDate>
      <ItemCode>7290102393152</ItemCode>
      <ItemType>0</ItemType>
      <ItemName>חמאת עיזים 100 גרם</ItemName>
      <ManufacturerName>טרה</ManufacturerName>
      <ManufactureCountry>לא ידוע</ManufactureCountry>
      <ManufacturerItemDescription>חמאת עיזים 100 גרם</ManufacturerItemDescription>
      <UnitQty>גרמים</UnitQty>
      <Quantity>100.00</Quantity>
      <UnitOfMeasure>100 גרם</UnitOfMeasure>
      <bIsWeighted>0</bIsWeighted>
      <QtyInPackage>1</QtyInPackage>
      <ItemPrice>6.90</ItemPrice>
      <UnitOfMeasurePrice>6.9000</UnitOfMeasurePrice>
      <AllowDiscount>1</AllowDiscount>
      <ItemStatus>1</ItemStatus>
      <ItemId>234080</ItemId>
    </Item>
    <Item>
      <PriceUpdateDate>2015-01-01 00:00:00</PriceUpdateDate>
      <ItemCode>7297174000025</ItemCode>
      <ItemType>0</ItemType>
      <ItemName>סופר זיץ מלבין ומחדש</ItemName>
      <ManufacturerName>,</ManufacturerName>
      <ManufactureCountry>לא ידוע</ManufactureCountry>
      <ManufacturerItemDescription>סופר זיץ מלבין ומחדש צמר וטליתות</ManufacturerItemDescription>
      <UnitQty>מיליליטרים</UnitQty>
      <Quantity>500.00</Quantity>
      <UnitOfMeasure>100 מ"ל</UnitOfMeasure>
      <bIsWeighted>0</bIsWeighted>
      <QtyInPackage>1</QtyInPackage>
      <ItemPrice>10.90</ItemPrice>
      <UnitOfMeasurePrice>2.1800</UnitOfMeasurePrice>
      <AllowDiscount>1</AllowDiscount>
      <ItemStatus>1</ItemStatus>
      <ItemId>234082</ItemId>
    </Item>
    <Item>
      <PriceUpdateDate>2015-01-01 00:00:00</PriceUpdateDate>
      <ItemCode>4436285</ItemCode>
      <ItemType>0</ItemType>
      <ItemName>רולדה עוף</ItemName>
      <ManufacturerName>,</ManufacturerName>
      <ManufactureCountry>לא ידוע</ManufactureCountry>
      <ManufacturerItemDescription>רולדה עוף</ManufacturerItemDescription>
      <UnitQty>קילוגרמים</UnitQty>
      <Quantity>1.00</Quantity>
      <UnitOfMeasure>ק"ג</UnitOfMeasure>
      <bIsWeighted>1</bIsWeighted>
      <QtyInPackage>לא ידוע</QtyInPackage>
      <ItemPrice>34.90</ItemPrice>
      <UnitOfMeasurePrice>34.9000</UnitOfMeasurePrice>
      <AllowDiscount>1</AllowDiscount>
      <ItemStatus>1</ItemStatus>
      <ItemId>234146</ItemId>
    </Item>
    <Item>
      <PriceUpdateDate>2015-01-01 00:00:00</PriceUpdateDate>
      <ItemCode>9000133236926</ItemCode>
      <ItemType>0</ItemType>
      <ItemName>גבינת מיני קרים 30%</ItemName>
      <ManufacturerName>רופ בעמ</ManufacturerName>
      <ManufactureCountry>לא ידוע</ManufactureCountry>
      <ManufacturerItemDescription>גבינת מיני קרים 30% שומן 120 גרם</ManufacturerItemDescription>
      <UnitQty>גרמים</UnitQty>
      <Quantity>120.00</Quantity>
      <UnitOfMeasure>100 גרם</UnitOfMeasure>
      <bIsWeighted>0</bIsWeighted>
      <QtyInPackage>1</QtyInPackage>
      <ItemPrice>16.20</ItemPrice>
      <UnitOfMeasurePrice>13.5000</UnitOfMeasurePrice>
      <AllowDiscount>1</AllowDiscount>
      <ItemStatus>1</ItemStatus>
      <ItemId>234164</ItemId>
    </Item>
    <Item>
      <PriceUpdateDate>2015-01-01 00:00:00</PriceUpdateDate>
      <ItemCode>9000133251752</ItemCode>
      <ItemType>0</ItemType>
      <ItemName>גבינה למריחה בטעם מו</ItemName>
      <ManufacturerName>,</ManufacturerName>
      <ManufactureCountry>לא ידוע</ManufactureCountry>
      <ManufacturerItemDescription>גבינה למריחה בטעם מוצרלה 29% שומן 140 גר</ManufacturerItemDescription>
      <UnitQty>גרמים</UnitQty>
      <Quantity>140.00</Quantity>
      <UnitOfMeasure>100 גרם</UnitOfMeasure>
      <bIsWeighted>0</bIsWeighted>
      <QtyInPackage>1</QtyInPackage>
      <ItemPrice>17.20</ItemPrice>
      <UnitOfMeasurePrice>12.2857</UnitOfMeasurePrice>
      <AllowDiscount>1</AllowDiscount>
      <ItemStatus>1</ItemStatus>
      <ItemId>234165</ItemId>
    </Item>
    <Item>
      <PriceUpdateDate>2015-01-01 00:00:00</PriceUpdateDate>
      <ItemCode>3227134010201</ItemCode>
      <ItemType>0</ItemType>
      <ItemName>גבינת אמנטל מגורד</ItemName>
      <ManufacturerName>פרומגרי ליס דהור אוב</ManufacturerName>
      <ManufactureCountry>לא ידוע</ManufactureCountry>
      <ManufacturerItemDescription>גבינת אמנטל מגורד 200 גרם</ManufacturerItemDescription>
      <UnitQty>גרמים</UnitQty>
      <Quantity>200.00</Quantity>
      <UnitOfMeasure>100 גרם</UnitOfMeasure>
      <bIsWeighted>0</bIsWeighted>
      <QtyInPackage>1</QtyInPackage>
      <ItemPrice>26.90</ItemPrice>
      <UnitOfMeasurePrice>13.4500</UnitOfMeasurePrice>
      <AllowDiscount>1</AllowDiscount>
      <ItemStatus>1</ItemStatus>
      <ItemId>234168</ItemId>
    </Item>
    <Item>
      <PriceUpdateDate>2015-01-01 00:00:00</PriceUpdateDate>
      <ItemCode>41844000016</ItemCode>
      <ItemType>0</ItemType>
      <ItemName>חמאה צרפתית פרמיום 2</ItemName>
      <ManufacturerName>קוופרטיב ליאטיאר דה</ManufacturerName>
      <ManufactureCountry>לא ידוע</ManufactureCountry>
      <ManufacturerItemDescription>חמאה צרפתית פרמיום 250 גרם</ManufacturerItemDescription>
      <UnitQty>גרמים</UnitQty>
      <Quantity>250.00</Quantity>
      <UnitOfMeasure>100 גרם</UnitOfMeasure>
      <bIsWeighted>0</bIsWeighted>
      <QtyInPackage>1</QtyInPackage>
      <ItemPrice>16.20</ItemPrice>
      <UnitOfMeasurePrice>6.4800</UnitOfMeasurePrice>
      <AllowDiscount>1</AllowDiscount>
      <ItemStatus>1</ItemStatus>
      <ItemId>234169</ItemId>
    </Item>
    <Item>
      <PriceUpdateDate>2015-01-01 00:00:00</PriceUpdateDate>
      <ItemCode>839066008251</ItemCode>
      <ItemType>0</ItemType>
      <ItemName>חמאה מנורמנדי מכבי 1</ItemName>
      <ManufacturerName>מאיטרס לאיטרס</ManufacturerName>
      <ManufactureCountry>לא ידוע</ManufactureCountry>
      <ManufacturerItemDescription>חמאה מנורמנדי מכבי 125 גרם</ManufacturerItemDescription>
      <UnitQty>גרמים</UnitQty>
      <Quantity>125.00</Quantity>
      <UnitOfMeasure>100 גרם</UnitOfMeasure>
      <bIsWeighted>0</bIsWeighted>
      <QtyInPackage>1</QtyInPackage>
      <ItemPrice>7.90</ItemPrice>
      <UnitOfMeasurePrice>6.3200</UnitOfMeasurePrice>
      <AllowDiscount>1</AllowDiscount>
      <ItemStatus>1</ItemStatus>
      <ItemId>234170</ItemId>
    </Item>
    <Item>
      <PriceUpdateDate>2015-12-02 13:25:17</PriceUpdateDate>
      <ItemCode>4009300522935</ItemCode>
      <ItemType>0</ItemType>
      <ItemName>תה ירוק פומפדור לימו</ItemName>
      <ManufacturerName>טייקנה</ManufacturerName>
      <ManufactureCountry>לא ידוע</ManufactureCountry>
      <ManufacturerItemDescription>תה ירוק פומפדור לימונית לואיזה 30 גרם</ManufacturerItemDescription>
      <UnitQty>גרמים</UnitQty>
      <Quantity>30.00</Quantity>
      <UnitOfMeasure>100 גרם</UnitOfMeasure>
      <bIsWeighted>0</bIsWeighted>
      <QtyInPackage>1</QtyInPackage>
      <ItemPrice>17.90</ItemPrice>
      <UnitOfMeasurePrice>59.6667</UnitOfMeasurePrice>
      <AllowDiscount>1</AllowDiscount>
      <ItemStatus>1</ItemStatus>
      <ItemId>248981</ItemId>
    </Item>
    <Item>
      <PriceUpdateDate>2015-10-28 11:26:26</PriceUpdateDate>
      <ItemCode>7290104855375</ItemCode>
      <ItemType>0</ItemType>
      <ItemName>מיכל 2 ליטר 10 יח</ItemName>
      <ManufacturerName>סנטר פלאסט</ManufacturerName>
      <ManufactureCountry>לא ידוע</ManufactureCountry>
      <ManufacturerItemDescription>מיכל 1 ליטר 12 יח</ManufacturerItemDescription>
      <UnitQty>Unknown </UnitQty>
      <Quantity>0.00</Quantity>
      <UnitOfMeasure>Unknown </UnitOfMeasure>
      <bIsWeighted>0</bIsWeighted>
      <QtyInPackage>1</QtyInPackage>
      <ItemPrice>19.90</ItemPrice>
      <UnitOfMeasurePrice>0.0000</UnitOfMeasurePrice>
      <AllowDiscount>1</AllowDiscount>
      <ItemStatus>1</ItemStatus>
      <ItemId>265680</ItemId>
    </Item>
    <Item>
      <PriceUpdateDate>2016-03-01 11:17:27</PriceUpdateDate>
      <ItemCode>7290000907772</ItemCode>
      <ItemType>1</ItemType>
      <ItemName>לאפי טאפי דובדבן 24</ItemName>
      <ManufacturerName>,</ManufacturerName>
      <ManufactureCountry>לא ידוע</ManufactureCountry>
      <ManufacturerItemDescription>לאפי טאפי דובדבן 24 יח</ManufacturerItemDescription>
      <UnitQty>גרמים</UnitQty>
      <Quantity>551.00</Quantity>
      <UnitOfMeasure>100 גרם</UnitOfMeasure>
      <bIsWeighted>0</bIsWeighted>
      <QtyInPackage>1</QtyInPackage>
      <ItemPrice>14.90</ItemPrice>
      <UnitOfMeasurePrice>2.7042</UnitOfMeasurePrice>
      <AllowDiscount>1</AllowDiscount>
      <ItemStatus>1</ItemStatus>
      <ItemId>267052</ItemId>
    </Item>
    <Item>
      <PriceUpdateDate>2016-04-19 10:36:18</PriceUpdateDate>
      <ItemCode>8690637789472</ItemCode>
      <ItemType>0</ItemType>
      <ItemName>מרכך כביסה בדין אקסט</ItemName>
      <ManufacturerName>יוניליוור</ManufacturerName>
      <ManufactureCountry>לא ידוע</ManufactureCountry>
      <ManufacturerItemDescription>מ.כביסה בדין אקסטרא ורד 960 מ"ל</ManufacturerItemDescription>
      <UnitQty>מיליליטרים</UnitQty>
      <Quantity>960.00</Quantity>
      <UnitOfMeasure>100 מ"ל</UnitOfMeasure>
      <bIsWeighted>0</bIsWeighted>
      <QtyInPackage>1</QtyInPackage>
      <ItemPrice>11.90</ItemPrice>
      <UnitOfMeasurePrice>1.2396</UnitOfMeasurePrice>
      <AllowDiscount>1</AllowDiscount>
      <ItemStatus>1</ItemStatus>
      <ItemId>267999</ItemId>
    </Item>
    <Item>
      <PriceUpdateDate>2015-09-11 08:52:51</PriceUpdateDate>
      <ItemCode>835811006046</ItemCode>
      <ItemType>0</ItemType>
      <ItemName>לפתניות אמריקאיות 10</ItemName>
      <ManufacturerName>,</ManufacturerName>
      <ManufactureCountry>לא ידוע</ManufactureCountry>
      <ManufacturerItemDescription>לפתניות אמריקאיות 100 יח</ManufacturerItemDescription>
      <UnitQty>Unknown </UnitQty>
      <Quantity>0.00</Quantity>
      <UnitOfMeasure>Unknown </UnitOfMeasure>
      <bIsWeighted>0</bIsWeighted>
      <QtyInPackage>1</QtyInPackage>
      <ItemPrice>10.90</ItemPrice>
      <UnitOfMeasurePrice>0.0000</UnitOfMeasurePrice>
      <AllowDiscount>1</AllowDiscount>
      <ItemStatus>1</ItemStatus>
      <ItemId>244298</ItemId>
    </Item>
    <Item>
      <PriceUpdateDate>2015-04-30 15:00:55</PriceUpdateDate>
      <ItemCode>7290011194291</ItemCode>
      <ItemType>0</ItemType>
      <ItemName>דנונה דיאט קפוצינו 1</ItemName>
      <ManufacturerName>שטראוס</ManufacturerName>
      <ManufactureCountry>ישראל</ManufactureCountry>
      <ManufacturerItemDescription>דנונה דיאט קפוצינו 150 מל</ManufacturerItemDescription>
      <UnitQty>מיליליטרים</UnitQty>
      <Quantity>150.00</Quantity>
      <UnitOfMeasure>100 מ"ל</UnitOfMeasure>
      <bIsWeighted>0</bIsWeighted>
      <QtyInPackage>1</QtyInPackage>
      <ItemPrice>4.50</ItemPrice>
      <UnitOfMeasurePrice>3.0000</UnitOfMeasurePrice>
      <AllowDiscount>1</AllowDiscount>
      <ItemStatus>1</ItemStatus>
      <ItemId>255348</ItemId>
    </Item>
    <Item>
      <PriceUpdateDate>2016-04-19 10:36:19</PriceUpdateDate>
      <ItemCode>7290107643832</ItemCode>
      <ItemType>0</ItemType>
      <ItemName>רוטב קנור פאד תאי תא</ItemName>
      <ManufacturerName>יוניליוור</ManufacturerName>
      <ManufactureCountry>לא ידוע</ManufactureCountry>
      <ManufacturerItemDescription>רוטב קנור פאד תאי תאילנדי 340 מ"ל</ManufacturerItemDescription>
      <UnitQty>גרמים</UnitQty>
      <Quantity>340.00</Quantity>
      <UnitOfMeasure>100 גרם</UnitOfMeasure>
      <bIsWeighted>0</bIsWeighted>
      <QtyInPackage>1</QtyInPackage>
      <ItemPrice>9.90</ItemPrice>
      <UnitOfMeasurePrice>2.9118</UnitOfMeasurePrice>
      <AllowDiscount>1</AllowDiscount>
      <ItemStatus>1</ItemStatus>
      <ItemId>268000</ItemId>
    </Item>
    <Item>
      <PriceUpdateDate>2015-06-10 17:46:00</PriceUpdateDate>
      <ItemCode>7290102397075</ItemCode>
      <ItemType>0</ItemType>
      <ItemName>יוגורט 4% בקרטון 1.5</ItemName>
      <ManufacturerName>טרה</ManufacturerName>
      <ManufactureCountry>ישראל</ManufactureCountry>
      <ManufacturerItemDescription>יוגורט 4% בקרטון 1.5 ליטר</ManufacturerItemDescription>
      <UnitQty>ליטרים</UnitQty>
      <Quantity>1.50</Quantity>
      <UnitOfMeasure>ליטר    </UnitOfMeasure>
      <bIsWeighted>0</bIsWeighted>
      <QtyInPackage>1</QtyInPackage>
      <ItemPrice>12.90</ItemPrice>
      <UnitOfMeasurePrice>8.6000</UnitOfMeasurePrice>
      <AllowDiscount>1</AllowDiscount>
      <ItemStatus>1</ItemStatus>
      <ItemId>259840</ItemId>
    </Item>
    <Item>
      <PriceUpdateDate>2015-01-01 00:00:00</PriceUpdateDate>
      <ItemCode>835811005704</ItemCode>
      <ItemType>0</ItemType>
      <ItemName>נייר עטיפה לכריכים 1</ItemName>
      <ManufacturerName>,</ManufacturerName>
      <ManufactureCountry>לא ידוע</ManufactureCountry>
      <ManufacturerItemDescription>נייר עטיפה לכריכים 100 יח 25X35</ManufacturerItemDescription>
      <UnitQty>Unknown </UnitQty>
      <Quantity>0.00</Quantity>
      <UnitOfMeasure>Unknown </UnitOfMeasure>
      <bIsWeighted>0</bIsWeighted>
      <QtyInPackage>1</QtyInPackage>
      <ItemPrice>8.90</ItemPrice>
      <UnitOfMeasurePrice>0.0000</UnitOfMeasurePrice>
      <AllowDiscount>1</AllowDiscount>
      <ItemStatus>1</ItemStatus>
      <ItemId>234202</ItemId>
    </Item>
    <Item>
      <PriceUpdateDate>2016-03-13 13:58:57</PriceUpdateDate>
      <ItemCode>6920713</ItemCode>
      <ItemType>0</ItemType>
      <ItemName>גבינה הולנדי בתוספת</ItemName>
      <ManufacturerName>צי תעשיות מזון יבנה</ManufacturerName>
      <ManufactureCountry>לא ידוע</ManufactureCountry>
      <ManufacturerItemDescription>גבינה הולנדי בתוספת מעושן 400 גרם בד"צ</ManufacturerItemDescription>
      <UnitQty>גרמים</UnitQty>
      <Quantity>400.00</Quantity>
      <UnitOfMeasure>100 גרם</UnitOfMeasure>
      <bIsWeighted>0</bIsWeighted>
      <QtyInPackage>1</QtyInPackage>
      <ItemPrice>16.90</ItemPrice>
      <UnitOfMeasurePrice>4.2250</UnitOfMeasurePrice>
      <AllowDiscount>1</AllowDiscount>
      <ItemStatus>1</ItemStatus>
      <ItemId>234206</ItemId>
    </Item>
    <Item>
      <PriceUpdateDate>2016-04-19 10:36:19</PriceUpdateDate>
      <ItemCode>8717644521120</ItemCode>
      <ItemType>1</ItemType>
      <ItemName>גל רחצה אקס 2 ב-1 רי</ItemName>
      <ManufacturerName>יוניליוור</ManufacturerName>
      <ManufactureCountry>לא ידוע</ManufactureCountry>
      <ManufacturerItemDescription>גל רחצה אקס 2 ב-1 רילוד 400 מ"ל</ManufacturerItemDescription>
      <UnitQty>מיליליטרים</UnitQty>
      <Quantity>400.00</Quantity>
      <UnitOfMeasure>100 מ"ל</UnitOfMeasure>
      <bIsWeighted>0</bIsWeighted>
      <QtyInPackage>1</QtyInPackage>
      <ItemPrice>9.90</ItemPrice>
      <UnitOfMeasurePrice>2.4750</UnitOfMeasurePrice>
      <AllowDiscount>1</AllowDiscount>
      <ItemStatus>1</ItemStatus>
      <ItemId>268001</ItemId>
    </Item>
    <Item>
      <PriceUpdateDate>2015-01-01 00:00:00</PriceUpdateDate>
      <ItemCode>2623007</ItemCode>
      <ItemType>0</ItemType>
      <ItemName>גבינה קשה 29% שומן ב</ItemName>
      <ManufacturerName>פרומגרי ליס דהור אוב</ManufacturerName>
      <ManufactureCountry>לא ידוע</ManufactureCountry>
      <ManufacturerItemDescription>גבינה קשה 29% שומן במשקל</ManufacturerItemDescription>
      <UnitQty>קילוגרמים</UnitQty>
      <Quantity>1.00</Quantity>
      <UnitOfMeasure>ק"ג</UnitOfMeasure>
      <bIsWeighted>1</bIsWeighted>
      <QtyInPackage>לא ידוע</QtyInPackage>
      <ItemPrice>139.90</ItemPrice>
      <UnitOfMeasurePrice>139.9000</UnitOfMeasurePrice>
      <AllowDiscount>1</AllowDiscount>
      <ItemStatus>1</ItemStatus>
      <ItemId>234331</ItemId>
    </Item>
    <Item>
      <PriceUpdateDate>2015-01-01 00:00:00</PriceUpdateDate>
      <ItemCode>2623021</ItemCode>
      <ItemType>0</ItemType>
      <ItemName>גבינה קשה 28% שומן ב</ItemName>
      <ManufacturerName>פרומגרי ליס דהור אוב</ManufacturerName>
      <ManufactureCountry>לא ידוע</ManufactureCountry>
      <ManufacturerItemDescription>גבינה קשה 28% שומן במשקל</ManufacturerItemDescription>
      <UnitQty>קילוגרמים</UnitQty>
      <Quantity>1.00</Quantity>
      <UnitOfMeasure>ק"ג</UnitOfMeasure>
      <bIsWeighted>1</bIsWeighted>
      <QtyInPackage>לא ידוע</QtyInPackage>
      <ItemPrice>139.90</ItemPrice>
      <UnitOfMeasurePrice>139.9000</UnitOfMeasurePrice>
      <AllowDiscount>1</AllowDiscount>
      <ItemStatus>1</ItemStatus>
      <ItemId>234332</ItemId>
    </Item>
    <Item>
      <PriceUpdateDate>2015-01-01 00:00:00</PriceUpdateDate>
      <ItemCode>7290102393169</ItemCode>
      <ItemType>0</ItemType>
      <ItemName>מולר סימפלי פרוט תות</ItemName>
      <ManufacturerName>טרה</ManufacturerName>
      <ManufactureCountry>לא ידוע</ManufactureCountry>
      <ManufacturerItemDescription>מולר סימפלי פרוט תות שדה 150 גרם</ManufacturerItemDescription>
      <UnitQty>גרמים</UnitQty>
      <Quantity>150.00</Quantity>
      <UnitOfMeasure>100 גרם</UnitOfMeasure>
      <bIsWeighted>0</bIsWeighted>
      <QtyInPackage>1</QtyInPackage>
      <ItemPrice>4.80</ItemPrice>
      <UnitOfMeasurePrice>3.2000</UnitOfMeasurePrice>
      <AllowDiscount>1</AllowDiscount>
      <ItemStatus>1</ItemStatus>
      <ItemId>234333</ItemId>
    </Item>
    <Item>
      <PriceUpdateDate>2015-01-01 00:00:00</PriceUpdateDate>
      <ItemCode>7290102393176</ItemCode>
      <ItemType>0</ItemType>
      <ItemName>מולר סימפלי פרוט אפר</ItemName>
      <ManufacturerName>טרה</ManufacturerName>
      <ManufactureCountry>לא ידוע</ManufactureCountry>
      <ManufacturerItemDescription>מולר סימפלי פרוט אפרסק 150 גרם</ManufacturerItemDescription>
      <UnitQty>גרמים</UnitQty>
      <Quantity>150.00</Quantity>
      <UnitOfMeasure>100 גרם</UnitOfMeasure>
      <bIsWeighted>0</bIsWeighted>
      <QtyInPackage>1</QtyInPackage>
      <ItemPrice>4.80</ItemPrice>
      <UnitOfMeasurePrice>3.2000</UnitOfMeasurePrice>
      <AllowDiscount>1</AllowDiscount>
      <ItemStatus>1</ItemStatus>
      <ItemId>234334</ItemId>
    </Item>
    <Item>
      <PriceUpdateDate>2015-01-01 00:00:00</PriceUpdateDate>
      <ItemCode>7290102393190</ItemCode>
      <ItemType>0</ItemType>
      <ItemName>מולר סימפלי פרוט פיר</ItemName>
      <ManufacturerName>טרה</ManufacturerName>
      <ManufactureCountry>לא ידוע</ManufactureCountry>
      <ManufacturerItemDescription>מולר סימפלי פרוט פירות יער 150 גרם</ManufacturerItemDescription>
      <UnitQty>גרמים</UnitQty>
      <Quantity>150.00</Quantity>
      <UnitOfMeasure>100 גרם</UnitOfMeasure>
      <bIsWeighted>0</bIsWeighted>
      <QtyInPackage>1</QtyInPackage>
      <ItemPrice>4.80</ItemPrice>
      <UnitOfMeasurePrice>3.2000</UnitOfMeasurePrice>
      <AllowDiscount>1</AllowDiscount>
      <ItemStatus>1</ItemStatus>
      <ItemId>234335</ItemId>
    </Item>
    <Item>
      <PriceUpdateDate>2015-01-01 00:00:00</PriceUpdateDate>
      <ItemCode>7290012823923</ItemCode>
      <ItemType>0</ItemType>
      <ItemName>מרכך כביסה מקסימה פר</ItemName>
      <ManufacturerName>סנו</ManufacturerName>
      <ManufactureCountry>לא ידוע</ManufactureCountry>
      <ManufacturerItemDescription>מ.כביסה מקסימה פרפיום 750 מ"ל גולדן</ManufacturerItemDescription>
      <UnitQty>מיליליטרים</UnitQty>
      <Quantity>750.00</Quantity>
      <UnitOfMeasure>100 מ"ל</UnitOfMeasure>
      <bIsWeighted>0</bIsWeighted>
      <QtyInPackage>1</QtyInPackage>
      <ItemPrice>9.90</ItemPrice>
      <UnitOfMeasurePrice>1.3200</UnitOfMeasurePrice>
      <AllowDiscount>1</AllowDiscount>
      <ItemStatus>1</ItemStatus>
      <ItemId>234372</ItemId>
    </Item>
    <Item>
      <PriceUpdateDate>2015-01-01 00:00:00</PriceUpdateDate>
      <ItemCode>7290012823947</ItemCode>
      <ItemType>0</ItemType>
      <ItemName>מרכך כביסה מקסימה פר</ItemName>
      <ManufacturerName>סנו</ManufacturerName>
      <ManufactureCountry>לא ידוע</ManufactureCountry>
      <ManufacturerItemDescription>מ.כביסה מקסימה פרפיום 750 מ"ל קריסטל</ManufacturerItemDescription>
      <UnitQty>מיליליטרים</UnitQty>
      <Quantity>750.00</Quantity>
      <UnitOfMeasure>100 מ"ל</UnitOfMeasure>
      <bIsWeighted>0</bIsWeighted>
      <QtyInPackage>1</QtyInPackage>
      <ItemPrice>9.90</ItemPrice>
      <UnitOfMeasurePrice>1.3200</UnitOfMeasurePrice>
      <AllowDiscount>1</AllowDiscount>
      <ItemStatus>1</ItemStatus>
      <ItemId>234374</ItemId>
    </Item>
    <Item>
      <PriceUpdateDate>2015-09-21 08:15:34</PriceUpdateDate>
      <ItemCode>7290107875295</ItemCode>
      <ItemType>0</ItemType>
      <ItemName>רוטב וינגרט לייט 290</ItemName>
      <ManufacturerName>אסם</ManufacturerName>
      <ManufactureCountry>לא ידוע</ManufactureCountry>
      <ManufacturerItemDescription>רוטב וינגרט לייט 290 מ"ל</ManufacturerItemDescription>
      <UnitQty>מיליליטרים</UnitQty>
      <Quantity>290.00</Quantity>
      <UnitOfMeasure>100 מ"ל</UnitOfMeasure>
      <bIsWeighted>0</bIsWeighted>
      <QtyInPackage>1</QtyInPackage>
      <ItemPrice>9.90</ItemPrice>
      <UnitOfMeasurePrice>3.4138</UnitOfMeasurePrice>
      <AllowDiscount>1</AllowDiscount>
      <ItemStatus>1</ItemStatus>
      <ItemId>255164</ItemId>
    </Item>
    <Item>
      <PriceUpdateDate>2015-01-01 00:00:00</PriceUpdateDate>
      <ItemCode>7702018978120</ItemCode>
      <ItemType>0</ItemType>
      <ItemName>דאודורנט קליר גל גיל</ItemName>
      <ManufacturerName>פרוקטר</ManufacturerName>
      <ManufactureCountry>לא ידוע</ManufactureCountry>
      <ManufacturerItemDescription>דאודורנט קליר גל גילט</ManufacturerItemDescription>
      <UnitQty>גרמים</UnitQty>
      <Quantity>150.00</Quantity>
      <UnitOfMeasure>100 גרם</UnitOfMeasure>
      <bIsWeighted>0</bIsWeighted>
      <QtyInPackage>1</QtyInPackage>
      <ItemPrice>25.90</ItemPrice>
      <UnitOfMeasurePrice>17.2667</UnitOfMeasurePrice>
      <AllowDiscount>1</AllowDiscount>
      <ItemStatus>1</ItemStatus>
      <ItemId>234511</ItemId>
    </Item>
    <Item>
      <PriceUpdateDate>2016-05-02 11:51:10</PriceUpdateDate>
      <ItemCode>7290016006360</ItemCode>
      <ItemType>0</ItemType>
      <ItemName>שוופס פירות תות ליים</ItemName>
      <ManufacturerName>יפאורה תבורי</ManufacturerName>
      <ManufactureCountry>לא ידוע</ManufactureCountry>
      <ManufacturerItemDescription>שוופס פירות תות ליים מוגז 1.5 ליטר</ManufacturerItemDescription>
      <UnitQty>ליטרים</UnitQty>
      <Quantity>1.50</Quantity>
      <UnitOfMeasure>ליטר    </UnitOfMeasure>
      <bIsWeighted>0</bIsWeighted>
      <QtyInPackage>1</QtyInPackage>
      <ItemPrice>6.90</ItemPrice>
      <UnitOfMeasurePrice>4.6000</UnitOfMeasurePrice>
      <AllowDiscount>1</AllowDiscount>
      <ItemStatus>1</ItemStatus>
      <ItemId>268040</ItemId>
    </Item>
    <Item>
      <PriceUpdateDate>2015-01-01 00:00:00</PriceUpdateDate>
      <ItemCode>446752</ItemCode>
      <ItemType>0</ItemType>
      <ItemName>ממרח שומשום מלא בטעם</ItemName>
      <ManufacturerName>בטר אנד דיפרנט</ManufacturerName>
      <ManufactureCountry>לא ידוע</ManufactureCountry>
      <ManufacturerItemDescription>ממרח שומשום מלא בטעם חלבה 350 גרם</ManufacturerItemDescription>
      <UnitQty>גרמים</UnitQty>
      <Quantity>350.00</Quantity>
      <UnitOfMeasure>100 גרם</UnitOfMeasure>
      <bIsWeighted>0</bIsWeighted>
      <QtyInPackage>1</QtyInPackage>
      <ItemPrice>10.90</ItemPrice>
      <UnitOfMeasurePrice>3.1143</UnitOfMeasurePrice>
      <AllowDiscount>1</AllowDiscount>
      <ItemStatus>1</ItemStatus>
      <ItemId>234555</ItemId>
    </Item>
    <Item>
      <PriceUpdateDate>2015-01-01 00:00:00</PriceUpdateDate>
      <ItemCode>8989695</ItemCode>
      <ItemType>0</ItemType>
      <ItemName>שלווה מצופה דבש 400</ItemName>
      <ManufacturerName>בטר אנד דיפרנט</ManufacturerName>
      <ManufactureCountry>לא ידוע</ManufactureCountry>
      <ManufacturerItemDescription>שלווה מצופה דבש 400 גרם</ManufacturerItemDescription>
      <UnitQty>גרמים</UnitQty>
      <Quantity>400.00</Quantity>
      <UnitOfMeasure>100 גרם</UnitOfMeasure>
      <bIsWeighted>0</bIsWeighted>
      <QtyInPackage>1</QtyInPackage>
      <ItemPrice>11.90</ItemPrice>
      <UnitOfMeasurePrice>2.9750</UnitOfMeasurePrice>
      <AllowDiscount>1</AllowDiscount>
      <ItemStatus>1</ItemStatus>
      <ItemId>234556</ItemId>
    </Item>
    <Item>
      <PriceUpdateDate>2016-02-24 13:46:55</PriceUpdateDate>
      <ItemCode>3996858</ItemCode>
      <ItemType>0</ItemType>
      <ItemName>לקט ים תיכוני 1 ק"ג</ItemName>
      <ManufacturerName>,</ManufacturerName>
      <ManufactureCountry>לא ידוע</ManufactureCountry>
      <ManufacturerItemDescription>לקט ים תיכוני 1 ק"ג</ManufacturerItemDescription>
      <UnitQty>קילוגרמים</UnitQty>
      <Quantity>1.00</Quantity>
      <UnitOfMeasure>ק"ג     </UnitOfMeasure>
      <bIsWeighted>0</bIsWeighted>
      <QtyInPackage>1</QtyInPackage>
      <ItemPrice>19.90</ItemPrice>
      <UnitOfMeasurePrice>19.9000</UnitOfMeasurePrice>
      <AllowDiscount>1</AllowDiscount>
      <ItemStatus>1</ItemStatus>
      <ItemId>234557</ItemId>
    </Item>
    <Item>
      <PriceUpdateDate>2015-01-01 00:00:00</PriceUpdateDate>
      <ItemCode>7290011499723</ItemCode>
      <ItemType>0</ItemType>
      <ItemName>בולגרית פרוסות 5% מה</ItemName>
      <ManufacturerName>דשן</ManufacturerName>
      <ManufactureCountry>ישראל</ManufactureCountry>
      <ManufacturerItemDescription>בולגרית פרוסות 5% מהדרין 250 גרם</ManufacturerItemDescription>
      <UnitQty>גרמים</UnitQty>
      <Quantity>250.00</Quantity>
      <UnitOfMeasure>100 גרם</UnitOfMeasure>
      <bIsWeighted>0</bIsWeighted>
      <QtyInPackage>1</QtyInPackage>
      <ItemPrice>14.90</ItemPrice>
      <UnitOfMeasurePrice>5.9600</UnitOfMeasurePrice>
      <AllowDiscount>1</AllowDiscount>
      <ItemStatus>1</ItemStatus>
      <ItemId>234558</ItemId>
    </Item>
    <Item>
      <PriceUpdateDate>2015-01-01 00:00:00</PriceUpdateDate>
      <ItemCode>7290011499686</ItemCode>
      <ItemType>0</ItemType>
      <ItemName>גבינה צפתית מיני 350</ItemName>
      <ManufacturerName>מחלבות גד</ManufacturerName>
      <ManufactureCountry>ישראל</ManufactureCountry>
      <ManufacturerItemDescription>גבינה צפתית מיני 350 גרם</ManufacturerItemDescription>
      <UnitQty>גרמים</UnitQty>
      <Quantity>350.00</Quantity>
      <UnitOfMeasure>100 גרם</UnitOfMeasure>
      <bIsWeighted>0</bIsWeighted>
      <QtyInPackage>1</QtyInPackage>
      <ItemPrice>19.90</ItemPrice>
      <UnitOfMeasurePrice>5.6857</UnitOfMeasurePrice>
      <AllowDiscount>1</AllowDiscount>
      <ItemStatus>1</ItemStatus>
      <ItemId>234559</ItemId>
    </Item>
    <Item>
      <PriceUpdateDate>2015-01-01 00:00:00</PriceUpdateDate>
      <ItemCode>835811004813</ItemCode>
      <ItemType>0</ItemType>
      <ItemName>מגש מלבן מחולק 4 תאי</ItemName>
      <ManufacturerName>,</ManufacturerName>
      <ManufactureCountry>לא ידוע</ManufactureCountry>
      <ManufacturerItemDescription>מגש מלבן מחולק 4 תאים 1 ק"ג</ManufacturerItemDescription>
      <UnitQty>Unknown </UnitQty>
      <Quantity>0.00</Quantity>
      <UnitOfMeasure>Unknown </UnitOfMeasure>
      <bIsWeighted>0</bIsWeighted>
      <QtyInPackage>1</QtyInPackage>
      <ItemPrice>7.90</ItemPrice>
      <UnitOfMeasurePrice>0.0000</UnitOfMeasurePrice>
      <AllowDiscount>1</AllowDiscount>
      <ItemStatus>1</ItemStatus>
      <ItemId>234575</ItemId>
    </Item>
    <Item>
      <PriceUpdateDate>2015-01-01 00:00:00</PriceUpdateDate>
      <ItemCode>7290011499730</ItemCode>
      <ItemType>0</ItemType>
      <ItemName>גבינה בולגרית 5% 250</ItemName>
      <ManufacturerName>דשן</ManufacturerName>
      <ManufactureCountry>ישראל</ManufactureCountry>
      <ManufacturerItemDescription>גבינה בולגרית 5% 250 גרם</ManufacturerItemDescription>
      <UnitQty>גרמים</UnitQty>
      <Quantity>250.00</Quantity>
      <UnitOfMeasure>100 גרם</UnitOfMeasure>
      <bIsWeighted>0</bIsWeighted>
      <QtyInPackage>1</QtyInPackage>
      <ItemPrice>16.90</ItemPrice>
      <UnitOfMeasurePrice>6.7600</UnitOfMeasurePrice>
      <AllowDiscount>1</AllowDiscount>
      <ItemStatus>1</ItemStatus>
      <ItemId>234586</ItemId>
    </Item>
    <Item>
      <PriceUpdateDate>2015-01-01 00:00:00</PriceUpdateDate>
      <ItemCode>7290011499754</ItemCode>
      <ItemType>0</ItemType>
      <ItemName>גבינת ריקוטה 250 גרם</ItemName>
      <ManufacturerName>מחלבות גד</ManufacturerName>
      <ManufactureCountry>ישראל</ManufactureCountry>
      <ManufacturerItemDescription>גבינת ריקוטה 250 גרם</ManufacturerItemDescription>
      <UnitQty>גרמים</UnitQty>
      <Quantity>250.00</Quantity>
      <UnitOfMeasure>100 גרם</UnitOfMeasure>
      <bIsWeighted>0</bIsWeighted>
      <QtyInPackage>1</QtyInPackage>
      <ItemPrice>14.90</ItemPrice>
      <UnitOfMeasurePrice>5.9600</UnitOfMeasurePrice>
      <AllowDiscount>1</AllowDiscount>
      <ItemStatus>1</ItemStatus>
      <ItemId>234588</ItemId>
    </Item>
    <Item>
      <PriceUpdateDate>2015-01-01 00:00:00</PriceUpdateDate>
      <ItemCode>7290011499709</ItemCode>
      <ItemType>0</ItemType>
      <ItemName>לאבנה בשמן זית+זעתר%</ItemName>
      <ManufacturerName>מחלבות גד</ManufacturerName>
      <ManufactureCountry>ישראל</ManufactureCountry>
      <ManufacturerItemDescription>לאבנה בשמן זית+זעתר%5 250 גרם</ManufacturerItemDescription>
      <UnitQty>גרמים</UnitQty>
      <Quantity>250.00</Quantity>
      <UnitOfMeasure>100 גרם</UnitOfMeasure>
      <bIsWeighted>0</bIsWeighted>
      <QtyInPackage>1</QtyInPackage>
      <ItemPrice>7.90</ItemPrice>
      <UnitOfMeasurePrice>3.1600</UnitOfMeasurePrice>
      <AllowDiscount>1</AllowDiscount>
      <ItemStatus>1</ItemStatus>
      <ItemId>234591</ItemId>
    </Item>
    <Item>
      <PriceUpdateDate>2015-01-01 00:00:00</PriceUpdateDate>
      <ItemCode>6271655</ItemCode>
      <ItemType>0</ItemType>
      <ItemName>מיני בורקס גבינה 800</ItemName>
      <ManufacturerName>מעדנות</ManufacturerName>
      <ManufactureCountry>לא ידוע</ManufactureCountry>
      <ManufacturerItemDescription>מיני בורקס גבינה 800 גרם</ManufacturerItemDescription>
      <UnitQty>גרמים</UnitQty>
      <Quantity>800.00</Quantity>
      <UnitOfMeasure>100 גרם</UnitOfMeasure>
      <bIsWeighted>0</bIsWeighted>
      <QtyInPackage>1</QtyInPackage>
      <ItemPrice>15.90</ItemPrice>
      <UnitOfMeasurePrice>1.9875</UnitOfMeasurePrice>
      <AllowDiscount>1</AllowDiscount>
      <ItemStatus>1</ItemStatus>
      <ItemId>234634</ItemId>
    </Item>
    <Item>
      <PriceUpdateDate>2015-01-01 00:00:00</PriceUpdateDate>
      <ItemCode>6271648</ItemCode>
      <ItemType>0</ItemType>
      <ItemName>מיני בורקס תפו"א 800</ItemName>
      <ManufacturerName>מעדנות</ManufacturerName>
      <ManufactureCountry>לא ידוע</ManufactureCountry>
      <ManufacturerItemDescription>מיני בורקס תפו"א 800 גרם</ManufacturerItemDescription>
      <UnitQty>גרמים</UnitQty>
      <Quantity>800.00</Quantity>
      <UnitOfMeasure>100 גרם</UnitOfMeasure>
      <bIsWeighted>0</bIsWeighted>
      <QtyInPackage>1</QtyInPackage>
      <ItemPrice>15.90</ItemPrice>
      <UnitOfMeasurePrice>1.9875</UnitOfMeasurePrice>
      <AllowDiscount>1</AllowDiscount>
      <ItemStatus>1</ItemStatus>
      <ItemId>234635</ItemId>
    </Item>
    <Item>
      <PriceUpdateDate>2015-01-01 00:00:00</PriceUpdateDate>
      <ItemCode>7290013117212</ItemCode>
      <ItemType>0</ItemType>
      <ItemName>בורקס פילו גבינה 600</ItemName>
      <ManufacturerName>מעדנות</ManufacturerName>
      <ManufactureCountry>לא ידוע</ManufactureCountry>
      <ManufacturerItemDescription>בורקס פילו גבינה 600 גרם</ManufacturerItemDescription>
      <UnitQty>גרמים</UnitQty>
      <Quantity>600.00</Quantity>
      <UnitOfMeasure>100 גרם</UnitOfMeasure>
      <bIsWeighted>0</bIsWeighted>
      <QtyInPackage>1</QtyInPackage>
      <ItemPrice>19.90</ItemPrice>
      <UnitOfMeasurePrice>3.3167</UnitOfMeasurePrice>
      <AllowDiscount>1</AllowDiscount>
      <ItemStatus>1</ItemStatus>
      <ItemId>234636</ItemId>
    </Item>
    <Item>
      <PriceUpdateDate>2015-01-01 00:00:00</PriceUpdateDate>
      <ItemCode>7290013117229</ItemCode>
      <ItemType>0</ItemType>
      <ItemName>בורקס פילו תפו"א 600</ItemName>
      <ManufacturerName>מעדנות</ManufacturerName>
      <ManufactureCountry>לא ידוע</ManufactureCountry>
      <ManufacturerItemDescription>בורקס פילו תפו"א 600 גרם</ManufacturerItemDescription>
      <UnitQty>גרמים</UnitQty>
      <Quantity>600.00</Quantity>
      <UnitOfMeasure>100 גרם</UnitOfMeasure>
      <bIsWeighted>0</bIsWeighted>
      <QtyInPackage>1</QtyInPackage>
      <ItemPrice>19.90</ItemPrice>
      <UnitOfMeasurePrice>3.3167</UnitOfMeasurePrice>
      <AllowDiscount>1</AllowDiscount>
      <ItemStatus>1</ItemStatus>
      <ItemId>234637</ItemId>
    </Item>
    <Item>
      <PriceUpdateDate>2015-11-01 10:54:16</PriceUpdateDate>
      <ItemCode>74061</ItemCode>
      <ItemType>0</ItemType>
      <ItemName>לחמית סילאן ושומשום</ItemName>
      <ManufacturerName>אסם</ManufacturerName>
      <ManufactureCountry>לא ידוע</ManufactureCountry>
      <ManufacturerItemDescription>לחמית סילאן ושומשום 200 גרם</ManufacturerItemDescription>
      <UnitQty>גרמים</UnitQty>
      <Quantity>200.00</Quantity>
      <UnitOfMeasure>100 גרם</UnitOfMeasure>
      <bIsWeighted>0</bIsWeighted>
      <QtyInPackage>1</QtyInPackage>
      <ItemPrice>7.90</ItemPrice>
      <UnitOfMeasurePrice>3.9500</UnitOfMeasurePrice>
      <AllowDiscount>1</AllowDiscount>
      <ItemStatus>1</ItemStatus>
      <ItemId>234644</ItemId>
    </Item>
    <Item>
      <PriceUpdateDate>2015-01-01 00:00:00</PriceUpdateDate>
      <ItemCode>2986744</ItemCode>
      <ItemType>0</ItemType>
      <ItemName>עוגיות שוקו ציפס 600</ItemName>
      <ManufacturerName>,</ManufacturerName>
      <ManufactureCountry>לא ידוע</ManufactureCountry>
      <ManufacturerItemDescription>עוגיות שוקו ציפס 600 גרם</ManufacturerItemDescription>
      <UnitQty>גרמים</UnitQty>
      <Quantity>600.00</Quantity>
      <UnitOfMeasure>100 גרם</UnitOfMeasure>
      <bIsWeighted>0</bIsWeighted>
      <QtyInPackage>1</QtyInPackage>
      <ItemPrice>8.90</ItemPrice>
      <UnitOfMeasurePrice>1.4833</UnitOfMeasurePrice>
      <AllowDiscount>1</AllowDiscount>
      <ItemStatus>1</ItemStatus>
      <ItemId>234685</ItemId>
    </Item>
    <Item>
      <PriceUpdateDate>2015-09-21 08:44:43</PriceUpdateDate>
      <ItemCode>7290104726767</ItemCode>
      <ItemType>0</ItemType>
      <ItemName>שוקולד פרה חלב שברי</ItemName>
      <ManufacturerName>,</ManufacturerName>
      <ManufactureCountry>לא ידוע</ManufactureCountry>
      <ManufacturerItemDescription>שוקולד פרה חלב שברי אגוזים 100 גרם מגדים</ManufacturerItemDescription>
      <UnitQty>גרמים</UnitQty>
      <Quantity>100.00</Quantity>
      <UnitOfMeasure>100 גרם</UnitOfMeasure>
      <bIsWeighted>0</bIsWeighted>
      <QtyInPackage>1</QtyInPackage>
      <ItemPrice>4.90</ItemPrice>
      <UnitOfMeasurePrice>4.9000</UnitOfMeasurePrice>
      <AllowDiscount>1</AllowDiscount>
      <ItemStatus>1</ItemStatus>
      <ItemId>234686</ItemId>
    </Item>
    <Item>
      <PriceUpdateDate>2015-01-01 00:00:00</PriceUpdateDate>
      <ItemCode>7290010328345</ItemCode>
      <ItemType>0</ItemType>
      <ItemName>חטיף חלבה 50 גרם</ItemName>
      <ManufacturerName>אחדות ביחר לטחינה חל</ManufacturerName>
      <ManufactureCountry>לא ידוע</ManufactureCountry>
      <ManufacturerItemDescription>חטיף חלבה 50 גרם</ManufacturerItemDescription>
      <UnitQty>גרמים</UnitQty>
      <Quantity>50.00</Quantity>
      <UnitOfMeasure>100 גרם</UnitOfMeasure>
      <bIsWeighted>0</bIsWeighted>
      <QtyInPackage>1</QtyInPackage>
      <ItemPrice>1.60</ItemPrice>
      <UnitOfMeasurePrice>3.2000</UnitOfMeasurePrice>
      <AllowDiscount>1</AllowDiscount>
      <ItemStatus>1</ItemStatus>
      <ItemId>234712</ItemId>
    </Item>
    <Item>
      <PriceUpdateDate>2015-01-01 00:00:00</PriceUpdateDate>
      <ItemCode>73490128257</ItemCode>
      <ItemType>0</ItemType>
      <ItemName>מיץ ענבים לבן קדם 1.</ItemName>
      <ManufacturerName>,</ManufacturerName>
      <ManufactureCountry>לא ידוע</ManufactureCountry>
      <ManufacturerItemDescription>מיץ ענבים לבן קדם 1.5 ליטר</ManufacturerItemDescription>
      <UnitQty>ליטרים</UnitQty>
      <Quantity>1.50</Quantity>
      <UnitOfMeasure>ליטר    </UnitOfMeasure>
      <bIsWeighted>0</bIsWeighted>
      <QtyInPackage>1</QtyInPackage>
      <ItemPrice>25.90</ItemPrice>
      <UnitOfMeasurePrice>17.2667</UnitOfMeasurePrice>
      <AllowDiscount>1</AllowDiscount>
      <ItemStatus>1</ItemStatus>
      <ItemId>253347</ItemId>
    </Item>
    <Item>
      <PriceUpdateDate>2015-01-01 00:00:00</PriceUpdateDate>
      <ItemCode>7290100249352</ItemCode>
      <ItemType>0</ItemType>
      <ItemName>מרק טעם עוף 400 גרם</ItemName>
      <ManufacturerName>יוניליוור</ManufacturerName>
      <ManufactureCountry>ישראל</ManufactureCountry>
      <ManufacturerItemDescription>מרק טעם עוף 400 גרם בדצ</ManufacturerItemDescription>
      <UnitQty>גרמים</UnitQty>
      <Quantity>400.00</Quantity>
      <UnitOfMeasure>100 גרם</UnitOfMeasure>
      <bIsWeighted>0</bIsWeighted>
      <QtyInPackage>1</QtyInPackage>
      <ItemPrice>13.90</ItemPrice>
      <UnitOfMeasurePrice>3.4750</UnitOfMeasurePrice>
      <AllowDiscount>1</AllowDiscount>
      <ItemStatus>1</ItemStatus>
      <ItemId>234789</ItemId>
    </Item>
    <Item>
      <PriceUpdateDate>2015-01-01 00:00:00</PriceUpdateDate>
      <ItemCode>7290100249376</ItemCode>
      <ItemType>0</ItemType>
      <ItemName>מרק בצל 400 גרם בד"צ</ItemName>
      <ManufacturerName>יוניליוור</ManufacturerName>
      <ManufactureCountry>ישראל</ManufactureCountry>
      <ManufacturerItemDescription>מרק בצל 400 גרם בדצ</ManufacturerItemDescription>
      <UnitQty>גרמים</UnitQty>
      <Quantity>400.00</Quantity>
      <UnitOfMeasure>100 גרם</UnitOfMeasure>
      <bIsWeighted>0</bIsWeighted>
      <QtyInPackage>1</QtyInPackage>
      <ItemPrice>19.90</ItemPrice>
      <UnitOfMeasurePrice>4.9750</UnitOfMeasurePrice>
      <AllowDiscount>1</AllowDiscount>
      <ItemStatus>1</ItemStatus>
      <ItemId>234791</ItemId>
    </Item>
    <Item>
      <PriceUpdateDate>2015-01-01 00:00:00</PriceUpdateDate>
      <ItemCode>7290100249383</ItemCode>
      <ItemType>0</ItemType>
      <ItemName>מרק פטריות 400 גרם ב</ItemName>
      <ManufacturerName>יוניליוור</ManufacturerName>
      <ManufactureCountry>ישראל</ManufactureCountry>
      <ManufacturerItemDescription>מרק פטריות 400 גרם בדצ</ManufacturerItemDescription>
      <UnitQty>גרמים</UnitQty>
      <Quantity>400.00</Quantity>
      <UnitOfMeasure>100 גרם</UnitOfMeasure>
      <bIsWeighted>0</bIsWeighted>
      <QtyInPackage>1</QtyInPackage>
      <ItemPrice>19.90</ItemPrice>
      <UnitOfMeasurePrice>4.9750</UnitOfMeasurePrice>
      <AllowDiscount>1</AllowDiscount>
      <ItemStatus>1</ItemStatus>
      <ItemId>234792</ItemId>
    </Item>
    <Item>
      <PriceUpdateDate>2015-01-01 00:00:00</PriceUpdateDate>
      <ItemCode>7290100249475</ItemCode>
      <ItemType>0</ItemType>
      <ItemName>מרק נמס בכוס תירס בד</ItemName>
      <ManufacturerName>יוניליוור</ManufacturerName>
      <ManufactureCountry>ישראל</ManufactureCountry>
      <ManufacturerItemDescription>מרק נמס בכוס תירס בדצ</ManufacturerItemDescription>
      <UnitQty>Unknown </UnitQty>
      <Quantity>0.00</Quantity>
      <UnitOfMeasure>Unknown </UnitOfMeasure>
      <bIsWeighted>0</bIsWeighted>
      <QtyInPackage>1</QtyInPackage>
      <ItemPrice>5.90</ItemPrice>
      <UnitOfMeasurePrice>0.0000</UnitOfMeasurePrice>
      <AllowDiscount>1</AllowDiscount>
      <ItemStatus>1</ItemStatus>
      <ItemId>234793</ItemId>
    </Item>
    <Item>
      <PriceUpdateDate>2015-01-01 00:00:00</PriceUpdateDate>
      <ItemCode>7290100249482</ItemCode>
      <ItemType>0</ItemType>
      <ItemName>מרק נמס בכוס אפונה ב</ItemName>
      <ManufacturerName>יוניליוור</ManufacturerName>
      <ManufactureCountry>ישראל</ManufactureCountry>
      <ManufacturerItemDescription>מרק נמס בכוס אפונה בדצ</ManufacturerItemDescription>
      <UnitQty>Unknown </UnitQty>
      <Quantity>0.00</Quantity>
      <UnitOfMeasure>Unknown </UnitOfMeasure>
      <bIsWeighted>0</bIsWeighted>
      <QtyInPackage>1</QtyInPackage>
      <ItemPrice>5.90</ItemPrice>
      <UnitOfMeasurePrice>0.0000</UnitOfMeasurePrice>
      <AllowDiscount>1</AllowDiscount>
      <ItemStatus>1</ItemStatus>
      <ItemId>234794</ItemId>
    </Item>
    <Item>
      <PriceUpdateDate>2015-01-01 00:00:00</PriceUpdateDate>
      <ItemCode>7290100249628</ItemCode>
      <ItemType>0</ItemType>
      <ItemName>רוטב לעוף ברביקיו סו</ItemName>
      <ManufacturerName>יוניליוור</ManufacturerName>
      <ManufactureCountry>ישראל</ManufactureCountry>
      <ManufacturerItemDescription>רוטב לעוף ברביקיו סויה דבש בדצ</ManufacturerItemDescription>
      <UnitQty>גרמים</UnitQty>
      <Quantity>310.00</Quantity>
      <UnitOfMeasure>100 גרם</UnitOfMeasure>
      <bIsWeighted>0</bIsWeighted>
      <QtyInPackage>1</QtyInPackage>
      <ItemPrice>9.90</ItemPrice>
      <UnitOfMeasurePrice>3.1935</UnitOfMeasurePrice>
      <AllowDiscount>1</AllowDiscount>
      <ItemStatus>1</ItemStatus>
      <ItemId>234800</ItemId>
    </Item>
    <Item>
      <PriceUpdateDate>2015-01-01 00:00:00</PriceUpdateDate>
      <ItemCode>7290100249598</ItemCode>
      <ItemType>0</ItemType>
      <ItemName>רוטב לעוף שום ודבש ב</ItemName>
      <ManufacturerName>יוניליוור</ManufacturerName>
      <ManufactureCountry>ישראל</ManufactureCountry>
      <ManufacturerItemDescription>רוטב לעוף שום ודבש בדצ</ManufacturerItemDescription>
      <UnitQty>גרמים</UnitQty>
      <Quantity>310.00</Quantity>
      <UnitOfMeasure>100 גרם</UnitOfMeasure>
      <bIsWeighted>0</bIsWeighted>
      <QtyInPackage>1</QtyInPackage>
      <ItemPrice>9.90</ItemPrice>
      <UnitOfMeasurePrice>3.1935</UnitOfMeasurePrice>
      <AllowDiscount>1</AllowDiscount>
      <ItemStatus>1</ItemStatus>
      <ItemId>234801</ItemId>
    </Item>
    <Item>
      <PriceUpdateDate>2015-01-01 00:00:00</PriceUpdateDate>
      <ItemCode>7290100249611</ItemCode>
      <ItemType>0</ItemType>
      <ItemName>רוטב לעוף שום ועשבי</ItemName>
      <ManufacturerName>יוניליוור</ManufacturerName>
      <ManufactureCountry>ישראל</ManufactureCountry>
      <ManufacturerItemDescription>רוטב לעוף שום ועשבי תיבול בדצ</ManufacturerItemDescription>
      <UnitQty>גרמים</UnitQty>
      <Quantity>310.00</Quantity>
      <UnitOfMeasure>100 גרם</UnitOfMeasure>
      <bIsWeighted>0</bIsWeighted>
      <QtyInPackage>1</QtyInPackage>
      <ItemPrice>9.90</ItemPrice>
      <UnitOfMeasurePrice>3.1935</UnitOfMeasurePrice>
      <AllowDiscount>1</AllowDiscount>
      <ItemStatus>1</ItemStatus>
      <ItemId>234803</ItemId>
    </Item>
    <Item>
      <PriceUpdateDate>2015-06-17 12:16:13</PriceUpdateDate>
      <ItemCode>7290000390550</ItemCode>
      <ItemType>1</ItemType>
      <ItemName>קייל מהדרין ארוז</ItemName>
      <ManufacturerName>,</ManufacturerName>
      <ManufactureCountry>לא ידוע</ManufactureCountry>
      <ManufacturerItemDescription>קייל מהדרין ארוז</ManufacturerItemDescription>
      <UnitQty>לא מנהל יחידת מידה</UnitQty>
      <Quantity>0.00</Quantity>
      <UnitOfMeasure>לא מנהל יחידת מידה</UnitOfMeasure>
      <bIsWeighted>0</bIsWeighted>
      <QtyInPackage>1</QtyInPackage>
      <ItemPrice>8.90</ItemPrice>
      <UnitOfMeasurePrice>0.0000</UnitOfMeasurePrice>
      <AllowDiscount>1</AllowDiscount>
      <ItemStatus>1</ItemStatus>
      <ItemId>264191</ItemId>
    </Item>
    <Item>
      <PriceUpdateDate>2015-01-01 00:00:00</PriceUpdateDate>
      <ItemCode>7290104721533</ItemCode>
      <ItemType>0</ItemType>
      <ItemName>סלט רצועות פלפל קלוי</ItemName>
      <ManufacturerName>שטראוס</ManufacturerName>
      <ManufactureCountry>ישראל</ManufactureCountry>
      <ManufacturerItemDescription>סלט רצועות פלפל קלוי 400 גרם טעמי השוק</ManufacturerItemDescription>
      <UnitQty>גרמים</UnitQty>
      <Quantity>400.00</Quantity>
      <UnitOfMeasure>100 גרם</UnitOfMeasure>
      <bIsWeighted>0</bIsWeighted>
      <QtyInPackage>1</QtyInPackage>
      <ItemPrice>14.90</ItemPrice>
      <UnitOfMeasurePrice>3.7250</UnitOfMeasurePrice>
      <AllowDiscount>1</AllowDiscount>
      <ItemStatus>1</ItemStatus>
      <ItemId>234837</ItemId>
    </Item>
    <Item>
      <PriceUpdateDate>2015-01-01 00:00:00</PriceUpdateDate>
      <ItemCode>7290013702029</ItemCode>
      <ItemType>0</ItemType>
      <ItemName>מים שוופס בטעם אפרסק</ItemName>
      <ManufacturerName>יפאורה תבורי</ManufacturerName>
      <ManufactureCountry>לא ידוע</ManufactureCountry>
      <ManufacturerItemDescription>מים שוופס בטעם אפרסק 1.5 ליטר</ManufacturerItemDescription>
      <UnitQty>ליטרים</UnitQty>
      <Quantity>1.50</Quantity>
      <UnitOfMeasure>ליטר    </UnitOfMeasure>
      <bIsWeighted>0</bIsWeighted>
      <QtyInPackage>1</QtyInPackage>
      <ItemPrice>6.50</ItemPrice>
      <UnitOfMeasurePrice>4.3333</UnitOfMeasurePrice>
      <AllowDiscount>1</AllowDiscount>
      <ItemStatus>1</ItemStatus>
      <ItemId>234840</ItemId>
    </Item>
    <Item>
      <PriceUpdateDate>2015-01-01 00:00:00</PriceUpdateDate>
      <ItemCode>7290013702043</ItemCode>
      <ItemType>0</ItemType>
      <ItemName>מים שוופס בטעם ענבים</ItemName>
      <ManufacturerName>יפאורה תבורי</ManufacturerName>
      <ManufactureCountry>לא ידוע</ManufactureCountry>
      <ManufacturerItemDescription>מים שוופס בטעם ענבים 1.5 ליטר</ManufacturerItemDescription>
      <UnitQty>ליטרים</UnitQty>
      <Quantity>1.50</Quantity>
      <UnitOfMeasure>ליטר    </UnitOfMeasure>
      <bIsWeighted>0</bIsWeighted>
      <QtyInPackage>1</QtyInPackage>
      <ItemPrice>6.50</ItemPrice>
      <UnitOfMeasurePrice>4.3333</UnitOfMeasurePrice>
      <AllowDiscount>1</AllowDiscount>
      <ItemStatus>1</ItemStatus>
      <ItemId>234841</ItemId>
    </Item>
    <Item>
      <PriceUpdateDate>2015-01-01 00:00:00</PriceUpdateDate>
      <ItemCode>208213</ItemCode>
      <ItemType>0</ItemType>
      <ItemName>שעועית אפויה 550 גרם</ItemName>
      <ManufacturerName>זנלכל</ManufacturerName>
      <ManufactureCountry>לא ידוע</ManufactureCountry>
      <ManufacturerItemDescription>שעועית אפויה 550 גרם א2 יכין</ManufacturerItemDescription>
      <UnitQty>גרמים</UnitQty>
      <Quantity>600.00</Quantity>
      <UnitOfMeasure>100 גרם</UnitOfMeasure>
      <bIsWeighted>0</bIsWeighted>
      <QtyInPackage>1</QtyInPackage>
      <ItemPrice>5.90</ItemPrice>
      <UnitOfMeasurePrice>0.9833</UnitOfMeasurePrice>
      <AllowDiscount>1</AllowDiscount>
      <ItemStatus>1</ItemStatus>
      <ItemId>243390</ItemId>
    </Item>
    <Item>
      <PriceUpdateDate>2015-01-01 00:00:00</PriceUpdateDate>
      <ItemCode>7290013702005</ItemCode>
      <ItemType>0</ItemType>
      <ItemName>מים שוופס בטעם פירות</ItemName>
      <ManufacturerName>יפאורה תבורי</ManufacturerName>
      <ManufactureCountry>לא ידוע</ManufactureCountry>
      <ManufacturerItemDescription>מים שוופס בטעם פירות יער 1.5 ליטר</ManufacturerItemDescription>
      <UnitQty>ליטרים</UnitQty>
      <Quantity>1.50</Quantity>
      <UnitOfMeasure>ליטר    </UnitOfMeasure>
      <bIsWeighted>0</bIsWeighted>
      <QtyInPackage>1</QtyInPackage>
      <ItemPrice>6.50</ItemPrice>
      <UnitOfMeasurePrice>4.3333</UnitOfMeasurePrice>
      <AllowDiscount>1</AllowDiscount>
      <ItemStatus>1</ItemStatus>
      <ItemId>234842</ItemId>
    </Item>
    <Item>
      <PriceUpdateDate>2015-01-01 00:00:00</PriceUpdateDate>
      <ItemCode>7290100249390</ItemCode>
      <ItemType>0</ItemType>
      <ItemName>מרק טעם עוף רכיבים ט</ItemName>
      <ManufacturerName>יוניליוור</ManufacturerName>
      <ManufactureCountry>ישראל</ManufactureCountry>
      <ManufacturerItemDescription>מרק טעם עוף רכיבים טבעיים 400 גרם בדצ</ManufacturerItemDescription>
      <UnitQty>גרמים</UnitQty>
      <Quantity>400.00</Quantity>
      <UnitOfMeasure>100 גרם</UnitOfMeasure>
      <bIsWeighted>0</bIsWeighted>
      <QtyInPackage>1</QtyInPackage>
      <ItemPrice>16.90</ItemPrice>
      <UnitOfMeasurePrice>4.2250</UnitOfMeasurePrice>
      <AllowDiscount>1</AllowDiscount>
      <ItemStatus>1</ItemStatus>
      <ItemId>234855</ItemId>
    </Item>
    <Item>
      <PriceUpdateDate>2016-06-15 10:35:37</PriceUpdateDate>
      <ItemCode>7290107931014</ItemCode>
      <ItemType>1</ItemType>
      <ItemName>שוקולד פרה שייק תות</ItemName>
      <ManufacturerName>שטראוס</ManufacturerName>
      <ManufactureCountry>ישראל</ManufactureCountry>
      <ManufacturerItemDescription>שוקולד פרה שייק תות וניל 95 גרם</ManufacturerItemDescription>
      <UnitQty>גרמים</UnitQty>
      <Quantity>95.00</Quantity>
      <UnitOfMeasure>100 גרם</UnitOfMeasure>
      <bIsWeighted>0</bIsWeighted>
      <QtyInPackage>1</QtyInPackage>
      <ItemPrice>5.90</ItemPrice>
      <UnitOfMeasurePrice>6.2105</UnitOfMeasurePrice>
      <AllowDiscount>1</AllowDiscount>
      <ItemStatus>1</ItemStatus>
      <ItemId>268442</ItemId>
    </Item>
    <Item>
      <PriceUpdateDate>2015-06-15 09:31:13</PriceUpdateDate>
      <ItemCode>7290013585240</ItemCode>
      <ItemType>1</ItemType>
      <ItemName>ספרייט זירו בקבוק 1.</ItemName>
      <ManufacturerName>,</ManufacturerName>
      <ManufactureCountry>לא ידוע</ManufactureCountry>
      <ManufacturerItemDescription>ספרייט זירו בקבוק 1.5 ליטר</ManufacturerItemDescription>
      <UnitQty>ליטרים</UnitQty>
      <Quantity>1.50</Quantity>
      <UnitOfMeasure>ליטר    </UnitOfMeasure>
      <bIsWeighted>0</bIsWeighted>
      <QtyInPackage>1</QtyInPackage>
      <ItemPrice>6.50</ItemPrice>
      <UnitOfMeasurePrice>4.3333</UnitOfMeasurePrice>
      <AllowDiscount>1</AllowDiscount>
      <ItemStatus>1</ItemStatus>
      <ItemId>264167</ItemId>
    </Item>
    <Item>
      <PriceUpdateDate>2016-05-18 16:56:34</PriceUpdateDate>
      <ItemCode>992</ItemCode>
      <ItemType>0</ItemType>
      <ItemName>חסה משי אדום מהדרין</ItemName>
      <ManufacturerName>,</ManufacturerName>
      <ManufactureCountry>לא ידוע</ManufactureCountry>
      <ManufacturerItemDescription>חסה משי אדום מהדרין יח</ManufacturerItemDescription>
      <UnitQty>Unknown </UnitQty>
      <Quantity>0.00</Quantity>
      <UnitOfMeasure>Unknown </UnitOfMeasure>
      <bIsWeighted>0</bIsWeighted>
      <QtyInPackage>1</QtyInPackage>
      <ItemPrice>5.00</ItemPrice>
      <UnitOfMeasurePrice>0.0000</UnitOfMeasurePrice>
      <AllowDiscount>1</AllowDiscount>
      <ItemStatus>1</ItemStatus>
      <ItemId>248426</ItemId>
    </Item>
    <Item>
      <PriceUpdateDate>2015-12-24 07:05:27</PriceUpdateDate>
      <ItemCode>53</ItemCode>
      <ItemType>0</ItemType>
      <ItemName>כרוב קייל</ItemName>
      <ManufacturerName>,</ManufacturerName>
      <ManufactureCountry>לא ידוע</ManufactureCountry>
      <ManufacturerItemDescription>כרוב קייל</ManufacturerItemDescription>
      <UnitQty>Unknown </UnitQty>
      <Quantity>0.00</Quantity>
      <UnitOfMeasure>Unknown </UnitOfMeasure>
      <bIsWeighted>0</bIsWeighted>
      <QtyInPackage>1</QtyInPackage>
      <ItemPrice>8.90</ItemPrice>
      <UnitOfMeasurePrice>0.0000</UnitOfMeasurePrice>
      <AllowDiscount>1</AllowDiscount>
      <ItemStatus>1</ItemStatus>
      <ItemId>266211</ItemId>
    </Item>
    <Item>
      <PriceUpdateDate>2016-01-11 12:05:34</PriceUpdateDate>
      <ItemCode>42855</ItemCode>
      <ItemType>0</ItemType>
      <ItemName>שוקו יטבתה בשקית 225</ItemName>
      <ManufacturerName>יטבתה</ManufacturerName>
      <ManufactureCountry>ישראל</ManufactureCountry>
      <ManufacturerItemDescription>שוקו יטבתה בשקית 225 מל</ManufacturerItemDescription>
      <UnitQty>מיליליטרים</UnitQty>
      <Quantity>225.00</Quantity>
      <UnitOfMeasure>100 מ"ל</UnitOfMeasure>
      <bIsWeighted>0</bIsWeighted>
      <QtyInPackage>1</QtyInPackage>
      <ItemPrice>2.70</ItemPrice>
      <UnitOfMeasurePrice>1.2000</UnitOfMeasurePrice>
      <AllowDiscount>1</AllowDiscount>
      <ItemStatus>1</ItemStatus>
      <ItemId>235034</ItemId>
    </Item>
    <Item>
      <PriceUpdateDate>2016-05-11 12:15:54</PriceUpdateDate>
      <ItemCode>7290108350647</ItemCode>
      <ItemType>1</ItemType>
      <ItemName>קרם להתרת קשרים כיף</ItemName>
      <ManufacturerName>קוסמופארם</ManufacturerName>
      <ManufactureCountry>לא ידוע</ManufactureCountry>
      <ManufacturerItemDescription>קרם להתרת קשרים כיף פיות 350 מ"ל</ManufacturerItemDescription>
      <UnitQty>מיליליטרים</UnitQty>
      <Quantity>350.00</Quantity>
      <UnitOfMeasure>100 מ"ל</UnitOfMeasure>
      <bIsWeighted>0</bIsWeighted>
      <QtyInPackage>1</QtyInPackage>
      <ItemPrice>19.90</ItemPrice>
      <UnitOfMeasurePrice>5.6857</UnitOfMeasurePrice>
      <AllowDiscount>1</AllowDiscount>
      <ItemStatus>1</ItemStatus>
      <ItemId>268115</ItemId>
    </Item>
    <Item>
      <PriceUpdateDate>2015-09-21 08:15:32</PriceUpdateDate>
      <ItemCode>60088</ItemCode>
      <ItemType>0</ItemType>
      <ItemName>בייגלה מקלות מלח 400</ItemName>
      <ManufacturerName>אסם</ManufacturerName>
      <ManufactureCountry>לא ידוע</ManufactureCountry>
      <ManufacturerItemDescription>בייגלה מקלות מלח 400 גרם</ManufacturerItemDescription>
      <UnitQty>גרמים</UnitQty>
      <Quantity>400.00</Quantity>
      <UnitOfMeasure>100 גרם</UnitOfMeasure>
      <bIsWeighted>0</bIsWeighted>
      <QtyInPackage>1</QtyInPackage>
      <ItemPrice>8.90</ItemPrice>
      <UnitOfMeasurePrice>2.2250</UnitOfMeasurePrice>
      <AllowDiscount>1</AllowDiscount>
      <ItemStatus>1</ItemStatus>
      <ItemId>235099</ItemId>
    </Item>
    <Item>
      <PriceUpdateDate>2016-04-19 10:36:19</PriceUpdateDate>
      <ItemCode>8711600656437</ItemCode>
      <ItemType>1</ItemType>
      <ItemName>גל רחצה אקס 2 ב-1 ספ</ItemName>
      <ManufacturerName>יוניליוור</ManufacturerName>
      <ManufactureCountry>לא ידוע</ManufactureCountry>
      <ManufacturerItemDescription>גל רחצה אקס 2 ב-1 ספורטבלאסט 400 מ"ל</ManufacturerItemDescription>
      <UnitQty>מיליליטרים</UnitQty>
      <Quantity>400.00</Quantity>
      <UnitOfMeasure>100 מ"ל</UnitOfMeasure>
      <bIsWeighted>0</bIsWeighted>
      <QtyInPackage>1</QtyInPackage>
      <ItemPrice>9.90</ItemPrice>
      <UnitOfMeasurePrice>2.4750</UnitOfMeasurePrice>
      <AllowDiscount>1</AllowDiscount>
      <ItemStatus>1</ItemStatus>
      <ItemId>268003</ItemId>
    </Item>
    <Item>
      <PriceUpdateDate>2015-01-01 00:00:00</PriceUpdateDate>
      <ItemCode>2661177</ItemCode>
      <ItemType>0</ItemType>
      <ItemName>לחם כנעני חן 750 גרם</ItemName>
      <ManufacturerName>מאפית י את א ברמן בע</ManufacturerName>
      <ManufactureCountry>לא ידוע</ManufactureCountry>
      <ManufacturerItemDescription>לחם כנעני חן 750 גרם</ManufacturerItemDescription>
      <UnitQty>גרמים</UnitQty>
      <Quantity>750.00</Quantity>
      <UnitOfMeasure>100 גרם</UnitOfMeasure>
      <bIsWeighted>0</bIsWeighted>
      <QtyInPackage>1</QtyInPackage>
      <ItemPrice>9.90</ItemPrice>
      <UnitOfMeasurePrice>1.3200</UnitOfMeasurePrice>
      <AllowDiscount>1</AllowDiscount>
      <ItemStatus>1</ItemStatus>
      <ItemId>235153</ItemId>
    </Item>
    <Item>
      <PriceUpdateDate>2015-01-01 00:00:00</PriceUpdateDate>
      <ItemCode>2661139</ItemCode>
      <ItemType>0</ItemType>
      <ItemName>חלה מתוקה 500 גרם</ItemName>
      <ManufacturerName>מאפית י את א ברמן בע</ManufacturerName>
      <ManufactureCountry>לא ידוע</ManufactureCountry>
      <ManufacturerItemDescription>חלה מתוקה 500 גרם</ManufacturerItemDescription>
      <UnitQty>גרמים</UnitQty>
      <Quantity>500.00</Quantity>
      <UnitOfMeasure>100 גרם</UnitOfMeasure>
      <bIsWeighted>0</bIsWeighted>
      <QtyInPackage>1</QtyInPackage>
      <ItemPrice>8.50</ItemPrice>
      <UnitOfMeasurePrice>1.7000</UnitOfMeasurePrice>
      <AllowDiscount>1</AllowDiscount>
      <ItemStatus>1</ItemStatus>
      <ItemId>235154</ItemId>
    </Item>
    <Item>
      <PriceUpdateDate>2015-01-01 00:00:00</PriceUpdateDate>
      <ItemCode>52311</ItemCode>
      <ItemType>0</ItemType>
      <ItemName>גבינה צהובה עמק פרוס</ItemName>
      <ManufacturerName>תנובה מרכז שיתופי לש</ManufacturerName>
      <ManufactureCountry>לא ידוע</ManufactureCountry>
      <ManufacturerItemDescription>גבינה צהובה עמק פרוס 15% 200 גרם</ManufacturerItemDescription>
      <UnitQty>גרמים</UnitQty>
      <Quantity>200.00</Quantity>
      <UnitOfMeasure>100 גרם</UnitOfMeasure>
      <bIsWeighted>0</bIsWeighted>
      <QtyInPackage>1</QtyInPackage>
      <ItemPrice>15.80</ItemPrice>
      <UnitOfMeasurePrice>7.9000</UnitOfMeasurePrice>
      <AllowDiscount>1</AllowDiscount>
      <ItemStatus>1</ItemStatus>
      <ItemId>235158</ItemId>
    </Item>
    <Item>
      <PriceUpdateDate>2015-01-01 00:00:00</PriceUpdateDate>
      <ItemCode>2386834</ItemCode>
      <ItemType>0</ItemType>
      <ItemName>נקניקיות עוף 400 גרם</ItemName>
      <ManufacturerName>,</ManufacturerName>
      <ManufactureCountry>לא ידוע</ManufactureCountry>
      <ManufacturerItemDescription>נקניקיות עוף 400 גרם קהילות</ManufacturerItemDescription>
      <UnitQty>גרמים</UnitQty>
      <Quantity>400.00</Quantity>
      <UnitOfMeasure>100 גרם</UnitOfMeasure>
      <bIsWeighted>0</bIsWeighted>
      <QtyInPackage>1</QtyInPackage>
      <ItemPrice>11.90</ItemPrice>
      <UnitOfMeasurePrice>2.9750</UnitOfMeasurePrice>
      <AllowDiscount>1</AllowDiscount>
      <ItemStatus>1</ItemStatus>
      <ItemId>235191</ItemId>
    </Item>
    <Item>
      <PriceUpdateDate>2016-02-11 13:46:50</PriceUpdateDate>
      <ItemCode>1201602</ItemCode>
      <ItemType>0</ItemType>
      <ItemName>ביצים 18 יח גדול</ItemName>
      <ManufacturerName>,</ManufacturerName>
      <ManufactureCountry>לא ידוע</ManufactureCountry>
      <ManufacturerItemDescription>ביצים 18 יח גדול</ManufacturerItemDescription>
      <UnitQty>Unknown </UnitQty>
      <Quantity>0.00</Quantity>
      <UnitOfMeasure>Unknown </UnitOfMeasure>
      <bIsWeighted>0</bIsWeighted>
      <QtyInPackage>1</QtyInPackage>
      <ItemPrice>16.90</ItemPrice>
      <UnitOfMeasurePrice>0.0000</UnitOfMeasurePrice>
      <AllowDiscount>1</AllowDiscount>
      <ItemStatus>1</ItemStatus>
      <ItemId>235196</ItemId>
    </Item>
    <Item>
      <PriceUpdateDate>2016-02-11 13:46:50</PriceUpdateDate>
      <ItemCode>1201671</ItemCode>
      <ItemType>0</ItemType>
      <ItemName>ביצים 60 יח בינוני</ItemName>
      <ManufacturerName>,</ManufacturerName>
      <ManufactureCountry>לא ידוע</ManufactureCountry>
      <ManufacturerItemDescription>ביצים 60 יח בינוני</ManufacturerItemDescription>
      <UnitQty>Unknown </UnitQty>
      <Quantity>0.00</Quantity>
      <UnitOfMeasure>Unknown </UnitOfMeasure>
      <bIsWeighted>0</bIsWeighted>
      <QtyInPackage>1</QtyInPackage>
      <ItemPrice>51.90</ItemPrice>
      <UnitOfMeasurePrice>0.0000</UnitOfMeasurePrice>
      <AllowDiscount>1</AllowDiscount>
      <ItemStatus>1</ItemStatus>
      <ItemId>235197</ItemId>
    </Item>
    <Item>
      <PriceUpdateDate>2016-02-11 13:46:51</PriceUpdateDate>
      <ItemCode>1201657</ItemCode>
      <ItemType>0</ItemType>
      <ItemName>ביצים אומגה 30 יח</ItemName>
      <ManufacturerName>,</ManufacturerName>
      <ManufactureCountry>לא ידוע</ManufactureCountry>
      <ManufacturerItemDescription>ביצים אומגה 30 יח</ManufacturerItemDescription>
      <UnitQty>Unknown </UnitQty>
      <Quantity>0.00</Quantity>
      <UnitOfMeasure>Unknown </UnitOfMeasure>
      <bIsWeighted>0</bIsWeighted>
      <QtyInPackage>1</QtyInPackage>
      <ItemPrice>36.90</ItemPrice>
      <UnitOfMeasurePrice>0.0000</UnitOfMeasurePrice>
      <AllowDiscount>1</AllowDiscount>
      <ItemStatus>1</ItemStatus>
      <ItemId>235199</ItemId>
    </Item>
    <Item>
      <PriceUpdateDate>2015-01-01 00:00:00</PriceUpdateDate>
      <ItemCode>835811005506</ItemCode>
      <ItemType>0</ItemType>
      <ItemName>ספוג פלא 6 יח</ItemName>
      <ManufacturerName>,</ManufacturerName>
      <ManufactureCountry>לא ידוע</ManufactureCountry>
      <ManufacturerItemDescription>ספוג פלא 6 יח</ManufacturerItemDescription>
      <UnitQty>Unknown </UnitQty>
      <Quantity>0.00</Quantity>
      <UnitOfMeasure>Unknown </UnitOfMeasure>
      <bIsWeighted>0</bIsWeighted>
      <QtyInPackage>1</QtyInPackage>
      <ItemPrice>5.90</ItemPrice>
      <UnitOfMeasurePrice>0.0000</UnitOfMeasurePrice>
      <AllowDiscount>1</AllowDiscount>
      <ItemStatus>1</ItemStatus>
      <ItemId>235206</ItemId>
    </Item>
    <Item>
      <PriceUpdateDate>2015-01-01 00:00:00</PriceUpdateDate>
      <ItemCode>7290013358035</ItemCode>
      <ItemType>0</ItemType>
      <ItemName>שקדי מרק מנה 800 גרם</ItemName>
      <ManufacturerName>,</ManufacturerName>
      <ManufactureCountry>לא ידוע</ManufactureCountry>
      <ManufacturerItemDescription>שקדי מרק מנה 800 גרם</ManufacturerItemDescription>
      <UnitQty>גרמים</UnitQty>
      <Quantity>800.00</Quantity>
      <UnitOfMeasure>100 גרם</UnitOfMeasure>
      <bIsWeighted>0</bIsWeighted>
      <QtyInPackage>1</QtyInPackage>
      <ItemPrice>11.90</ItemPrice>
      <UnitOfMeasurePrice>1.4875</UnitOfMeasurePrice>
      <AllowDiscount>1</AllowDiscount>
      <ItemStatus>1</ItemStatus>
      <ItemId>235210</ItemId>
    </Item>
    <Item>
      <PriceUpdateDate>2015-01-01 00:00:00</PriceUpdateDate>
      <ItemCode>2255567</ItemCode>
      <ItemType>0</ItemType>
      <ItemName>נקניקיות מצופות 800</ItemName>
      <ManufacturerName>חטיפי אלקיים בעמ</ManufacturerName>
      <ManufactureCountry>לא ידוע</ManufactureCountry>
      <ManufacturerItemDescription>נקניקיות מצופות 800 גרם בד"צ</ManufacturerItemDescription>
      <UnitQty>גרמים</UnitQty>
      <Quantity>800.00</Quantity>
      <UnitOfMeasure>100 גרם</UnitOfMeasure>
      <bIsWeighted>0</bIsWeighted>
      <QtyInPackage>1</QtyInPackage>
      <ItemPrice>19.90</ItemPrice>
      <UnitOfMeasurePrice>2.4875</UnitOfMeasurePrice>
      <AllowDiscount>1</AllowDiscount>
      <ItemStatus>1</ItemStatus>
      <ItemId>235216</ItemId>
    </Item>
    <Item>
      <PriceUpdateDate>2015-01-01 00:00:00</PriceUpdateDate>
      <ItemCode>3069705</ItemCode>
      <ItemType>0</ItemType>
      <ItemName>פיצה אישית גבינה דקה</ItemName>
      <ManufacturerName>פיצרייה</ManufacturerName>
      <ManufactureCountry>לא ידוע</ManufactureCountry>
      <ManufacturerItemDescription>פיצה אישית גבינה דקה בד"צ</ManufacturerItemDescription>
      <UnitQty>Unknown </UnitQty>
      <Quantity>0.00</Quantity>
      <UnitOfMeasure>Unknown </UnitOfMeasure>
      <bIsWeighted>0</bIsWeighted>
      <QtyInPackage>1</QtyInPackage>
      <ItemPrice>2.30</ItemPrice>
      <UnitOfMeasurePrice>0.0000</UnitOfMeasurePrice>
      <AllowDiscount>1</AllowDiscount>
      <ItemStatus>1</ItemStatus>
      <ItemId>235246</ItemId>
    </Item>
    <Item>
      <PriceUpdateDate>2015-01-01 00:00:00</PriceUpdateDate>
      <ItemCode>3069712</ItemCode>
      <ItemType>0</ItemType>
      <ItemName>פיצה אישית זיתים דקה</ItemName>
      <ManufacturerName>פיצרייה</ManufacturerName>
      <ManufactureCountry>לא ידוע</ManufactureCountry>
      <ManufacturerItemDescription>פיצה אישית זיתים דקה בד"צ</ManufacturerItemDescription>
      <UnitQty>Unknown </UnitQty>
      <Quantity>0.00</Quantity>
      <UnitOfMeasure>Unknown </UnitOfMeasure>
      <bIsWeighted>0</bIsWeighted>
      <QtyInPackage>1</QtyInPackage>
      <ItemPrice>2.30</ItemPrice>
      <UnitOfMeasurePrice>0.0000</UnitOfMeasurePrice>
      <AllowDiscount>1</AllowDiscount>
      <ItemStatus>1</ItemStatus>
      <ItemId>235247</ItemId>
    </Item>
    <Item>
      <PriceUpdateDate>2015-11-08 11:09:01</PriceUpdateDate>
      <ItemCode>7290104501661</ItemCode>
      <ItemType>0</ItemType>
      <ItemName>פודינג אינסטנט קרם צ</ItemName>
      <ManufacturerName>אסם</ManufacturerName>
      <ManufactureCountry>לא ידוע</ManufactureCountry>
      <ManufacturerItemDescription>פודינג אינסטנט קרם צרפתי 80 גרם</ManufacturerItemDescription>
      <UnitQty>גרמים</UnitQty>
      <Quantity>80.00</Quantity>
      <UnitOfMeasure>100 גרם</UnitOfMeasure>
      <bIsWeighted>0</bIsWeighted>
      <QtyInPackage>1</QtyInPackage>
      <ItemPrice>4.90</ItemPrice>
      <UnitOfMeasurePrice>6.1250</UnitOfMeasurePrice>
      <AllowDiscount>1</AllowDiscount>
      <ItemStatus>1</ItemStatus>
      <ItemId>235315</ItemId>
    </Item>
    <Item>
      <PriceUpdateDate>2015-01-01 00:00:00</PriceUpdateDate>
      <ItemCode>7290105180124</ItemCode>
      <ItemType>0</ItemType>
      <ItemName>מוצץ אורטודנטי גומי</ItemName>
      <ManufacturerName>,</ManufacturerName>
      <ManufactureCountry>לא ידוע</ManufactureCountry>
      <ManufacturerItemDescription>מוצץ אורטודנטי גומי זוג L</ManufacturerItemDescription>
      <UnitQty>Unknown </UnitQty>
      <Quantity>0.00</Quantity>
      <UnitOfMeasure>Unknown </UnitOfMeasure>
      <bIsWeighted>0</bIsWeighted>
      <QtyInPackage>1</QtyInPackage>
      <ItemPrice>11.90</ItemPrice>
      <UnitOfMeasurePrice>0.0000</UnitOfMeasurePrice>
      <AllowDiscount>1</AllowDiscount>
      <ItemStatus>1</ItemStatus>
      <ItemId>235317</ItemId>
    </Item>
    <Item>
      <PriceUpdateDate>2015-01-01 00:00:00</PriceUpdateDate>
      <ItemCode>1946121</ItemCode>
      <ItemType>0</ItemType>
      <ItemName>פפריקה 400 גרם</ItemName>
      <ManufacturerName>,</ManufacturerName>
      <ManufactureCountry>לא ידוע</ManufactureCountry>
      <ManufacturerItemDescription>פפריקה 400 גרם</ManufacturerItemDescription>
      <UnitQty>גרמים</UnitQty>
      <Quantity>400.00</Quantity>
      <UnitOfMeasure>100 גרם</UnitOfMeasure>
      <bIsWeighted>0</bIsWeighted>
      <QtyInPackage>1</QtyInPackage>
      <ItemPrice>17.90</ItemPrice>
      <UnitOfMeasurePrice>4.4750</UnitOfMeasurePrice>
      <AllowDiscount>1</AllowDiscount>
      <ItemStatus>1</ItemStatus>
      <ItemId>235542</ItemId>
    </Item>
    <Item>
      <PriceUpdateDate>2015-01-01 00:00:00</PriceUpdateDate>
      <ItemCode>7290013302748</ItemCode>
      <ItemType>0</ItemType>
      <ItemName>סוכריות זיסי טופי ממ</ItemName>
      <ManufacturerName>,</ManufacturerName>
      <ManufactureCountry>לא ידוע</ManufactureCountry>
      <ManufacturerItemDescription>סוכריות זיסי טופי ממולא יוגורט 600 גרם</ManufacturerItemDescription>
      <UnitQty>גרמים</UnitQty>
      <Quantity>600.00</Quantity>
      <UnitOfMeasure>100 גרם</UnitOfMeasure>
      <bIsWeighted>0</bIsWeighted>
      <QtyInPackage>1</QtyInPackage>
      <ItemPrice>18.90</ItemPrice>
      <UnitOfMeasurePrice>3.1500</UnitOfMeasurePrice>
      <AllowDiscount>1</AllowDiscount>
      <ItemStatus>1</ItemStatus>
      <ItemId>235607</ItemId>
    </Item>
    <Item>
      <PriceUpdateDate>2016-06-30 14:53:00</PriceUpdateDate>
      <ItemCode>9006186</ItemCode>
      <ItemType>0</ItemType>
      <ItemName>דובדבן בשקילה</ItemName>
      <ManufacturerName>,</ManufacturerName>
      <ManufactureCountry>לא ידוע</ManufactureCountry>
      <ManufacturerItemDescription>דובדבן בשקילה</ManufacturerItemDescription>
      <UnitQty>קילוגרמים</UnitQty>
      <Quantity>1.00</Quantity>
      <UnitOfMeasure>ק"ג</UnitOfMeasure>
      <bIsWeighted>1</bIsWeighted>
      <QtyInPackage>לא ידוע</QtyInPackage>
      <ItemPrice>29.90</ItemPrice>
      <UnitOfMeasurePrice>29.9000</UnitOfMeasurePrice>
      <AllowDiscount>1</AllowDiscount>
      <ItemStatus>1</ItemStatus>
      <ItemId>263981</ItemId>
    </Item>
    <Item>
      <PriceUpdateDate>2015-01-01 00:00:00</PriceUpdateDate>
      <ItemCode>694108</ItemCode>
      <ItemType>0</ItemType>
      <ItemName>מקלוני חומוס דאבייל</ItemName>
      <ManufacturerName>,</ManufacturerName>
      <ManufactureCountry>לא ידוע</ManufactureCountry>
      <ManufacturerItemDescription>מקלוני חומוס דאבייל 230 גרם</ManufacturerItemDescription>
      <UnitQty>גרמים</UnitQty>
      <Quantity>230.00</Quantity>
      <UnitOfMeasure>100 גרם</UnitOfMeasure>
      <bIsWeighted>0</bIsWeighted>
      <QtyInPackage>1</QtyInPackage>
      <ItemPrice>9.90</ItemPrice>
      <UnitOfMeasurePrice>4.3043</UnitOfMeasurePrice>
      <AllowDiscount>1</AllowDiscount>
      <ItemStatus>1</ItemStatus>
      <ItemId>235620</ItemId>
    </Item>
    <Item>
      <PriceUpdateDate>2015-01-01 00:00:00</PriceUpdateDate>
      <ItemCode>2131908</ItemCode>
      <ItemType>0</ItemType>
      <ItemName>צלעות אונטריפ ברשת ע</ItemName>
      <ManufacturerName>,</ManufacturerName>
      <ManufactureCountry>לא ידוע</ManufactureCountry>
      <ManufacturerItemDescription>צלעות אונטריפ ברשת עטרה</ManufacturerItemDescription>
      <UnitQty>קילוגרמים</UnitQty>
      <Quantity>1.00</Quantity>
      <UnitOfMeasure>ק"ג</UnitOfMeasure>
      <bIsWeighted>1</bIsWeighted>
      <QtyInPackage>לא ידוע</QtyInPackage>
      <ItemPrice>49.90</ItemPrice>
      <UnitOfMeasurePrice>49.9000</UnitOfMeasurePrice>
      <AllowDiscount>1</AllowDiscount>
      <ItemStatus>1</ItemStatus>
      <ItemId>235628</ItemId>
    </Item>
    <Item>
      <PriceUpdateDate>2015-01-01 00:00:00</PriceUpdateDate>
      <ItemCode>6272744</ItemCode>
      <ItemType>0</ItemType>
      <ItemName>מלוואח 700 גרם</ItemName>
      <ManufacturerName>,</ManufacturerName>
      <ManufactureCountry>לא ידוע</ManufactureCountry>
      <ManufacturerItemDescription>מלוואח 700 גרם</ManufacturerItemDescription>
      <UnitQty>גרמים</UnitQty>
      <Quantity>700.00</Quantity>
      <UnitOfMeasure>100 גרם</UnitOfMeasure>
      <bIsWeighted>0</bIsWeighted>
      <QtyInPackage>1</QtyInPackage>
      <ItemPrice>9.90</ItemPrice>
      <UnitOfMeasurePrice>1.4143</UnitOfMeasurePrice>
      <AllowDiscount>1</AllowDiscount>
      <ItemStatus>1</ItemStatus>
      <ItemId>235648</ItemId>
    </Item>
    <Item>
      <PriceUpdateDate>2015-01-01 00:00:00</PriceUpdateDate>
      <ItemCode>4685331</ItemCode>
      <ItemType>0</ItemType>
      <ItemName>גבטה מקמח מלא 150 גר</ItemName>
      <ManufacturerName>מאפית י את א ברמן בע</ManufacturerName>
      <ManufactureCountry>לא ידוע</ManufactureCountry>
      <ManufacturerItemDescription>גבטה מקמח מלא 150 גרם</ManufacturerItemDescription>
      <UnitQty>גרמים</UnitQty>
      <Quantity>150.00</Quantity>
      <UnitOfMeasure>100 גרם</UnitOfMeasure>
      <bIsWeighted>0</bIsWeighted>
      <QtyInPackage>1</QtyInPackage>
      <ItemPrice>3.90</ItemPrice>
      <UnitOfMeasurePrice>2.6000</UnitOfMeasurePrice>
      <AllowDiscount>1</AllowDiscount>
      <ItemStatus>1</ItemStatus>
      <ItemId>235698</ItemId>
    </Item>
    <Item>
      <PriceUpdateDate>2015-01-01 00:00:00</PriceUpdateDate>
      <ItemCode>4685065</ItemCode>
      <ItemType>0</ItemType>
      <ItemName>גבטה 150 גרם</ItemName>
      <ManufacturerName>מאפית י את א ברמן בע</ManufacturerName>
      <ManufactureCountry>לא ידוע</ManufactureCountry>
      <ManufacturerItemDescription>גבטה 150 גרם</ManufacturerItemDescription>
      <UnitQty>גרמים</UnitQty>
      <Quantity>150.00</Quantity>
      <UnitOfMeasure>100 גרם</UnitOfMeasure>
      <bIsWeighted>0</bIsWeighted>
      <QtyInPackage>1</QtyInPackage>
      <ItemPrice>3.90</ItemPrice>
      <UnitOfMeasurePrice>2.6000</UnitOfMeasurePrice>
      <AllowDiscount>1</AllowDiscount>
      <ItemStatus>1</ItemStatus>
      <ItemId>235699</ItemId>
    </Item>
    <Item>
      <PriceUpdateDate>2015-01-01 00:00:00</PriceUpdateDate>
      <ItemCode>2661214</ItemCode>
      <ItemType>0</ItemType>
      <ItemName>לחם גלילי קל 750 גרם</ItemName>
      <ManufacturerName>מאפית י את א ברמן בע</ManufacturerName>
      <ManufactureCountry>לא ידוע</ManufactureCountry>
      <ManufacturerItemDescription>לחם גלילי קל 750 גרם</ManufacturerItemDescription>
      <UnitQty>גרמים</UnitQty>
      <Quantity>750.00</Quantity>
      <UnitOfMeasure>100 גרם</UnitOfMeasure>
      <bIsWeighted>0</bIsWeighted>
      <QtyInPackage>1</QtyInPackage>
      <ItemPrice>9.90</ItemPrice>
      <UnitOfMeasurePrice>1.3200</UnitOfMeasurePrice>
      <AllowDiscount>1</AllowDiscount>
      <ItemStatus>1</ItemStatus>
      <ItemId>235703</ItemId>
    </Item>
    <Item>
      <PriceUpdateDate>2015-01-01 00:00:00</PriceUpdateDate>
      <ItemCode>87752005644</ItemCode>
      <ItemType>0</ItemType>
      <ItemName>יין ברטנורא מוסקטו 7</ItemName>
      <ManufacturerName>,</ManufacturerName>
      <ManufactureCountry>לא ידוע</ManufactureCountry>
      <ManufacturerItemDescription>יין ברטנורא מוסקטו 750 מ"ל</ManufacturerItemDescription>
      <UnitQty>מיליליטרים</UnitQty>
      <Quantity>750.00</Quantity>
      <UnitOfMeasure>100 מ"ל</UnitOfMeasure>
      <bIsWeighted>0</bIsWeighted>
      <QtyInPackage>1</QtyInPackage>
      <ItemPrice>49.90</ItemPrice>
      <UnitOfMeasurePrice>6.6533</UnitOfMeasurePrice>
      <AllowDiscount>1</AllowDiscount>
      <ItemStatus>1</ItemStatus>
      <ItemId>235712</ItemId>
    </Item>
    <Item>
      <PriceUpdateDate>2015-01-01 00:00:00</PriceUpdateDate>
      <ItemCode>87752010716</ItemCode>
      <ItemType>0</ItemType>
      <ItemName>יין ברון הרצוג גנס ק</ItemName>
      <ManufacturerName>,</ManufacturerName>
      <ManufactureCountry>לא ידוע</ManufactureCountry>
      <ManufacturerItemDescription>יין ברון הרצוג גנס קברנה סוביניון 750 מל</ManufacturerItemDescription>
      <UnitQty>מיליליטרים</UnitQty>
      <Quantity>750.00</Quantity>
      <UnitOfMeasure>100 מ"ל</UnitOfMeasure>
      <bIsWeighted>0</bIsWeighted>
      <QtyInPackage>1</QtyInPackage>
      <ItemPrice>48.90</ItemPrice>
      <UnitOfMeasurePrice>6.5200</UnitOfMeasurePrice>
      <AllowDiscount>1</AllowDiscount>
      <ItemStatus>1</ItemStatus>
      <ItemId>235713</ItemId>
    </Item>
    <Item>
      <PriceUpdateDate>2016-05-18 16:56:27</PriceUpdateDate>
      <ItemCode>916</ItemCode>
      <ItemType>0</ItemType>
      <ItemName>חסה משי ירוק מהדרין</ItemName>
      <ManufacturerName>,</ManufacturerName>
      <ManufactureCountry>לא ידוע</ManufactureCountry>
      <ManufacturerItemDescription>חסה משי ירוק מהדרין יח</ManufacturerItemDescription>
      <UnitQty>Unknown </UnitQty>
      <Quantity>0.00</Quantity>
      <UnitOfMeasure>Unknown </UnitOfMeasure>
      <bIsWeighted>0</bIsWeighted>
      <QtyInPackage>1</QtyInPackage>
      <ItemPrice>5.00</ItemPrice>
      <UnitOfMeasurePrice>0.0000</UnitOfMeasurePrice>
      <AllowDiscount>1</AllowDiscount>
      <ItemStatus>1</ItemStatus>
      <ItemId>248427</ItemId>
    </Item>
    <Item>
      <PriceUpdateDate>2015-01-01 00:00:00</PriceUpdateDate>
      <ItemCode>5296260</ItemCode>
      <ItemType>0</ItemType>
      <ItemName>אסטוניש רסס נגב ירוק</ItemName>
      <ManufacturerName>,</ManufacturerName>
      <ManufactureCountry>לא ידוע</ManufactureCountry>
      <ManufacturerItemDescription>אסטוניש רסס נגב ירוק 750 מ"ל</ManufacturerItemDescription>
      <UnitQty>מיליליטרים</UnitQty>
      <Quantity>750.00</Quantity>
      <UnitOfMeasure>100 מ"ל</UnitOfMeasure>
      <bIsWeighted>0</bIsWeighted>
      <QtyInPackage>1</QtyInPackage>
      <ItemPrice>11.90</ItemPrice>
      <UnitOfMeasurePrice>1.5867</UnitOfMeasurePrice>
      <AllowDiscount>1</AllowDiscount>
      <ItemStatus>1</ItemStatus>
      <ItemId>235748</ItemId>
    </Item>
    <Item>
      <PriceUpdateDate>2015-01-01 00:00:00</PriceUpdateDate>
      <ItemCode>4895060582292</ItemCode>
      <ItemType>0</ItemType>
      <ItemName>נאגטס משפחתי</ItemName>
      <ManufacturerName>קנדי נובלטי</ManufacturerName>
      <ManufactureCountry>לא ידוע</ManufactureCountry>
      <ManufacturerItemDescription>נאגטס משפחתי</ManufacturerItemDescription>
      <UnitQty>גרמים</UnitQty>
      <Quantity>136.00</Quantity>
      <UnitOfMeasure>100 גרם</UnitOfMeasure>
      <bIsWeighted>0</bIsWeighted>
      <QtyInPackage>1</QtyInPackage>
      <ItemPrice>14.90</ItemPrice>
      <UnitOfMeasurePrice>10.9559</UnitOfMeasurePrice>
      <AllowDiscount>1</AllowDiscount>
      <ItemStatus>1</ItemStatus>
      <ItemId>235813</ItemId>
    </Item>
    <Item>
      <PriceUpdateDate>2016-08-01 16:50:34</PriceUpdateDate>
      <ItemCode>7290102397600</ItemCode>
      <ItemType>0</ItemType>
      <ItemName>יוגורט מולר מיקס יוג</ItemName>
      <ManufacturerName>מולר</ManufacturerName>
      <ManufactureCountry>לא ידוע</ManufactureCountry>
      <ManufacturerItemDescription>יוגורט מולר מיקס יוגורט שקדים בוטנים בקר</ManufacturerItemDescription>
      <UnitQty>מיליליטרים</UnitQty>
      <Quantity>150.00</Quantity>
      <UnitOfMeasure>100 מ"ל</UnitOfMeasure>
      <bIsWeighted>0</bIsWeighted>
      <QtyInPackage>1</QtyInPackage>
      <ItemPrice>5.60</ItemPrice>
      <UnitOfMeasurePrice>3.7333</UnitOfMeasurePrice>
      <AllowDiscount>1</AllowDiscount>
      <ItemStatus>1</ItemStatus>
      <ItemId>269058</ItemId>
    </Item>
    <Item>
      <PriceUpdateDate>2015-01-01 00:00:00</PriceUpdateDate>
      <ItemCode>7290104502903</ItemCode>
      <ItemType>0</ItemType>
      <ItemName>ביסקוויט ללא גלוטן</ItemName>
      <ManufacturerName>אסם</ManufacturerName>
      <ManufactureCountry>לא ידוע</ManufactureCountry>
      <ManufacturerItemDescription>ביסקוויט ללא גלוטן 200 גרם בד"צ</ManufacturerItemDescription>
      <UnitQty>גרמים</UnitQty>
      <Quantity>200.00</Quantity>
      <UnitOfMeasure>100 גרם</UnitOfMeasure>
      <bIsWeighted>0</bIsWeighted>
      <QtyInPackage>1</QtyInPackage>
      <ItemPrice>9.90</ItemPrice>
      <UnitOfMeasurePrice>4.9500</UnitOfMeasurePrice>
      <AllowDiscount>1</AllowDiscount>
      <ItemStatus>1</ItemStatus>
      <ItemId>235844</ItemId>
    </Item>
    <Item>
      <PriceUpdateDate>2015-01-01 00:00:00</PriceUpdateDate>
      <ItemCode>5431371</ItemCode>
      <ItemType>0</ItemType>
      <ItemName>מאגדת זוג מלבי 330 ג</ItemName>
      <ManufacturerName>עדן קינוחים בעמ</ManufacturerName>
      <ManufactureCountry>לא ידוע</ManufactureCountry>
      <ManufacturerItemDescription>מאגדת זוג מלבי 330 גרם</ManufacturerItemDescription>
      <UnitQty>גרמים</UnitQty>
      <Quantity>330.00</Quantity>
      <UnitOfMeasure>100 גרם</UnitOfMeasure>
      <bIsWeighted>0</bIsWeighted>
      <QtyInPackage>1</QtyInPackage>
      <ItemPrice>11.90</ItemPrice>
      <UnitOfMeasurePrice>3.6061</UnitOfMeasurePrice>
      <AllowDiscount>1</AllowDiscount>
      <ItemStatus>1</ItemStatus>
      <ItemId>235847</ItemId>
    </Item>
    <Item>
      <PriceUpdateDate>2015-01-01 00:00:00</PriceUpdateDate>
      <ItemCode>5431364</ItemCode>
      <ItemType>0</ItemType>
      <ItemName>מאגדת זוג עוגת גבינה</ItemName>
      <ManufacturerName>עדן קינוחים בעמ</ManufacturerName>
      <ManufactureCountry>לא ידוע</ManufactureCountry>
      <ManufacturerItemDescription>מאגדת זוג עוגת גבינה 184 גרם</ManufacturerItemDescription>
      <UnitQty>גרמים</UnitQty>
      <Quantity>184.00</Quantity>
      <UnitOfMeasure>100 גרם</UnitOfMeasure>
      <bIsWeighted>0</bIsWeighted>
      <QtyInPackage>1</QtyInPackage>
      <ItemPrice>11.90</ItemPrice>
      <UnitOfMeasurePrice>6.4674</UnitOfMeasurePrice>
      <AllowDiscount>1</AllowDiscount>
      <ItemStatus>1</ItemStatus>
      <ItemId>235848</ItemId>
    </Item>
    <Item>
      <PriceUpdateDate>2015-01-01 00:00:00</PriceUpdateDate>
      <ItemCode>8837774</ItemCode>
      <ItemType>0</ItemType>
      <ItemName>יין כריזמה שיראז 750</ItemName>
      <ManufacturerName>,</ManufacturerName>
      <ManufactureCountry>לא ידוע</ManufactureCountry>
      <ManufacturerItemDescription>יין כריזמה שיראז 750 מ"ל</ManufacturerItemDescription>
      <UnitQty>מיליליטרים</UnitQty>
      <Quantity>750.00</Quantity>
      <UnitOfMeasure>100 מ"ל</UnitOfMeasure>
      <bIsWeighted>0</bIsWeighted>
      <QtyInPackage>1</QtyInPackage>
      <ItemPrice>18.90</ItemPrice>
      <UnitOfMeasurePrice>2.5200</UnitOfMeasurePrice>
      <AllowDiscount>1</AllowDiscount>
      <ItemStatus>1</ItemStatus>
      <ItemId>235878</ItemId>
    </Item>
    <Item>
      <PriceUpdateDate>2015-01-01 00:00:00</PriceUpdateDate>
      <ItemCode>7290104721755</ItemCode>
      <ItemType>0</ItemType>
      <ItemName>מארז 1/3 קפה טורקי 1</ItemName>
      <ManufacturerName>,</ManufacturerName>
      <ManufactureCountry>לא ידוע</ManufactureCountry>
      <ManufacturerItemDescription>מארז 1/3 קפה טורקי 145 גרם</ManufacturerItemDescription>
      <UnitQty>גרמים</UnitQty>
      <Quantity>435.00</Quantity>
      <UnitOfMeasure>100 גרם</UnitOfMeasure>
      <bIsWeighted>0</bIsWeighted>
      <QtyInPackage>1</QtyInPackage>
      <ItemPrice>24.90</ItemPrice>
      <UnitOfMeasurePrice>5.7241</UnitOfMeasurePrice>
      <AllowDiscount>1</AllowDiscount>
      <ItemStatus>1</ItemStatus>
      <ItemId>235914</ItemId>
    </Item>
    <Item>
      <PriceUpdateDate>2016-05-02 11:51:10</PriceUpdateDate>
      <ItemCode>7290016006292</ItemCode>
      <ItemType>0</ItemType>
      <ItemName>נקטר ספרינג מנגו בננ</ItemName>
      <ManufacturerName>יפאורה תבורי</ManufacturerName>
      <ManufactureCountry>לא ידוע</ManufactureCountry>
      <ManufacturerItemDescription>נקטר ספרינג מנגו בננה מלון 1 ליטר</ManufacturerItemDescription>
      <UnitQty>ליטרים</UnitQty>
      <Quantity>1.00</Quantity>
      <UnitOfMeasure>ליטר    </UnitOfMeasure>
      <bIsWeighted>0</bIsWeighted>
      <QtyInPackage>1</QtyInPackage>
      <ItemPrice>4.80</ItemPrice>
      <UnitOfMeasurePrice>4.8000</UnitOfMeasurePrice>
      <AllowDiscount>1</AllowDiscount>
      <ItemStatus>1</ItemStatus>
      <ItemId>268041</ItemId>
    </Item>
    <Item>
      <PriceUpdateDate>2015-01-01 00:00:00</PriceUpdateDate>
      <ItemCode>7290100700396</ItemCode>
      <ItemType>0</ItemType>
      <ItemName>אורז יסמין 1 ק"ג</ItemName>
      <ManufacturerName>,</ManufacturerName>
      <ManufactureCountry>לא ידוע</ManufactureCountry>
      <ManufacturerItemDescription>אורז יסמין 1 ק"ג</ManufacturerItemDescription>
      <UnitQty>קילוגרמים</UnitQty>
      <Quantity>1.00</Quantity>
      <UnitOfMeasure>ק"ג     </UnitOfMeasure>
      <bIsWeighted>0</bIsWeighted>
      <QtyInPackage>1</QtyInPackage>
      <ItemPrice>9.90</ItemPrice>
      <UnitOfMeasurePrice>9.9000</UnitOfMeasurePrice>
      <AllowDiscount>1</AllowDiscount>
      <ItemStatus>1</ItemStatus>
      <ItemId>235916</ItemId>
    </Item>
    <Item>
      <PriceUpdateDate>2015-01-01 00:00:00</PriceUpdateDate>
      <ItemCode>97643083040</ItemCode>
      <ItemType>0</ItemType>
      <ItemName>שוקולד רוזמרי חלב 10</ItemName>
      <ManufacturerName>,</ManufacturerName>
      <ManufactureCountry>לא ידוע</ManufactureCountry>
      <ManufacturerItemDescription>שוקולד רוזמרי חלב 100 גרם</ManufacturerItemDescription>
      <UnitQty>גרמים</UnitQty>
      <Quantity>100.00</Quantity>
      <UnitOfMeasure>100 גרם</UnitOfMeasure>
      <bIsWeighted>0</bIsWeighted>
      <QtyInPackage>1</QtyInPackage>
      <ItemPrice>9.90</ItemPrice>
      <UnitOfMeasurePrice>9.9000</UnitOfMeasurePrice>
      <AllowDiscount>1</AllowDiscount>
      <ItemStatus>1</ItemStatus>
      <ItemId>235923</ItemId>
    </Item>
    <Item>
      <PriceUpdateDate>2015-01-01 00:00:00</PriceUpdateDate>
      <ItemCode>97643082449</ItemCode>
      <ItemType>0</ItemType>
      <ItemName>שוקולד רוזמרי חלב</ItemName>
      <ManufacturerName>,</ManufacturerName>
      <ManufactureCountry>לא ידוע</ManufactureCountry>
      <ManufacturerItemDescription>שוקולד רוזמרי חלב 100 גרם</ManufacturerItemDescription>
      <UnitQty>גרמים</UnitQty>
      <Quantity>100.00</Quantity>
      <UnitOfMeasure>100 גרם</UnitOfMeasure>
      <bIsWeighted>0</bIsWeighted>
      <QtyInPackage>1</QtyInPackage>
      <ItemPrice>9.90</ItemPrice>
      <UnitOfMeasurePrice>9.9000</UnitOfMeasurePrice>
      <AllowDiscount>1</AllowDiscount>
      <ItemStatus>1</ItemStatus>
      <ItemId>235925</ItemId>
    </Item>
    <Item>
      <PriceUpdateDate>2015-01-01 00:00:00</PriceUpdateDate>
      <ItemCode>97643082548</ItemCode>
      <ItemType>0</ItemType>
      <ItemName>שוקולד רוזמרי חלב</ItemName>
      <ManufacturerName>,</ManufacturerName>
      <ManufactureCountry>לא ידוע</ManufactureCountry>
      <ManufacturerItemDescription>שוקולד רוזמרי חלב 100 גרם</ManufacturerItemDescription>
      <UnitQty>גרמים</UnitQty>
      <Quantity>100.00</Quantity>
      <UnitOfMeasure>100 גרם</UnitOfMeasure>
      <bIsWeighted>0</bIsWeighted>
      <QtyInPackage>1</QtyInPackage>
      <ItemPrice>9.90</ItemPrice>
      <UnitOfMeasurePrice>9.9000</UnitOfMeasurePrice>
      <AllowDiscount>1</AllowDiscount>
      <ItemStatus>1</ItemStatus>
      <ItemId>235926</ItemId>
    </Item>
    <Item>
      <PriceUpdateDate>2015-01-01 00:00:00</PriceUpdateDate>
      <ItemCode>97643070248</ItemCode>
      <ItemType>0</ItemType>
      <ItemName>שוקולד הרמוני 100 גר</ItemName>
      <ManufacturerName>,</ManufacturerName>
      <ManufactureCountry>לא ידוע</ManufactureCountry>
      <ManufacturerItemDescription>שוקולד הרמוני 100 גרם</ManufacturerItemDescription>
      <UnitQty>גרמים</UnitQty>
      <Quantity>100.00</Quantity>
      <UnitOfMeasure>100 גרם</UnitOfMeasure>
      <bIsWeighted>0</bIsWeighted>
      <QtyInPackage>1</QtyInPackage>
      <ItemPrice>9.90</ItemPrice>
      <UnitOfMeasurePrice>9.9000</UnitOfMeasurePrice>
      <AllowDiscount>1</AllowDiscount>
      <ItemStatus>1</ItemStatus>
      <ItemId>235927</ItemId>
    </Item>
    <Item>
      <PriceUpdateDate>2015-01-01 00:00:00</PriceUpdateDate>
      <ItemCode>97643084047</ItemCode>
      <ItemType>0</ItemType>
      <ItemName>שוקולד ספליט 100 גרם</ItemName>
      <ManufacturerName>,</ManufacturerName>
      <ManufactureCountry>לא ידוע</ManufactureCountry>
      <ManufacturerItemDescription>שוקולד ספליט 100 גרם</ManufacturerItemDescription>
      <UnitQty>גרמים</UnitQty>
      <Quantity>100.00</Quantity>
      <UnitOfMeasure>100 גרם</UnitOfMeasure>
      <bIsWeighted>0</bIsWeighted>
      <QtyInPackage>1</QtyInPackage>
      <ItemPrice>9.90</ItemPrice>
      <UnitOfMeasurePrice>9.9000</UnitOfMeasurePrice>
      <AllowDiscount>1</AllowDiscount>
      <ItemStatus>1</ItemStatus>
      <ItemId>235928</ItemId>
    </Item>
    <Item>
      <PriceUpdateDate>2015-01-01 00:00:00</PriceUpdateDate>
      <ItemCode>97643051445</ItemCode>
      <ItemType>0</ItemType>
      <ItemName>שוקולד מוקה 100 גרם</ItemName>
      <ManufacturerName>,</ManufacturerName>
      <ManufactureCountry>לא ידוע</ManufactureCountry>
      <ManufacturerItemDescription>שוקולד מוקה 100 גרם</ManufacturerItemDescription>
      <UnitQty>גרמים</UnitQty>
      <Quantity>100.00</Quantity>
      <UnitOfMeasure>100 גרם</UnitOfMeasure>
      <bIsWeighted>0</bIsWeighted>
      <QtyInPackage>1</QtyInPackage>
      <ItemPrice>9.90</ItemPrice>
      <UnitOfMeasurePrice>9.9000</UnitOfMeasurePrice>
      <AllowDiscount>1</AllowDiscount>
      <ItemStatus>1</ItemStatus>
      <ItemId>235929</ItemId>
    </Item>
    <Item>
      <PriceUpdateDate>2015-01-01 00:00:00</PriceUpdateDate>
      <ItemCode>97643083842</ItemCode>
      <ItemType>0</ItemType>
      <ItemName>שוקולד קרמל 100 גרם</ItemName>
      <ManufacturerName>,</ManufacturerName>
      <ManufactureCountry>לא ידוע</ManufactureCountry>
      <ManufacturerItemDescription>שוקולד קרמל 100 גרם</ManufacturerItemDescription>
      <UnitQty>גרמים</UnitQty>
      <Quantity>100.00</Quantity>
      <UnitOfMeasure>100 גרם</UnitOfMeasure>
      <bIsWeighted>0</bIsWeighted>
      <QtyInPackage>1</QtyInPackage>
      <ItemPrice>9.90</ItemPrice>
      <UnitOfMeasurePrice>9.9000</UnitOfMeasurePrice>
      <AllowDiscount>1</AllowDiscount>
      <ItemStatus>1</ItemStatus>
      <ItemId>235930</ItemId>
    </Item>
    <Item>
      <PriceUpdateDate>2015-01-01 00:00:00</PriceUpdateDate>
      <ItemCode>97643044041</ItemCode>
      <ItemType>0</ItemType>
      <ItemName>שוקולד נובלס 100 גרם</ItemName>
      <ManufacturerName>,</ManufacturerName>
      <ManufactureCountry>לא ידוע</ManufactureCountry>
      <ManufacturerItemDescription>שוקולד נובלס 100 גרם</ManufacturerItemDescription>
      <UnitQty>גרמים</UnitQty>
      <Quantity>100.00</Quantity>
      <UnitOfMeasure>100 גרם</UnitOfMeasure>
      <bIsWeighted>0</bIsWeighted>
      <QtyInPackage>1</QtyInPackage>
      <ItemPrice>10.90</ItemPrice>
      <UnitOfMeasurePrice>10.9000</UnitOfMeasurePrice>
      <AllowDiscount>1</AllowDiscount>
      <ItemStatus>1</ItemStatus>
      <ItemId>235935</ItemId>
    </Item>
    <Item>
      <PriceUpdateDate>2015-01-01 00:00:00</PriceUpdateDate>
      <ItemCode>7290011240431</ItemCode>
      <ItemType>0</ItemType>
      <ItemName>יין דולב אדום יבש</ItemName>
      <ManufacturerName>יקבי ציון</ManufacturerName>
      <ManufactureCountry>לא ידוע</ManufactureCountry>
      <ManufacturerItemDescription>יין דולב אדום יבש 750 מ"ל</ManufacturerItemDescription>
      <UnitQty>מיליליטרים</UnitQty>
      <Quantity>750.00</Quantity>
      <UnitOfMeasure>100 מ"ל</UnitOfMeasure>
      <bIsWeighted>0</bIsWeighted>
      <QtyInPackage>1</QtyInPackage>
      <ItemPrice>18.90</ItemPrice>
      <UnitOfMeasurePrice>2.5200</UnitOfMeasurePrice>
      <AllowDiscount>1</AllowDiscount>
      <ItemStatus>1</ItemStatus>
      <ItemId>235981</ItemId>
    </Item>
    <Item>
      <PriceUpdateDate>2015-09-17 14:46:29</PriceUpdateDate>
      <ItemCode>25675010017</ItemCode>
      <ItemType>0</ItemType>
      <ItemName>עוגיות סנדוויץ  וניל</ItemName>
      <ManufacturerName>,</ManufacturerName>
      <ManufactureCountry>לא ידוע</ManufactureCountry>
      <ManufacturerItemDescription>עוגיות סנדוויץ  וניל 454 גרם</ManufacturerItemDescription>
      <UnitQty>גרמים</UnitQty>
      <Quantity>454.00</Quantity>
      <UnitOfMeasure>100 גרם</UnitOfMeasure>
      <bIsWeighted>0</bIsWeighted>
      <QtyInPackage>1</QtyInPackage>
      <ItemPrice>12.90</ItemPrice>
      <UnitOfMeasurePrice>2.8414</UnitOfMeasurePrice>
      <AllowDiscount>1</AllowDiscount>
      <ItemStatus>1</ItemStatus>
      <ItemId>236047</ItemId>
    </Item>
    <Item>
      <PriceUpdateDate>2016-03-09 10:18:08</PriceUpdateDate>
      <ItemCode>7290103153458</ItemCode>
      <ItemType>0</ItemType>
      <ItemName>קערה מרובעת קטנה ח"פ</ItemName>
      <ManufacturerName>א פלאסט</ManufacturerName>
      <ManufactureCountry>לא ידוע</ManufactureCountry>
      <ManufacturerItemDescription>קערה מרובעת קטנה ח"פ</ManufacturerItemDescription>
      <UnitQty>Unknown </UnitQty>
      <Quantity>0.00</Quantity>
      <UnitOfMeasure>Unknown </UnitOfMeasure>
      <bIsWeighted>0</bIsWeighted>
      <QtyInPackage>1</QtyInPackage>
      <ItemPrice>3.90</ItemPrice>
      <UnitOfMeasurePrice>0.0000</UnitOfMeasurePrice>
      <AllowDiscount>1</AllowDiscount>
      <ItemStatus>1</ItemStatus>
      <ItemId>236064</ItemId>
    </Item>
    <Item>
      <PriceUpdateDate>2016-03-09 10:18:08</PriceUpdateDate>
      <ItemCode>7290103153465</ItemCode>
      <ItemType>0</ItemType>
      <ItemName>קערה מרובעת בינונית</ItemName>
      <ManufacturerName>א פלאסט</ManufacturerName>
      <ManufactureCountry>לא ידוע</ManufactureCountry>
      <ManufacturerItemDescription>קערה מרובעת בינונית ח"פ</ManufacturerItemDescription>
      <UnitQty>Unknown </UnitQty>
      <Quantity>0.00</Quantity>
      <UnitOfMeasure>Unknown </UnitOfMeasure>
      <bIsWeighted>0</bIsWeighted>
      <QtyInPackage>1</QtyInPackage>
      <ItemPrice>4.90</ItemPrice>
      <UnitOfMeasurePrice>0.0000</UnitOfMeasurePrice>
      <AllowDiscount>1</AllowDiscount>
      <ItemStatus>1</ItemStatus>
      <ItemId>236065</ItemId>
    </Item>
    <Item>
      <PriceUpdateDate>2016-03-09 10:18:08</PriceUpdateDate>
      <ItemCode>7290103153472</ItemCode>
      <ItemType>0</ItemType>
      <ItemName>קערה מרובע גדול ח"פ</ItemName>
      <ManufacturerName>א פלאסט</ManufacturerName>
      <ManufactureCountry>לא ידוע</ManufactureCountry>
      <ManufacturerItemDescription>קערה מרובע גדול ח"פ</ManufacturerItemDescription>
      <UnitQty>Unknown </UnitQty>
      <Quantity>0.00</Quantity>
      <UnitOfMeasure>Unknown </UnitOfMeasure>
      <bIsWeighted>0</bIsWeighted>
      <QtyInPackage>1</QtyInPackage>
      <ItemPrice>5.90</ItemPrice>
      <UnitOfMeasurePrice>0.0000</UnitOfMeasurePrice>
      <AllowDiscount>1</AllowDiscount>
      <ItemStatus>1</ItemStatus>
      <ItemId>236066</ItemId>
    </Item>
    <Item>
      <PriceUpdateDate>2016-04-13 08:24:05</PriceUpdateDate>
      <ItemCode>6779823</ItemCode>
      <ItemType>0</ItemType>
      <ItemName>תירוש ענבים בטעם אוכ</ItemName>
      <ManufacturerName>,</ManufacturerName>
      <ManufactureCountry>לא ידוע</ManufactureCountry>
      <ManufacturerItemDescription>תירוש ענבים בטעם אוכמניות 1 ליטר</ManufacturerItemDescription>
      <UnitQty>ליטרים</UnitQty>
      <Quantity>1.00</Quantity>
      <UnitOfMeasure>ליטר    </UnitOfMeasure>
      <bIsWeighted>0</bIsWeighted>
      <QtyInPackage>1</QtyInPackage>
      <ItemPrice>12.90</ItemPrice>
      <UnitOfMeasurePrice>12.9000</UnitOfMeasurePrice>
      <AllowDiscount>1</AllowDiscount>
      <ItemStatus>1</ItemStatus>
      <ItemId>267775</ItemId>
    </Item>
    <Item>
      <PriceUpdateDate>2015-01-01 00:00:00</PriceUpdateDate>
      <ItemCode>2405320</ItemCode>
      <ItemType>0</ItemType>
      <ItemName>מצות 2 ק"ג</ItemName>
      <ManufacturerName>,</ManufacturerName>
      <ManufactureCountry>לא ידוע</ManufactureCountry>
      <ManufacturerItemDescription>מצות 2 ק"ג רבנות פ"ת</ManufacturerItemDescription>
      <UnitQty>קילוגרמים</UnitQty>
      <Quantity>2.00</Quantity>
      <UnitOfMeasure>ק"ג     </UnitOfMeasure>
      <bIsWeighted>0</bIsWeighted>
      <QtyInPackage>1</QtyInPackage>
      <ItemPrice>16.90</ItemPrice>
      <UnitOfMeasurePrice>8.4500</UnitOfMeasurePrice>
      <AllowDiscount>1</AllowDiscount>
      <ItemStatus>1</ItemStatus>
      <ItemId>236108</ItemId>
    </Item>
    <Item>
      <PriceUpdateDate>2015-01-01 00:00:00</PriceUpdateDate>
      <ItemCode>2405481</ItemCode>
      <ItemType>0</ItemType>
      <ItemName>מצות קמח מלא 300 גרם</ItemName>
      <ManufacturerName>,</ManufacturerName>
      <ManufactureCountry>לא ידוע</ManufactureCountry>
      <ManufacturerItemDescription>מצות קמח מלא 300 גרם רבנות פ"ת</ManufacturerItemDescription>
      <UnitQty>גרמים</UnitQty>
      <Quantity>300.00</Quantity>
      <UnitOfMeasure>100 גרם</UnitOfMeasure>
      <bIsWeighted>0</bIsWeighted>
      <QtyInPackage>1</QtyInPackage>
      <ItemPrice>15.90</ItemPrice>
      <UnitOfMeasurePrice>5.3000</UnitOfMeasurePrice>
      <AllowDiscount>1</AllowDiscount>
      <ItemStatus>1</ItemStatus>
      <ItemId>236109</ItemId>
    </Item>
    <Item>
      <PriceUpdateDate>2015-06-30 12:13:09</PriceUpdateDate>
      <ItemCode>7290013117427</ItemCode>
      <ItemType>0</ItemType>
      <ItemName>בצק פריך מלוח 900 גר</ItemName>
      <ManufacturerName>מעדנות</ManufacturerName>
      <ManufactureCountry>לא ידוע</ManufactureCountry>
      <ManufacturerItemDescription>בצק פריך מלוח 900 גרם</ManufacturerItemDescription>
      <UnitQty>גרמים</UnitQty>
      <Quantity>900.00</Quantity>
      <UnitOfMeasure>100 גרם</UnitOfMeasure>
      <bIsWeighted>0</bIsWeighted>
      <QtyInPackage>1</QtyInPackage>
      <ItemPrice>22.90</ItemPrice>
      <UnitOfMeasurePrice>2.5444</UnitOfMeasurePrice>
      <AllowDiscount>1</AllowDiscount>
      <ItemStatus>1</ItemStatus>
      <ItemId>236111</ItemId>
    </Item>
    <Item>
      <PriceUpdateDate>2016-02-24 13:52:53</PriceUpdateDate>
      <ItemCode>7290013117410</ItemCode>
      <ItemType>0</ItemType>
      <ItemName>בצק פריך מתוק 900 גר</ItemName>
      <ManufacturerName>מעדנות</ManufacturerName>
      <ManufactureCountry>לא ידוע</ManufactureCountry>
      <ManufacturerItemDescription>בצק פריך מתוק 900 גרם</ManufacturerItemDescription>
      <UnitQty>גרמים</UnitQty>
      <Quantity>900.00</Quantity>
      <UnitOfMeasure>100 גרם</UnitOfMeasure>
      <bIsWeighted>0</bIsWeighted>
      <QtyInPackage>1</QtyInPackage>
      <ItemPrice>22.90</ItemPrice>
      <UnitOfMeasurePrice>2.5444</UnitOfMeasurePrice>
      <AllowDiscount>1</AllowDiscount>
      <ItemStatus>1</ItemStatus>
      <ItemId>236112</ItemId>
    </Item>
    <Item>
      <PriceUpdateDate>2016-04-20 08:56:08</PriceUpdateDate>
      <ItemCode>2157427</ItemCode>
      <ItemType>0</ItemType>
      <ItemName>סינטה טרי עטרה</ItemName>
      <ManufacturerName>,</ManufacturerName>
      <ManufactureCountry>לא ידוע</ManufactureCountry>
      <ManufacturerItemDescription>סינטה טרי עטרה</ManufacturerItemDescription>
      <UnitQty>קילוגרמים</UnitQty>
      <Quantity>1.00</Quantity>
      <UnitOfMeasure>ק"ג</UnitOfMeasure>
      <bIsWeighted>1</bIsWeighted>
      <QtyInPackage>לא ידוע</QtyInPackage>
      <ItemPrice>79.90</ItemPrice>
      <UnitOfMeasurePrice>79.9000</UnitOfMeasurePrice>
      <AllowDiscount>1</AllowDiscount>
      <ItemStatus>1</ItemStatus>
      <ItemId>268010</ItemId>
    </Item>
    <Item>
      <PriceUpdateDate>2015-01-01 00:00:00</PriceUpdateDate>
      <ItemCode>7290012025457</ItemCode>
      <ItemType>0</ItemType>
      <ItemName>כרוב אדום 625 גרם</ItemName>
      <ManufacturerName>סלטי שמיר 2006 בעמ</ManufacturerName>
      <ManufactureCountry>לא ידוע</ManufactureCountry>
      <ManufacturerItemDescription>כרוב אדום 625 גרם</ManufacturerItemDescription>
      <UnitQty>גרמים</UnitQty>
      <Quantity>625.00</Quantity>
      <UnitOfMeasure>100 גרם</UnitOfMeasure>
      <bIsWeighted>0</bIsWeighted>
      <QtyInPackage>1</QtyInPackage>
      <ItemPrice>12.90</ItemPrice>
      <UnitOfMeasurePrice>2.0640</UnitOfMeasurePrice>
      <AllowDiscount>1</AllowDiscount>
      <ItemStatus>1</ItemStatus>
      <ItemId>236128</ItemId>
    </Item>
    <Item>
      <PriceUpdateDate>2015-08-12 10:25:05</PriceUpdateDate>
      <ItemCode>4436193</ItemCode>
      <ItemType>0</ItemType>
      <ItemName>שריר לא מעובד</ItemName>
      <ManufacturerName>,</ManufacturerName>
      <ManufactureCountry>לא ידוע</ManufactureCountry>
      <ManufacturerItemDescription>שריר לא מעובד</ManufacturerItemDescription>
      <UnitQty>קילוגרמים</UnitQty>
      <Quantity>1.00</Quantity>
      <UnitOfMeasure>ק"ג</UnitOfMeasure>
      <bIsWeighted>1</bIsWeighted>
      <QtyInPackage>לא ידוע</QtyInPackage>
      <ItemPrice>69.90</ItemPrice>
      <UnitOfMeasurePrice>69.9000</UnitOfMeasurePrice>
      <AllowDiscount>1</AllowDiscount>
      <ItemStatus>1</ItemStatus>
      <ItemId>236149</ItemId>
    </Item>
    <Item>
      <PriceUpdateDate>2015-01-01 00:00:00</PriceUpdateDate>
      <ItemCode>55015</ItemCode>
      <ItemType>0</ItemType>
      <ItemName>גבינת פטה כבשים 5% פ</ItemName>
      <ManufacturerName>תנובה מרכז שיתופי לש</ManufacturerName>
      <ManufactureCountry>לא ידוע</ManufactureCountry>
      <ManufacturerItemDescription>גבינת פטה כבשים 5% פיראוס</ManufacturerItemDescription>
      <UnitQty>גרמים</UnitQty>
      <Quantity>250.00</Quantity>
      <UnitOfMeasure>100 גרם</UnitOfMeasure>
      <bIsWeighted>0</bIsWeighted>
      <QtyInPackage>1</QtyInPackage>
      <ItemPrice>19.90</ItemPrice>
      <UnitOfMeasurePrice>7.9600</UnitOfMeasurePrice>
      <AllowDiscount>1</AllowDiscount>
      <ItemStatus>1</ItemStatus>
      <ItemId>236185</ItemId>
    </Item>
    <Item>
      <PriceUpdateDate>2015-01-01 00:00:00</PriceUpdateDate>
      <ItemCode>55527</ItemCode>
      <ItemType>0</ItemType>
      <ItemName>מאגדת תאומים תות שמי</ItemName>
      <ManufacturerName>תנובה מרכז שיתופי לש</ManufacturerName>
      <ManufactureCountry>לא ידוע</ManufactureCountry>
      <ManufacturerItemDescription>מאגדת תאומים תות שמיניה מהדרין</ManufacturerItemDescription>
      <UnitQty>גרמים</UnitQty>
      <Quantity>230.00</Quantity>
      <UnitOfMeasure>100 גרם</UnitOfMeasure>
      <bIsWeighted>0</bIsWeighted>
      <QtyInPackage>1</QtyInPackage>
      <ItemPrice>12.90</ItemPrice>
      <UnitOfMeasurePrice>5.6087</UnitOfMeasurePrice>
      <AllowDiscount>1</AllowDiscount>
      <ItemStatus>1</ItemStatus>
      <ItemId>236187</ItemId>
    </Item>
    <Item>
      <PriceUpdateDate>2016-07-28 10:35:32</PriceUpdateDate>
      <ItemCode>7290108351071</ItemCode>
      <ItemType>1</ItemType>
      <ItemName>סנו פורטה פלוס גל מר</ItemName>
      <ManufacturerName>סנו</ManufacturerName>
      <ManufactureCountry>ישראל</ManufactureCountry>
      <ManufacturerItemDescription>סנו פורטה פלוס גל מרוכז 500 מ"ל</ManufacturerItemDescription>
      <UnitQty>מיליליטרים</UnitQty>
      <Quantity>500.00</Quantity>
      <UnitOfMeasure>100 מ"ל</UnitOfMeasure>
      <bIsWeighted>0</bIsWeighted>
      <QtyInPackage>1</QtyInPackage>
      <ItemPrice>19.90</ItemPrice>
      <UnitOfMeasurePrice>3.9800</UnitOfMeasurePrice>
      <AllowDiscount>1</AllowDiscount>
      <ItemStatus>1</ItemStatus>
      <ItemId>269016</ItemId>
    </Item>
    <Item>
      <PriceUpdateDate>2015-01-01 00:00:00</PriceUpdateDate>
      <ItemCode>3804351</ItemCode>
      <ItemType>0</ItemType>
      <ItemName>מרק פטריות 400 גרם ב</ItemName>
      <ManufacturerName>,</ManufacturerName>
      <ManufactureCountry>לא ידוע</ManufactureCountry>
      <ManufacturerItemDescription>מרק פטריות 400 גרם בד"צ</ManufacturerItemDescription>
      <UnitQty>גרמים</UnitQty>
      <Quantity>400.00</Quantity>
      <UnitOfMeasure>100 גרם</UnitOfMeasure>
      <bIsWeighted>0</bIsWeighted>
      <QtyInPackage>1</QtyInPackage>
      <ItemPrice>19.90</ItemPrice>
      <UnitOfMeasurePrice>4.9750</UnitOfMeasurePrice>
      <AllowDiscount>1</AllowDiscount>
      <ItemStatus>1</ItemStatus>
      <ItemId>236195</ItemId>
    </Item>
    <Item>
      <PriceUpdateDate>2016-05-25 15:40:16</PriceUpdateDate>
      <ItemCode>7290014762831</ItemCode>
      <ItemType>0</ItemType>
      <ItemName>גבינת נפולאון 25% חל</ItemName>
      <ManufacturerName>תנובה מרכז שיתופי לש</ManufacturerName>
      <ManufactureCountry>לא ידוע</ManufactureCountry>
      <ManufacturerItemDescription>גבינת נפולאון 25% חלפיניו</ManufacturerItemDescription>
      <UnitQty>גרמים</UnitQty>
      <Quantity>225.00</Quantity>
      <UnitOfMeasure>100 גרם</UnitOfMeasure>
      <bIsWeighted>0</bIsWeighted>
      <QtyInPackage>1</QtyInPackage>
      <ItemPrice>8.90</ItemPrice>
      <UnitOfMeasurePrice>3.9556</UnitOfMeasurePrice>
      <AllowDiscount>1</AllowDiscount>
      <ItemStatus>1</ItemStatus>
      <ItemId>268330</ItemId>
    </Item>
    <Item>
      <PriceUpdateDate>2016-06-02 15:36:14</PriceUpdateDate>
      <ItemCode>7290016220025</ItemCode>
      <ItemType>1</ItemType>
      <ItemName>יוגורט תות 3% 1 ליטר</ItemName>
      <ManufacturerName>בר בכפר די אנד די</ManufacturerName>
      <ManufactureCountry>ישראל</ManufactureCountry>
      <ManufacturerItemDescription>יוגורט תות 3% 1 ליטר</ManufacturerItemDescription>
      <UnitQty>ליטרים</UnitQty>
      <Quantity>1.00</Quantity>
      <UnitOfMeasure>ליטר    </UnitOfMeasure>
      <bIsWeighted>0</bIsWeighted>
      <QtyInPackage>1</QtyInPackage>
      <ItemPrice>12.90</ItemPrice>
      <UnitOfMeasurePrice>12.9000</UnitOfMeasurePrice>
      <AllowDiscount>1</AllowDiscount>
      <ItemStatus>1</ItemStatus>
      <ItemId>268361</ItemId>
    </Item>
    <Item>
      <PriceUpdateDate>2015-01-01 00:00:00</PriceUpdateDate>
      <ItemCode>7290012738005</ItemCode>
      <ItemType>0</ItemType>
      <ItemName>מצות מחיטה מלאה 650</ItemName>
      <ManufacturerName>מצות יהודה</ManufacturerName>
      <ManufactureCountry>לא ידוע</ManufactureCountry>
      <ManufacturerItemDescription>מצות מחיטה מלאה 650 גרם כשל"פ רבנות</ManufacturerItemDescription>
      <UnitQty>גרמים</UnitQty>
      <Quantity>650.00</Quantity>
      <UnitOfMeasure>100 גרם</UnitOfMeasure>
      <bIsWeighted>0</bIsWeighted>
      <QtyInPackage>1</QtyInPackage>
      <ItemPrice>28.90</ItemPrice>
      <UnitOfMeasurePrice>4.4462</UnitOfMeasurePrice>
      <AllowDiscount>1</AllowDiscount>
      <ItemStatus>1</ItemStatus>
      <ItemId>236200</ItemId>
    </Item>
    <Item>
      <PriceUpdateDate>2015-01-01 00:00:00</PriceUpdateDate>
      <ItemCode>7290012738012</ItemCode>
      <ItemType>0</ItemType>
      <ItemName>קמח מצה מחיטה מלאה 4</ItemName>
      <ManufacturerName>מצות יהודה</ManufacturerName>
      <ManufactureCountry>לא ידוע</ManufactureCountry>
      <ManufacturerItemDescription>קמח מצה מחיטה מלאה 400 גרם כשל"פ רבנות</ManufacturerItemDescription>
      <UnitQty>גרמים</UnitQty>
      <Quantity>400.00</Quantity>
      <UnitOfMeasure>100 גרם</UnitOfMeasure>
      <bIsWeighted>0</bIsWeighted>
      <QtyInPackage>1</QtyInPackage>
      <ItemPrice>12.90</ItemPrice>
      <UnitOfMeasurePrice>3.2250</UnitOfMeasurePrice>
      <AllowDiscount>1</AllowDiscount>
      <ItemStatus>1</ItemStatus>
      <ItemId>236201</ItemId>
    </Item>
    <Item>
      <PriceUpdateDate>2015-01-01 00:00:00</PriceUpdateDate>
      <ItemCode>7290012738036</ItemCode>
      <ItemType>0</ItemType>
      <ItemName>מצות יהודה 2 ק"ג</ItemName>
      <ManufacturerName>,</ManufacturerName>
      <ManufactureCountry>לא ידוע</ManufactureCountry>
      <ManufacturerItemDescription>מצות יהודה 2 ק"ג כשל"פ רבנות</ManufacturerItemDescription>
      <UnitQty>קילוגרמים</UnitQty>
      <Quantity>2.00</Quantity>
      <UnitOfMeasure>ק"ג     </UnitOfMeasure>
      <bIsWeighted>0</bIsWeighted>
      <QtyInPackage>1</QtyInPackage>
      <ItemPrice>26.90</ItemPrice>
      <UnitOfMeasurePrice>13.4500</UnitOfMeasurePrice>
      <AllowDiscount>1</AllowDiscount>
      <ItemStatus>1</ItemStatus>
      <ItemId>236202</ItemId>
    </Item>
    <Item>
      <PriceUpdateDate>2016-06-15 10:35:37</PriceUpdateDate>
      <ItemCode>7290107930994</ItemCode>
      <ItemType>1</ItemType>
      <ItemName>שוקולד פרה שייק שוקו</ItemName>
      <ManufacturerName>שטראוס</ManufacturerName>
      <ManufactureCountry>ישראל</ManufactureCountry>
      <ManufacturerItemDescription>שוקולד פרה שייק שוקו בננה 95 גרם</ManufacturerItemDescription>
      <UnitQty>גרמים</UnitQty>
      <Quantity>95.00</Quantity>
      <UnitOfMeasure>100 גרם</UnitOfMeasure>
      <bIsWeighted>0</bIsWeighted>
      <QtyInPackage>1</QtyInPackage>
      <ItemPrice>5.90</ItemPrice>
      <UnitOfMeasurePrice>6.2105</UnitOfMeasurePrice>
      <AllowDiscount>1</AllowDiscount>
      <ItemStatus>1</ItemStatus>
      <ItemId>268443</ItemId>
    </Item>
    <Item>
      <PriceUpdateDate>2015-06-17 18:06:02</PriceUpdateDate>
      <ItemCode>7290014791770</ItemCode>
      <ItemType>1</ItemType>
      <ItemName>פרוט ווטר בטעם ענבים</ItemName>
      <ManufacturerName>,</ManufacturerName>
      <ManufactureCountry>לא ידוע</ManufactureCountry>
      <ManufacturerItemDescription>שוופס פרוטס ווטר בטעם ענבים 1.5 ליטר</ManufacturerItemDescription>
      <UnitQty>ליטרים</UnitQty>
      <Quantity>1.50</Quantity>
      <UnitOfMeasure>ליטר    </UnitOfMeasure>
      <bIsWeighted>0</bIsWeighted>
      <QtyInPackage>1</QtyInPackage>
      <ItemPrice>6.90</ItemPrice>
      <UnitOfMeasurePrice>4.6000</UnitOfMeasurePrice>
      <AllowDiscount>1</AllowDiscount>
      <ItemStatus>1</ItemStatus>
      <ItemId>264192</ItemId>
    </Item>
    <Item>
      <PriceUpdateDate>2015-04-29 12:45:56</PriceUpdateDate>
      <ItemCode>7290013540867</ItemCode>
      <ItemType>0</ItemType>
      <ItemName>טונה דיאמנט בשמן 1 ק</ItemName>
      <ManufacturerName>פילטונה</ManufacturerName>
      <ManufactureCountry>לא ידוע</ManufactureCountry>
      <ManufacturerItemDescription>טונה דיאמנט בשמן 1 ק"ג</ManufacturerItemDescription>
      <UnitQty>קילוגרמים</UnitQty>
      <Quantity>1.00</Quantity>
      <UnitOfMeasure>ק"ג     </UnitOfMeasure>
      <bIsWeighted>0</bIsWeighted>
      <QtyInPackage>1</QtyInPackage>
      <ItemPrice>24.90</ItemPrice>
      <UnitOfMeasurePrice>24.9000</UnitOfMeasurePrice>
      <AllowDiscount>1</AllowDiscount>
      <ItemStatus>1</ItemStatus>
      <ItemId>255310</ItemId>
    </Item>
    <Item>
      <PriceUpdateDate>2015-10-06 14:13:56</PriceUpdateDate>
      <ItemCode>7290104722028</ItemCode>
      <ItemType>0</ItemType>
      <ItemName>שוקולד לבן פרה 100 ג</ItemName>
      <ManufacturerName>,</ManufacturerName>
      <ManufactureCountry>לא ידוע</ManufactureCountry>
      <ManufacturerItemDescription>שוקולד לבן פרה 100 גרם מגדים</ManufacturerItemDescription>
      <UnitQty>גרמים</UnitQty>
      <Quantity>100.00</Quantity>
      <UnitOfMeasure>100 גרם</UnitOfMeasure>
      <bIsWeighted>0</bIsWeighted>
      <QtyInPackage>1</QtyInPackage>
      <ItemPrice>4.90</ItemPrice>
      <UnitOfMeasurePrice>4.9000</UnitOfMeasurePrice>
      <AllowDiscount>1</AllowDiscount>
      <ItemStatus>1</ItemStatus>
      <ItemId>236208</ItemId>
    </Item>
    <Item>
      <PriceUpdateDate>2016-03-30 15:11:08</PriceUpdateDate>
      <ItemCode>7290016083231</ItemCode>
      <ItemType>1</ItemType>
      <ItemName>עוגיות בוטנים מצופה</ItemName>
      <ManufacturerName>,</ManufacturerName>
      <ManufactureCountry>לא ידוע</ManufactureCountry>
      <ManufacturerItemDescription>עוגיות בוטנים מצופה 500 גרם שירה</ManufacturerItemDescription>
      <UnitQty>גרמים</UnitQty>
      <Quantity>500.00</Quantity>
      <UnitOfMeasure>100 גרם</UnitOfMeasure>
      <bIsWeighted>0</bIsWeighted>
      <QtyInPackage>1</QtyInPackage>
      <ItemPrice>5.90</ItemPrice>
      <UnitOfMeasurePrice>1.1800</UnitOfMeasurePrice>
      <AllowDiscount>1</AllowDiscount>
      <ItemStatus>1</ItemStatus>
      <ItemId>267631</ItemId>
    </Item>
    <Item>
      <PriceUpdateDate>2015-01-01 00:00:00</PriceUpdateDate>
      <ItemCode>7290013677679</ItemCode>
      <ItemType>0</ItemType>
      <ItemName>סודה לשתיה 80 גרם שק</ItemName>
      <ManufacturerName>,</ManufacturerName>
      <ManufactureCountry>לא ידוע</ManufactureCountry>
      <ManufacturerItemDescription>סודה לשתיה 80 גרם שקית</ManufacturerItemDescription>
      <UnitQty>גרמים</UnitQty>
      <Quantity>100.00</Quantity>
      <UnitOfMeasure>100 גרם</UnitOfMeasure>
      <bIsWeighted>0</bIsWeighted>
      <QtyInPackage>1</QtyInPackage>
      <ItemPrice>3.90</ItemPrice>
      <UnitOfMeasurePrice>3.9000</UnitOfMeasurePrice>
      <AllowDiscount>1</AllowDiscount>
      <ItemStatus>1</ItemStatus>
      <ItemId>236244</ItemId>
    </Item>
    <Item>
      <PriceUpdateDate>2015-01-01 00:00:00</PriceUpdateDate>
      <ItemCode>7290011254131</ItemCode>
      <ItemType>0</ItemType>
      <ItemName>אורגנו 20 גרם שקית</ItemName>
      <ManufacturerName>מיה תעשיות מזון בעמ</ManufacturerName>
      <ManufactureCountry>ישראל</ManufactureCountry>
      <ManufacturerItemDescription>אורגנו 20 גרם שקית</ManufacturerItemDescription>
      <UnitQty>גרמים</UnitQty>
      <Quantity>20.00</Quantity>
      <UnitOfMeasure>100 גרם</UnitOfMeasure>
      <bIsWeighted>0</bIsWeighted>
      <QtyInPackage>1</QtyInPackage>
      <ItemPrice>3.90</ItemPrice>
      <UnitOfMeasurePrice>19.5000</UnitOfMeasurePrice>
      <AllowDiscount>1</AllowDiscount>
      <ItemStatus>1</ItemStatus>
      <ItemId>236245</ItemId>
    </Item>
    <Item>
      <PriceUpdateDate>2015-01-01 00:00:00</PriceUpdateDate>
      <ItemCode>7290013677686</ItemCode>
      <ItemType>0</ItemType>
      <ItemName>פפריקה מרוקאית 80 גר</ItemName>
      <ManufacturerName>מיה תעשיות מזון בעמ</ManufacturerName>
      <ManufactureCountry>ישראל</ManufactureCountry>
      <ManufacturerItemDescription>פפריקה מרוקאית 80 גרם שקית</ManufacturerItemDescription>
      <UnitQty>גרמים</UnitQty>
      <Quantity>100.00</Quantity>
      <UnitOfMeasure>100 גרם</UnitOfMeasure>
      <bIsWeighted>0</bIsWeighted>
      <QtyInPackage>1</QtyInPackage>
      <ItemPrice>3.90</ItemPrice>
      <UnitOfMeasurePrice>3.9000</UnitOfMeasurePrice>
      <AllowDiscount>1</AllowDiscount>
      <ItemStatus>1</ItemStatus>
      <ItemId>236246</ItemId>
    </Item>
    <Item>
      <PriceUpdateDate>2015-01-01 00:00:00</PriceUpdateDate>
      <ItemCode>7290011254209</ItemCode>
      <ItemType>0</ItemType>
      <ItemName>גבישי שום 80 גרם שקי</ItemName>
      <ManufacturerName>מיה תעשיות מזון בעמ</ManufacturerName>
      <ManufactureCountry>ישראל</ManufactureCountry>
      <ManufacturerItemDescription>גבישי שום 80 גרם שקית</ManufacturerItemDescription>
      <UnitQty>גרמים</UnitQty>
      <Quantity>80.00</Quantity>
      <UnitOfMeasure>100 גרם</UnitOfMeasure>
      <bIsWeighted>0</bIsWeighted>
      <QtyInPackage>1</QtyInPackage>
      <ItemPrice>3.90</ItemPrice>
      <UnitOfMeasurePrice>4.8750</UnitOfMeasurePrice>
      <AllowDiscount>1</AllowDiscount>
      <ItemStatus>1</ItemStatus>
      <ItemId>236247</ItemId>
    </Item>
    <Item>
      <PriceUpdateDate>2015-01-01 00:00:00</PriceUpdateDate>
      <ItemCode>7290012557873</ItemCode>
      <ItemType>0</ItemType>
      <ItemName>מסטיק גולים ענק 180</ItemName>
      <ManufacturerName>מסטיקס</ManufacturerName>
      <ManufactureCountry>לא ידוע</ManufactureCountry>
      <ManufacturerItemDescription>מסטיק גולים ענק 180 ג בצנצנת</ManufacturerItemDescription>
      <UnitQty>גרמים</UnitQty>
      <Quantity>180.00</Quantity>
      <UnitOfMeasure>100 גרם</UnitOfMeasure>
      <bIsWeighted>0</bIsWeighted>
      <QtyInPackage>1</QtyInPackage>
      <ItemPrice>7.90</ItemPrice>
      <UnitOfMeasurePrice>4.3889</UnitOfMeasurePrice>
      <AllowDiscount>1</AllowDiscount>
      <ItemStatus>1</ItemStatus>
      <ItemId>249467</ItemId>
    </Item>
    <Item>
      <PriceUpdateDate>2016-04-20 12:16:01</PriceUpdateDate>
      <ItemCode>7920008285069</ItemCode>
      <ItemType>0</ItemType>
      <ItemName>מצות שמורה עבודת יד</ItemName>
      <ManufacturerName>,</ManufacturerName>
      <ManufactureCountry>לא ידוע</ManufactureCountry>
      <ManufacturerItemDescription>מצות שמורה עבודת יד 500 גרם מחפוד</ManufacturerItemDescription>
      <UnitQty>גרמים</UnitQty>
      <Quantity>500.00</Quantity>
      <UnitOfMeasure>100 גרם</UnitOfMeasure>
      <bIsWeighted>0</bIsWeighted>
      <QtyInPackage>1</QtyInPackage>
      <ItemPrice>32.90</ItemPrice>
      <UnitOfMeasurePrice>6.5800</UnitOfMeasurePrice>
      <AllowDiscount>1</AllowDiscount>
      <ItemStatus>1</ItemStatus>
      <ItemId>268012</ItemId>
    </Item>
    <Item>
      <PriceUpdateDate>2016-04-13 08:24:05</PriceUpdateDate>
      <ItemCode>6779830</ItemCode>
      <ItemType>0</ItemType>
      <ItemName>תירוש ענבים בטעם פיר</ItemName>
      <ManufacturerName>,</ManufacturerName>
      <ManufactureCountry>לא ידוע</ManufactureCountry>
      <ManufacturerItemDescription>תירוש ענבים בטעם פירות יער 1 ליטר</ManufacturerItemDescription>
      <UnitQty>ליטרים</UnitQty>
      <Quantity>1.00</Quantity>
      <UnitOfMeasure>ליטר    </UnitOfMeasure>
      <bIsWeighted>0</bIsWeighted>
      <QtyInPackage>1</QtyInPackage>
      <ItemPrice>12.90</ItemPrice>
      <UnitOfMeasurePrice>12.9000</UnitOfMeasurePrice>
      <AllowDiscount>1</AllowDiscount>
      <ItemStatus>1</ItemStatus>
      <ItemId>267776</ItemId>
    </Item>
    <Item>
      <PriceUpdateDate>2016-08-01 15:09:05</PriceUpdateDate>
      <ItemCode>7290105180087</ItemCode>
      <ItemType>0</ItemType>
      <ItemName>כפפות ויניל ללא אבקה</ItemName>
      <ManufacturerName>איזי טאצ</ManufacturerName>
      <ManufactureCountry>לא ידוע</ManufactureCountry>
      <ManufacturerItemDescription>כפפות ויניל ללא אבקה 100 יח M לנדא</ManufacturerItemDescription>
      <UnitQty>Unknown </UnitQty>
      <Quantity>0.00</Quantity>
      <UnitOfMeasure>Unknown </UnitOfMeasure>
      <bIsWeighted>0</bIsWeighted>
      <QtyInPackage>1</QtyInPackage>
      <ItemPrice>13.90</ItemPrice>
      <UnitOfMeasurePrice>0.0000</UnitOfMeasurePrice>
      <AllowDiscount>1</AllowDiscount>
      <ItemStatus>1</ItemStatus>
      <ItemId>236310</ItemId>
    </Item>
    <Item>
      <PriceUpdateDate>2016-08-01 15:09:16</PriceUpdateDate>
      <ItemCode>7290105180094</ItemCode>
      <ItemType>0</ItemType>
      <ItemName>כפפות ויניל ללא אבקה</ItemName>
      <ManufacturerName>איזי טאצ</ManufacturerName>
      <ManufactureCountry>לא ידוע</ManufactureCountry>
      <ManufacturerItemDescription>כפפות ויניל ללא אבקה 100 יח L לנדא</ManufacturerItemDescription>
      <UnitQty>Unknown </UnitQty>
      <Quantity>0.00</Quantity>
      <UnitOfMeasure>Unknown </UnitOfMeasure>
      <bIsWeighted>0</bIsWeighted>
      <QtyInPackage>1</QtyInPackage>
      <ItemPrice>13.90</ItemPrice>
      <UnitOfMeasurePrice>0.0000</UnitOfMeasurePrice>
      <AllowDiscount>1</AllowDiscount>
      <ItemStatus>1</ItemStatus>
      <ItemId>236311</ItemId>
    </Item>
    <Item>
      <PriceUpdateDate>2016-08-01 15:09:33</PriceUpdateDate>
      <ItemCode>7290105180100</ItemCode>
      <ItemType>0</ItemType>
      <ItemName>כפפות ויניל ללא אבקה</ItemName>
      <ManufacturerName>איזי טאצ</ManufacturerName>
      <ManufactureCountry>לא ידוע</ManufactureCountry>
      <ManufacturerItemDescription>כפפות ויניל ללא אבקה 100 יח לנדא</ManufacturerItemDescription>
      <UnitQty>Unknown </UnitQty>
      <Quantity>0.00</Quantity>
      <UnitOfMeasure>Unknown </UnitOfMeasure>
      <bIsWeighted>0</bIsWeighted>
      <QtyInPackage>1</QtyInPackage>
      <ItemPrice>13.90</ItemPrice>
      <UnitOfMeasurePrice>0.0000</UnitOfMeasurePrice>
      <AllowDiscount>1</AllowDiscount>
      <ItemStatus>1</ItemStatus>
      <ItemId>236312</ItemId>
    </Item>
    <Item>
      <PriceUpdateDate>2016-08-01 15:09:23</PriceUpdateDate>
      <ItemCode>7290105180131</ItemCode>
      <ItemType>0</ItemType>
      <ItemName>כפפות ויניל ללא אבקה</ItemName>
      <ManufacturerName>איזי טאצ</ManufacturerName>
      <ManufactureCountry>לא ידוע</ManufactureCountry>
      <ManufacturerItemDescription>כפפות ויניל ללא אבקה 100 יח S לנדא</ManufacturerItemDescription>
      <UnitQty>Unknown </UnitQty>
      <Quantity>0.00</Quantity>
      <UnitOfMeasure>Unknown </UnitOfMeasure>
      <bIsWeighted>0</bIsWeighted>
      <QtyInPackage>1</QtyInPackage>
      <ItemPrice>13.90</ItemPrice>
      <UnitOfMeasurePrice>0.0000</UnitOfMeasurePrice>
      <AllowDiscount>1</AllowDiscount>
      <ItemStatus>1</ItemStatus>
      <ItemId>236313</ItemId>
    </Item>
    <Item>
      <PriceUpdateDate>2016-03-22 12:55:01</PriceUpdateDate>
      <ItemCode>7290010760084</ItemCode>
      <ItemType>0</ItemType>
      <ItemName>עוגה עגולה בחושה 450</ItemName>
      <ManufacturerName>,</ManufacturerName>
      <ManufactureCountry>לא ידוע</ManufactureCountry>
      <ManufacturerItemDescription>עוגה עגולה בחושה 450 גרם חת"ס ב"ב</ManufacturerItemDescription>
      <UnitQty>גרמים</UnitQty>
      <Quantity>450.00</Quantity>
      <UnitOfMeasure>100 גרם</UnitOfMeasure>
      <bIsWeighted>0</bIsWeighted>
      <QtyInPackage>1</QtyInPackage>
      <ItemPrice>9.90</ItemPrice>
      <UnitOfMeasurePrice>2.2000</UnitOfMeasurePrice>
      <AllowDiscount>1</AllowDiscount>
      <ItemStatus>1</ItemStatus>
      <ItemId>236344</ItemId>
    </Item>
    <Item>
      <PriceUpdateDate>2015-01-01 00:00:00</PriceUpdateDate>
      <ItemCode>7290012738043</ItemCode>
      <ItemType>0</ItemType>
      <ItemName>קמח מצה לעוגות 500 ג</ItemName>
      <ManufacturerName>,</ManufacturerName>
      <ManufactureCountry>לא ידוע</ManufactureCountry>
      <ManufacturerItemDescription>קמח מצה לעוגות 500 גרם בניילון כשל"פ רבנ</ManufacturerItemDescription>
      <UnitQty>גרמים</UnitQty>
      <Quantity>500.00</Quantity>
      <UnitOfMeasure>100 גרם</UnitOfMeasure>
      <bIsWeighted>0</bIsWeighted>
      <QtyInPackage>1</QtyInPackage>
      <ItemPrice>12.90</ItemPrice>
      <UnitOfMeasurePrice>2.5800</UnitOfMeasurePrice>
      <AllowDiscount>1</AllowDiscount>
      <ItemStatus>1</ItemStatus>
      <ItemId>236360</ItemId>
    </Item>
    <Item>
      <PriceUpdateDate>2015-01-01 00:00:00</PriceUpdateDate>
      <ItemCode>7290103155759</ItemCode>
      <ItemType>0</ItemType>
      <ItemName>מרקיה שקוף כסף 10 יח</ItemName>
      <ManufacturerName>HANTRONIX</ManufacturerName>
      <ManufactureCountry>לא ידוע</ManufactureCountry>
      <ManufacturerItemDescription>מרקיה שקוף כסף 10 יח 7.5"</ManufacturerItemDescription>
      <UnitQty>Unknown </UnitQty>
      <Quantity>0.00</Quantity>
      <UnitOfMeasure>Unknown </UnitOfMeasure>
      <bIsWeighted>0</bIsWeighted>
      <QtyInPackage>1</QtyInPackage>
      <ItemPrice>14.90</ItemPrice>
      <UnitOfMeasurePrice>0.0000</UnitOfMeasurePrice>
      <AllowDiscount>1</AllowDiscount>
      <ItemStatus>1</ItemStatus>
      <ItemId>252083</ItemId>
    </Item>
    <Item>
      <PriceUpdateDate>2015-01-01 00:00:00</PriceUpdateDate>
      <ItemCode>4015400428657</ItemCode>
      <ItemType>0</ItemType>
      <ItemName>תחבושות אולוויז עבה</ItemName>
      <ManufacturerName>פרוקטר</ManufacturerName>
      <ManufactureCountry>לא ידוע</ManufactureCountry>
      <ManufacturerItemDescription>תחבושות אולוויז עבה לונג + 15 יח</ManufacturerItemDescription>
      <UnitQty>Unknown </UnitQty>
      <Quantity>0.00</Quantity>
      <UnitOfMeasure>Unknown </UnitOfMeasure>
      <bIsWeighted>0</bIsWeighted>
      <QtyInPackage>1</QtyInPackage>
      <ItemPrice>11.90</ItemPrice>
      <UnitOfMeasurePrice>0.0000</UnitOfMeasurePrice>
      <AllowDiscount>1</AllowDiscount>
      <ItemStatus>1</ItemStatus>
      <ItemId>236415</ItemId>
    </Item>
    <Item>
      <PriceUpdateDate>2015-01-01 00:00:00</PriceUpdateDate>
      <ItemCode>72983225</ItemCode>
      <ItemType>0</ItemType>
      <ItemName>מעדן מילקי הפוך 170</ItemName>
      <ManufacturerName>שטראוס</ManufacturerName>
      <ManufactureCountry>לא ידוע</ManufactureCountry>
      <ManufacturerItemDescription>מילקי הפוך 170 מ"ל רובין מהדרין</ManufacturerItemDescription>
      <UnitQty>מיליליטרים</UnitQty>
      <Quantity>170.00</Quantity>
      <UnitOfMeasure>100 מ"ל</UnitOfMeasure>
      <bIsWeighted>0</bIsWeighted>
      <QtyInPackage>1</QtyInPackage>
      <ItemPrice>3.50</ItemPrice>
      <UnitOfMeasurePrice>2.0588</UnitOfMeasurePrice>
      <AllowDiscount>1</AllowDiscount>
      <ItemStatus>1</ItemStatus>
      <ItemId>236443</ItemId>
    </Item>
    <Item>
      <PriceUpdateDate>2015-01-01 00:00:00</PriceUpdateDate>
      <ItemCode>7290104066016</ItemCode>
      <ItemType>0</ItemType>
      <ItemName>מעדן מילקי טופ עדשים</ItemName>
      <ManufacturerName>שטראוס</ManufacturerName>
      <ManufactureCountry>לא ידוע</ManufactureCountry>
      <ManufacturerItemDescription>מילקי טופ עדשים 170 מ"ל</ManufacturerItemDescription>
      <UnitQty>מיליליטרים</UnitQty>
      <Quantity>170.00</Quantity>
      <UnitOfMeasure>100 מ"ל</UnitOfMeasure>
      <bIsWeighted>0</bIsWeighted>
      <QtyInPackage>1</QtyInPackage>
      <ItemPrice>4.30</ItemPrice>
      <UnitOfMeasurePrice>2.5294</UnitOfMeasurePrice>
      <AllowDiscount>1</AllowDiscount>
      <ItemStatus>1</ItemStatus>
      <ItemId>236445</ItemId>
    </Item>
    <Item>
      <PriceUpdateDate>2016-04-07 21:33:26</PriceUpdateDate>
      <ItemCode>2391005</ItemCode>
      <ItemType>0</ItemType>
      <ItemName>קישקע 500 גרם כשל"פ</ItemName>
      <ManufacturerName>,</ManufacturerName>
      <ManufactureCountry>לא ידוע</ManufactureCountry>
      <ManufacturerItemDescription>קישקע 500 גרם כשל"פ</ManufacturerItemDescription>
      <UnitQty>גרמים</UnitQty>
      <Quantity>500.00</Quantity>
      <UnitOfMeasure>100 גרם</UnitOfMeasure>
      <bIsWeighted>0</bIsWeighted>
      <QtyInPackage>1</QtyInPackage>
      <ItemPrice>19.90</ItemPrice>
      <UnitOfMeasurePrice>3.9800</UnitOfMeasurePrice>
      <AllowDiscount>1</AllowDiscount>
      <ItemStatus>1</ItemStatus>
      <ItemId>236454</ItemId>
    </Item>
    <Item>
      <PriceUpdateDate>2015-01-01 00:00:00</PriceUpdateDate>
      <ItemCode>1985311</ItemCode>
      <ItemType>0</ItemType>
      <ItemName>מאגדת מיני מגנום לבן</ItemName>
      <ManufacturerName>שטראוס</ManufacturerName>
      <ManufactureCountry>ישראל</ManufactureCountry>
      <ManufacturerItemDescription>מאגדת מיני מגנום לבן ושקדים</ManufacturerItemDescription>
      <UnitQty>גרמים</UnitQty>
      <Quantity>330.00</Quantity>
      <UnitOfMeasure>100 גרם</UnitOfMeasure>
      <bIsWeighted>0</bIsWeighted>
      <QtyInPackage>לא ידוע</QtyInPackage>
      <ItemPrice>21.90</ItemPrice>
      <UnitOfMeasurePrice>6.6364</UnitOfMeasurePrice>
      <AllowDiscount>1</AllowDiscount>
      <ItemStatus>1</ItemStatus>
      <ItemId>236479</ItemId>
    </Item>
    <Item>
      <PriceUpdateDate>2015-01-01 00:00:00</PriceUpdateDate>
      <ItemCode>1327838</ItemCode>
      <ItemType>0</ItemType>
      <ItemName>מאגדת מיני מגנום קלא</ItemName>
      <ManufacturerName>שטראוס</ManufacturerName>
      <ManufactureCountry>ישראל</ManufactureCountry>
      <ManufacturerItemDescription>מאגדת מיני מגנום קלאסיק</ManufacturerItemDescription>
      <UnitQty>גרמים</UnitQty>
      <Quantity>330.00</Quantity>
      <UnitOfMeasure>100 גרם</UnitOfMeasure>
      <bIsWeighted>0</bIsWeighted>
      <QtyInPackage>לא ידוע</QtyInPackage>
      <ItemPrice>21.90</ItemPrice>
      <UnitOfMeasurePrice>6.6364</UnitOfMeasurePrice>
      <AllowDiscount>1</AllowDiscount>
      <ItemStatus>1</ItemStatus>
      <ItemId>236480</ItemId>
    </Item>
    <Item>
      <PriceUpdateDate>2016-01-18 12:45:13</PriceUpdateDate>
      <ItemCode>2331360</ItemCode>
      <ItemType>0</ItemType>
      <ItemName>נביעות  טו גו 500 מ"</ItemName>
      <ManufacturerName>נביעות</ManufacturerName>
      <ManufactureCountry>ישראל</ManufactureCountry>
      <ManufacturerItemDescription>נביעות טו גו שישיה</ManufacturerItemDescription>
      <UnitQty>ליטרים</UnitQty>
      <Quantity>3.00</Quantity>
      <UnitOfMeasure>ליטר    </UnitOfMeasure>
      <bIsWeighted>0</bIsWeighted>
      <QtyInPackage>1</QtyInPackage>
      <ItemPrice>8.90</ItemPrice>
      <UnitOfMeasurePrice>2.9667</UnitOfMeasurePrice>
      <AllowDiscount>1</AllowDiscount>
      <ItemStatus>1</ItemStatus>
      <ItemId>255564</ItemId>
    </Item>
    <Item>
      <PriceUpdateDate>2015-01-01 00:00:00</PriceUpdateDate>
      <ItemCode>7290105180193</ItemCode>
      <ItemType>0</ItemType>
      <ItemName>בקבוק לתינוק</ItemName>
      <ManufacturerName>אריסטוקרט</ManufacturerName>
      <ManufactureCountry>ישראל</ManufactureCountry>
      <ManufacturerItemDescription>בקבוק לתינוק ללא ביספינול</ManufacturerItemDescription>
      <UnitQty>Unknown </UnitQty>
      <Quantity>0.00</Quantity>
      <UnitOfMeasure>Unknown </UnitOfMeasure>
      <bIsWeighted>0</bIsWeighted>
      <QtyInPackage>1</QtyInPackage>
      <ItemPrice>6.90</ItemPrice>
      <UnitOfMeasurePrice>0.0000</UnitOfMeasurePrice>
      <AllowDiscount>1</AllowDiscount>
      <ItemStatus>1</ItemStatus>
      <ItemId>236487</ItemId>
    </Item>
    <Item>
      <PriceUpdateDate>2015-08-16 14:59:17</PriceUpdateDate>
      <ItemCode>7290103153656</ItemCode>
      <ItemType>0</ItemType>
      <ItemName>מפה גליל 45 מטר סופר</ItemName>
      <ManufacturerName>רווח</ManufacturerName>
      <ManufactureCountry>לא ידוע</ManufactureCountry>
      <ManufacturerItemDescription>מפה גליל 45 מטר סופר עבה</ManufacturerItemDescription>
      <UnitQty>Unknown </UnitQty>
      <Quantity>0.00</Quantity>
      <UnitOfMeasure>Unknown </UnitOfMeasure>
      <bIsWeighted>0</bIsWeighted>
      <QtyInPackage>1</QtyInPackage>
      <ItemPrice>29.90</ItemPrice>
      <UnitOfMeasurePrice>0.0000</UnitOfMeasurePrice>
      <AllowDiscount>1</AllowDiscount>
      <ItemStatus>1</ItemStatus>
      <ItemId>236490</ItemId>
    </Item>
    <Item>
      <PriceUpdateDate>2015-01-01 00:00:00</PriceUpdateDate>
      <ItemCode>7290104069116</ItemCode>
      <ItemType>0</ItemType>
      <ItemName>סוכריות מאסט קפוצינו</ItemName>
      <ManufacturerName>שטראוס</ManufacturerName>
      <ManufactureCountry>פולין</ManufactureCountry>
      <ManufacturerItemDescription>סוכריות מאסט קפוצינו  80 גרם מנצסטר</ManufacturerItemDescription>
      <UnitQty>גרמים</UnitQty>
      <Quantity>80.00</Quantity>
      <UnitOfMeasure>100 גרם</UnitOfMeasure>
      <bIsWeighted>0</bIsWeighted>
      <QtyInPackage>1</QtyInPackage>
      <ItemPrice>6.90</ItemPrice>
      <UnitOfMeasurePrice>8.6250</UnitOfMeasurePrice>
      <AllowDiscount>1</AllowDiscount>
      <ItemStatus>1</ItemStatus>
      <ItemId>236514</ItemId>
    </Item>
    <Item>
      <PriceUpdateDate>2015-01-01 00:00:00</PriceUpdateDate>
      <ItemCode>7290013440785</ItemCode>
      <ItemType>0</ItemType>
      <ItemName>מאגדת קרחוני לייט לי</ItemName>
      <ManufacturerName>גלידות נסטלה</ManufacturerName>
      <ManufactureCountry>לא ידוע</ManufactureCountry>
      <ManufacturerItemDescription>מאגדת לייט לימון מנגו</ManufacturerItemDescription>
      <UnitQty>גרמים</UnitQty>
      <Quantity>560.00</Quantity>
      <UnitOfMeasure>100 גרם</UnitOfMeasure>
      <bIsWeighted>0</bIsWeighted>
      <QtyInPackage>1</QtyInPackage>
      <ItemPrice>19.90</ItemPrice>
      <UnitOfMeasurePrice>3.5536</UnitOfMeasurePrice>
      <AllowDiscount>1</AllowDiscount>
      <ItemStatus>1</ItemStatus>
      <ItemId>236529</ItemId>
    </Item>
    <Item>
      <PriceUpdateDate>2016-02-15 10:03:24</PriceUpdateDate>
      <ItemCode>146645</ItemCode>
      <ItemType>0</ItemType>
      <ItemName>סבון מוצק הוואי שחור</ItemName>
      <ManufacturerName>הנקל סוד</ManufacturerName>
      <ManufactureCountry>לא ידוע</ManufactureCountry>
      <ManufacturerItemDescription>סבון מוצק הוואי שחור 4*100 גרם</ManufacturerItemDescription>
      <UnitQty>גרמים</UnitQty>
      <Quantity>400.00</Quantity>
      <UnitOfMeasure>100 גרם</UnitOfMeasure>
      <bIsWeighted>0</bIsWeighted>
      <QtyInPackage>1</QtyInPackage>
      <ItemPrice>10.90</ItemPrice>
      <UnitOfMeasurePrice>2.7250</UnitOfMeasurePrice>
      <AllowDiscount>1</AllowDiscount>
      <ItemStatus>1</ItemStatus>
      <ItemId>236533</ItemId>
    </Item>
    <Item>
      <PriceUpdateDate>2016-02-15 10:03:24</PriceUpdateDate>
      <ItemCode>146652</ItemCode>
      <ItemType>0</ItemType>
      <ItemName>סבון מוצק הוואי ורוד</ItemName>
      <ManufacturerName>הנקל סוד</ManufacturerName>
      <ManufactureCountry>לא ידוע</ManufactureCountry>
      <ManufacturerItemDescription>סבון מוצק הוואי ורוד4*100 גרם</ManufacturerItemDescription>
      <UnitQty>גרמים</UnitQty>
      <Quantity>400.00</Quantity>
      <UnitOfMeasure>100 גרם</UnitOfMeasure>
      <bIsWeighted>0</bIsWeighted>
      <QtyInPackage>1</QtyInPackage>
      <ItemPrice>10.90</ItemPrice>
      <UnitOfMeasurePrice>2.7250</UnitOfMeasurePrice>
      <AllowDiscount>1</AllowDiscount>
      <ItemStatus>1</ItemStatus>
      <ItemId>236534</ItemId>
    </Item>
    <Item>
      <PriceUpdateDate>2016-02-15 10:03:24</PriceUpdateDate>
      <ItemCode>146669</ItemCode>
      <ItemType>0</ItemType>
      <ItemName>סבון מוצק הוואי שמיי</ItemName>
      <ManufacturerName>הנקל סוד</ManufacturerName>
      <ManufactureCountry>לא ידוע</ManufactureCountry>
      <ManufacturerItemDescription>סבון מוצק הוואי שמיים כחולים 4*100 גרם</ManufacturerItemDescription>
      <UnitQty>גרמים</UnitQty>
      <Quantity>400.00</Quantity>
      <UnitOfMeasure>100 גרם</UnitOfMeasure>
      <bIsWeighted>0</bIsWeighted>
      <QtyInPackage>1</QtyInPackage>
      <ItemPrice>10.90</ItemPrice>
      <UnitOfMeasurePrice>2.7250</UnitOfMeasurePrice>
      <AllowDiscount>1</AllowDiscount>
      <ItemStatus>1</ItemStatus>
      <ItemId>236535</ItemId>
    </Item>
    <Item>
      <PriceUpdateDate>2015-01-01 00:00:00</PriceUpdateDate>
      <ItemCode>7290102392728</ItemCode>
      <ItemType>0</ItemType>
      <ItemName>מולר נטורל 2.8% 200</ItemName>
      <ManufacturerName>טרה</ManufacturerName>
      <ManufactureCountry>לא ידוע</ManufactureCountry>
      <ManufacturerItemDescription>מולר נטורל 2.8% 200 גרם</ManufacturerItemDescription>
      <UnitQty>גרמים</UnitQty>
      <Quantity>200.00</Quantity>
      <UnitOfMeasure>100 גרם</UnitOfMeasure>
      <bIsWeighted>0</bIsWeighted>
      <QtyInPackage>1</QtyInPackage>
      <ItemPrice>3.70</ItemPrice>
      <UnitOfMeasurePrice>1.8500</UnitOfMeasurePrice>
      <AllowDiscount>1</AllowDiscount>
      <ItemStatus>1</ItemStatus>
      <ItemId>241114</ItemId>
    </Item>
    <Item>
      <PriceUpdateDate>2015-01-01 00:00:00</PriceUpdateDate>
      <ItemCode>7290100925478</ItemCode>
      <ItemType>0</ItemType>
      <ItemName>גל כביסה פרסיל 5 ליט</ItemName>
      <ManufacturerName>הנקל סוד</ManufacturerName>
      <ManufactureCountry>לא ידוע</ManufactureCountry>
      <ManufacturerItemDescription>גל כביסה פרסיל 5 ליטר</ManufacturerItemDescription>
      <UnitQty>ליטרים</UnitQty>
      <Quantity>5.00</Quantity>
      <UnitOfMeasure>ליטר    </UnitOfMeasure>
      <bIsWeighted>0</bIsWeighted>
      <QtyInPackage>1</QtyInPackage>
      <ItemPrice>59.90</ItemPrice>
      <UnitOfMeasurePrice>11.9800</UnitOfMeasurePrice>
      <AllowDiscount>1</AllowDiscount>
      <ItemStatus>1</ItemStatus>
      <ItemId>236543</ItemId>
    </Item>
    <Item>
      <PriceUpdateDate>2016-06-26 16:50:34</PriceUpdateDate>
      <ItemCode>8571333</ItemCode>
      <ItemType>0</ItemType>
      <ItemName>קפרינה בטעמים 500 גר</ItemName>
      <ManufacturerName>,</ManufacturerName>
      <ManufactureCountry>לא ידוע</ManufactureCountry>
      <ManufacturerItemDescription>קפרינה בטעמים 500 גרם</ManufacturerItemDescription>
      <UnitQty>גרמים</UnitQty>
      <Quantity>500.00</Quantity>
      <UnitOfMeasure>100 גרם</UnitOfMeasure>
      <bIsWeighted>0</bIsWeighted>
      <QtyInPackage>1</QtyInPackage>
      <ItemPrice>32.90</ItemPrice>
      <UnitOfMeasurePrice>6.5800</UnitOfMeasurePrice>
      <AllowDiscount>1</AllowDiscount>
      <ItemStatus>1</ItemStatus>
      <ItemId>268664</ItemId>
    </Item>
    <Item>
      <PriceUpdateDate>2015-01-01 00:00:00</PriceUpdateDate>
      <ItemCode>7290013677051</ItemCode>
      <ItemType>0</ItemType>
      <ItemName>פופקורן 500 גרם סלקט</ItemName>
      <ManufacturerName>מיה תעשיות מזון בעמ</ManufacturerName>
      <ManufactureCountry>ישראל</ManufactureCountry>
      <ManufacturerItemDescription>פופקורן 500 גרם סלקטד</ManufacturerItemDescription>
      <UnitQty>גרמים</UnitQty>
      <Quantity>500.00</Quantity>
      <UnitOfMeasure>100 גרם</UnitOfMeasure>
      <bIsWeighted>0</bIsWeighted>
      <QtyInPackage>1</QtyInPackage>
      <ItemPrice>7.90</ItemPrice>
      <UnitOfMeasurePrice>1.5800</UnitOfMeasurePrice>
      <AllowDiscount>1</AllowDiscount>
      <ItemStatus>1</ItemStatus>
      <ItemId>243622</ItemId>
    </Item>
    <Item>
      <PriceUpdateDate>2015-01-01 00:00:00</PriceUpdateDate>
      <ItemCode>856591000123</ItemCode>
      <ItemType>0</ItemType>
      <ItemName>עוגיות עבאדי 700 גרם</ItemName>
      <ManufacturerName>עבאדי</ManufacturerName>
      <ManufactureCountry>ישראל</ManufactureCountry>
      <ManufacturerItemDescription>עוגיות עבאדי 700 גרם</ManufacturerItemDescription>
      <UnitQty>גרמים</UnitQty>
      <Quantity>700.00</Quantity>
      <UnitOfMeasure>100 גרם</UnitOfMeasure>
      <bIsWeighted>0</bIsWeighted>
      <QtyInPackage>1</QtyInPackage>
      <ItemPrice>18.90</ItemPrice>
      <UnitOfMeasurePrice>2.7000</UnitOfMeasurePrice>
      <AllowDiscount>1</AllowDiscount>
      <ItemStatus>1</ItemStatus>
      <ItemId>236557</ItemId>
    </Item>
    <Item>
      <PriceUpdateDate>2016-02-11 13:39:48</PriceUpdateDate>
      <ItemCode>7290104728310</ItemCode>
      <ItemType>0</ItemType>
      <ItemName>שמנת עמידה לקצפת 38%</ItemName>
      <ManufacturerName>שטראוס</ManufacturerName>
      <ManufactureCountry>ישראל</ManufactureCountry>
      <ManufacturerItemDescription>שמנת עמידה לקצפת 38% שומן 250 מל</ManufacturerItemDescription>
      <UnitQty>מיליליטרים</UnitQty>
      <Quantity>250.00</Quantity>
      <UnitOfMeasure>100 מ"ל</UnitOfMeasure>
      <bIsWeighted>0</bIsWeighted>
      <QtyInPackage>1</QtyInPackage>
      <ItemPrice>5.90</ItemPrice>
      <UnitOfMeasurePrice>2.3600</UnitOfMeasurePrice>
      <AllowDiscount>1</AllowDiscount>
      <ItemStatus>1</ItemStatus>
      <ItemId>236567</ItemId>
    </Item>
    <Item>
      <PriceUpdateDate>2015-01-01 00:00:00</PriceUpdateDate>
      <ItemCode>7290104729010</ItemCode>
      <ItemType>0</ItemType>
      <ItemName>לבן בטעם תות 100 מ"ל</ItemName>
      <ManufacturerName>שטראוס</ManufacturerName>
      <ManufactureCountry>ישראל</ManufactureCountry>
      <ManufacturerItemDescription>לבן בטעם תות 100 מל</ManufacturerItemDescription>
      <UnitQty>מיליליטרים</UnitQty>
      <Quantity>100.00</Quantity>
      <UnitOfMeasure>100 מ"ל</UnitOfMeasure>
      <bIsWeighted>0</bIsWeighted>
      <QtyInPackage>1</QtyInPackage>
      <ItemPrice>1.20</ItemPrice>
      <UnitOfMeasurePrice>1.2000</UnitOfMeasurePrice>
      <AllowDiscount>1</AllowDiscount>
      <ItemStatus>1</ItemStatus>
      <ItemId>236568</ItemId>
    </Item>
    <Item>
      <PriceUpdateDate>2015-01-01 00:00:00</PriceUpdateDate>
      <ItemCode>41858</ItemCode>
      <ItemType>0</ItemType>
      <ItemName>שמנת מועשרת בסידן וי</ItemName>
      <ManufacturerName>שטראוס</ManufacturerName>
      <ManufactureCountry>ישראל</ManufactureCountry>
      <ManufacturerItemDescription>שמנת מועשרת בסידן ויטמין די 200 גרם רובי</ManufacturerItemDescription>
      <UnitQty>מיליליטרים</UnitQty>
      <Quantity>200.00</Quantity>
      <UnitOfMeasure>100 מ"ל</UnitOfMeasure>
      <bIsWeighted>0</bIsWeighted>
      <QtyInPackage>1</QtyInPackage>
      <ItemPrice>2.50</ItemPrice>
      <UnitOfMeasurePrice>1.2500</UnitOfMeasurePrice>
      <AllowDiscount>1</AllowDiscount>
      <ItemStatus>1</ItemStatus>
      <ItemId>236569</ItemId>
    </Item>
    <Item>
      <PriceUpdateDate>2015-01-01 00:00:00</PriceUpdateDate>
      <ItemCode>4585907</ItemCode>
      <ItemType>0</ItemType>
      <ItemName>דני וניל 125 מ"ל רוב</ItemName>
      <ManufacturerName>שטראוס</ManufacturerName>
      <ManufactureCountry>ישראל</ManufactureCountry>
      <ManufacturerItemDescription>דני וניל 125 מל רובין מהדרין</ManufacturerItemDescription>
      <UnitQty>מיליליטרים</UnitQty>
      <Quantity>125.00</Quantity>
      <UnitOfMeasure>100 מ"ל</UnitOfMeasure>
      <bIsWeighted>0</bIsWeighted>
      <QtyInPackage>1</QtyInPackage>
      <ItemPrice>2.50</ItemPrice>
      <UnitOfMeasurePrice>2.0000</UnitOfMeasurePrice>
      <AllowDiscount>1</AllowDiscount>
      <ItemStatus>1</ItemStatus>
      <ItemId>236572</ItemId>
    </Item>
    <Item>
      <PriceUpdateDate>2015-01-01 00:00:00</PriceUpdateDate>
      <ItemCode>72993637</ItemCode>
      <ItemType>0</ItemType>
      <ItemName>דני שוקולד 125 מ"ל ר</ItemName>
      <ManufacturerName>שטראוס</ManufacturerName>
      <ManufactureCountry>ישראל</ManufactureCountry>
      <ManufacturerItemDescription>דני שוקולד 125 מל רובין מהדרין</ManufacturerItemDescription>
      <UnitQty>מיליליטרים</UnitQty>
      <Quantity>125.00</Quantity>
      <UnitOfMeasure>100 מ"ל</UnitOfMeasure>
      <bIsWeighted>0</bIsWeighted>
      <QtyInPackage>1</QtyInPackage>
      <ItemPrice>2.50</ItemPrice>
      <UnitOfMeasurePrice>2.0000</UnitOfMeasurePrice>
      <AllowDiscount>1</AllowDiscount>
      <ItemStatus>1</ItemStatus>
      <ItemId>236573</ItemId>
    </Item>
    <Item>
      <PriceUpdateDate>2016-02-24 13:45:14</PriceUpdateDate>
      <ItemCode>4030568</ItemCode>
      <ItemType>0</ItemType>
      <ItemName>מיץ אשכולית אדומה סח</ItemName>
      <ManufacturerName>פריניב</ManufacturerName>
      <ManufactureCountry>לא ידוע</ManufactureCountry>
      <ManufacturerItemDescription>מיץ אשכולית אדומה סחוט טרי 2 ליטר</ManufacturerItemDescription>
      <UnitQty>ליטרים</UnitQty>
      <Quantity>2.00</Quantity>
      <UnitOfMeasure>ליטר    </UnitOfMeasure>
      <bIsWeighted>0</bIsWeighted>
      <QtyInPackage>1</QtyInPackage>
      <ItemPrice>16.80</ItemPrice>
      <UnitOfMeasurePrice>8.4000</UnitOfMeasurePrice>
      <AllowDiscount>1</AllowDiscount>
      <ItemStatus>1</ItemStatus>
      <ItemId>247934</ItemId>
    </Item>
    <Item>
      <PriceUpdateDate>2016-07-07 18:05:32</PriceUpdateDate>
      <ItemCode>6730497</ItemCode>
      <ItemType>0</ItemType>
      <ItemName>מארז שלוקים 17 יח</ItemName>
      <ManufacturerName>קלית סיטבון בעמ</ManufacturerName>
      <ManufactureCountry>לא ידוע</ManufactureCountry>
      <ManufacturerItemDescription>מאר שלוקים 17 יח</ManufacturerItemDescription>
      <UnitQty>מיליליטרים</UnitQty>
      <Quantity>3.00</Quantity>
      <UnitOfMeasure>100 מ"ל</UnitOfMeasure>
      <bIsWeighted>0</bIsWeighted>
      <QtyInPackage>1</QtyInPackage>
      <ItemPrice>9.90</ItemPrice>
      <UnitOfMeasurePrice>330.0000</UnitOfMeasurePrice>
      <AllowDiscount>1</AllowDiscount>
      <ItemStatus>1</ItemStatus>
      <ItemId>268821</ItemId>
    </Item>
    <Item>
      <PriceUpdateDate>2015-11-29 10:11:06</PriceUpdateDate>
      <ItemCode>7290015347426</ItemCode>
      <ItemType>0</ItemType>
      <ItemName>סוכריות ללא סוכר קול</ItemName>
      <ManufacturerName>מיה תעשיות מזון בעמ</ManufacturerName>
      <ManufactureCountry>לא ידוע</ManufactureCountry>
      <ManufacturerItemDescription>סוכריות ללא סוכר קולה לימון 80 גרם</ManufacturerItemDescription>
      <UnitQty>גרמים</UnitQty>
      <Quantity>80.00</Quantity>
      <UnitOfMeasure>100 גרם</UnitOfMeasure>
      <bIsWeighted>0</bIsWeighted>
      <QtyInPackage>1</QtyInPackage>
      <ItemPrice>5.80</ItemPrice>
      <UnitOfMeasurePrice>7.2500</UnitOfMeasurePrice>
      <AllowDiscount>1</AllowDiscount>
      <ItemStatus>1</ItemStatus>
      <ItemId>265949</ItemId>
    </Item>
    <Item>
      <PriceUpdateDate>2015-12-28 16:25:48</PriceUpdateDate>
      <ItemCode>8717644256152</ItemCode>
      <ItemType>1</ItemType>
      <ItemName>דאו אקס שוקולד</ItemName>
      <ManufacturerName>,</ManufacturerName>
      <ManufactureCountry>לא ידוע</ManufactureCountry>
      <ManufacturerItemDescription>דאו אקס שוקולד</ManufacturerItemDescription>
      <UnitQty>מיליליטרים</UnitQty>
      <Quantity>150.00</Quantity>
      <UnitOfMeasure>100 מ"ל</UnitOfMeasure>
      <bIsWeighted>0</bIsWeighted>
      <QtyInPackage>1</QtyInPackage>
      <ItemPrice>9.90</ItemPrice>
      <UnitOfMeasurePrice>6.6000</UnitOfMeasurePrice>
      <AllowDiscount>1</AllowDiscount>
      <ItemStatus>1</ItemStatus>
      <ItemId>266266</ItemId>
    </Item>
    <Item>
      <PriceUpdateDate>2015-10-28 11:26:26</PriceUpdateDate>
      <ItemCode>7290104855382</ItemCode>
      <ItemType>0</ItemType>
      <ItemName>מיכל 2.5 ליטר 6 יח</ItemName>
      <ManufacturerName>סנטר פלאסט</ManufacturerName>
      <ManufactureCountry>לא ידוע</ManufactureCountry>
      <ManufacturerItemDescription>מיכל 2.5 ליטר 6 יח</ManufacturerItemDescription>
      <UnitQty>Unknown </UnitQty>
      <Quantity>0.00</Quantity>
      <UnitOfMeasure>Unknown </UnitOfMeasure>
      <bIsWeighted>0</bIsWeighted>
      <QtyInPackage>1</QtyInPackage>
      <ItemPrice>19.90</ItemPrice>
      <UnitOfMeasurePrice>0.0000</UnitOfMeasurePrice>
      <AllowDiscount>1</AllowDiscount>
      <ItemStatus>1</ItemStatus>
      <ItemId>265681</ItemId>
    </Item>
    <Item>
      <PriceUpdateDate>2016-05-25 16:15:16</PriceUpdateDate>
      <ItemCode>7290016057010</ItemCode>
      <ItemType>1</ItemType>
      <ItemName>מלפפון בלאדי</ItemName>
      <ManufacturerName>,</ManufacturerName>
      <ManufactureCountry>לא ידוע</ManufactureCountry>
      <ManufacturerItemDescription>מלפפון בייבי</ManufacturerItemDescription>
      <UnitQty>Unknown </UnitQty>
      <Quantity>0.00</Quantity>
      <UnitOfMeasure>Unknown </UnitOfMeasure>
      <bIsWeighted>0</bIsWeighted>
      <QtyInPackage>1</QtyInPackage>
      <ItemPrice>6.90</ItemPrice>
      <UnitOfMeasurePrice>0.0000</UnitOfMeasurePrice>
      <AllowDiscount>1</AllowDiscount>
      <ItemStatus>1</ItemStatus>
      <ItemId>268017</ItemId>
    </Item>
    <Item>
      <PriceUpdateDate>2016-07-17 16:25:34</PriceUpdateDate>
      <ItemCode>7290016078503</ItemCode>
      <ItemType>0</ItemType>
      <ItemName>מארז פרינגלס מידי או</ItemName>
      <ManufacturerName>פרינגלס</ManufacturerName>
      <ManufactureCountry>ארצות הברית</ManufactureCountry>
      <ManufacturerItemDescription>מארז פרינגלס מידי אורגינל 12 יח</ManufacturerItemDescription>
      <UnitQty>גרמים</UnitQty>
      <Quantity>804.00</Quantity>
      <UnitOfMeasure>100 גרם</UnitOfMeasure>
      <bIsWeighted>0</bIsWeighted>
      <QtyInPackage>1</QtyInPackage>
      <ItemPrice>39.90</ItemPrice>
      <UnitOfMeasurePrice>4.9627</UnitOfMeasurePrice>
      <AllowDiscount>1</AllowDiscount>
      <ItemStatus>1</ItemStatus>
      <ItemId>268872</ItemId>
    </Item>
    <Item>
      <PriceUpdateDate>2015-01-01 00:00:00</PriceUpdateDate>
      <ItemCode>7290104726224</ItemCode>
      <ItemType>0</ItemType>
      <ItemName>לימבו פטל 125 גרם</ItemName>
      <ManufacturerName>שטראוס</ManufacturerName>
      <ManufactureCountry>ישראל</ManufactureCountry>
      <ManufacturerItemDescription>לימבו פטל 125 גרם</ManufacturerItemDescription>
      <UnitQty>מיליליטרים</UnitQty>
      <Quantity>125.00</Quantity>
      <UnitOfMeasure>100 מ"ל</UnitOfMeasure>
      <bIsWeighted>0</bIsWeighted>
      <QtyInPackage>1</QtyInPackage>
      <ItemPrice>1.90</ItemPrice>
      <UnitOfMeasurePrice>1.5200</UnitOfMeasurePrice>
      <AllowDiscount>1</AllowDiscount>
      <ItemStatus>1</ItemStatus>
      <ItemId>236580</ItemId>
    </Item>
    <Item>
      <PriceUpdateDate>2015-12-02 18:31:22</PriceUpdateDate>
      <ItemCode>386594168525</ItemCode>
      <ItemType>1</ItemType>
      <ItemName>מחזיק נר הבדלה חד פע</ItemName>
      <ManufacturerName>,</ManufacturerName>
      <ManufactureCountry>לא ידוע</ManufactureCountry>
      <ManufacturerItemDescription>מחזיק נר הבדלה חד פעמי 2 יח</ManufacturerItemDescription>
      <UnitQty>Unknown </UnitQty>
      <Quantity>0.00</Quantity>
      <UnitOfMeasure>Unknown </UnitOfMeasure>
      <bIsWeighted>0</bIsWeighted>
      <QtyInPackage>1</QtyInPackage>
      <ItemPrice>3.90</ItemPrice>
      <UnitOfMeasurePrice>0.0000</UnitOfMeasurePrice>
      <AllowDiscount>1</AllowDiscount>
      <ItemStatus>1</ItemStatus>
      <ItemId>265988</ItemId>
    </Item>
    <Item>
      <PriceUpdateDate>2016-04-13 08:24:05</PriceUpdateDate>
      <ItemCode>6779847</ItemCode>
      <ItemType>0</ItemType>
      <ItemName>תירוש ענבים בטעם תפו</ItemName>
      <ManufacturerName>,</ManufacturerName>
      <ManufactureCountry>לא ידוע</ManufactureCountry>
      <ManufacturerItemDescription>תירוש ענבים בטעם תפוח 1 ליטר</ManufacturerItemDescription>
      <UnitQty>ליטרים</UnitQty>
      <Quantity>1.00</Quantity>
      <UnitOfMeasure>ליטר    </UnitOfMeasure>
      <bIsWeighted>0</bIsWeighted>
      <QtyInPackage>1</QtyInPackage>
      <ItemPrice>12.90</ItemPrice>
      <UnitOfMeasurePrice>12.9000</UnitOfMeasurePrice>
      <AllowDiscount>1</AllowDiscount>
      <ItemStatus>1</ItemStatus>
      <ItemId>267777</ItemId>
    </Item>
    <Item>
      <PriceUpdateDate>2015-01-01 00:00:00</PriceUpdateDate>
      <ItemCode>7290014791558</ItemCode>
      <ItemType>0</ItemType>
      <ItemName>רביעיית שוופס סודה נ</ItemName>
      <ManufacturerName>יפאורה תבורי</ManufacturerName>
      <ManufactureCountry>לא ידוע</ManufactureCountry>
      <ManufacturerItemDescription>שוופס סודה נענע ליים רביעייה * 1.5 ליטר</ManufacturerItemDescription>
      <UnitQty>ליטרים</UnitQty>
      <Quantity>6.00</Quantity>
      <UnitOfMeasure>ליטר    </UnitOfMeasure>
      <bIsWeighted>0</bIsWeighted>
      <QtyInPackage>1</QtyInPackage>
      <ItemPrice>9.90</ItemPrice>
      <UnitOfMeasurePrice>1.6500</UnitOfMeasurePrice>
      <AllowDiscount>1</AllowDiscount>
      <ItemStatus>1</ItemStatus>
      <ItemId>253199</ItemId>
    </Item>
    <Item>
      <PriceUpdateDate>2015-01-01 00:00:00</PriceUpdateDate>
      <ItemCode>7290104960345</ItemCode>
      <ItemType>0</ItemType>
      <ItemName>אל סבון ארומה הדרים</ItemName>
      <ManufacturerName>,</ManufacturerName>
      <ManufactureCountry>לא ידוע</ManufactureCountry>
      <ManufacturerItemDescription>אל סבון ארומה הדרים וגינגר 750 מ"ל</ManufacturerItemDescription>
      <UnitQty>מיליליטרים</UnitQty>
      <Quantity>7.00</Quantity>
      <UnitOfMeasure>100 מ"ל</UnitOfMeasure>
      <bIsWeighted>0</bIsWeighted>
      <QtyInPackage>1</QtyInPackage>
      <ItemPrice>12.90</ItemPrice>
      <UnitOfMeasurePrice>184.2857</UnitOfMeasurePrice>
      <AllowDiscount>1</AllowDiscount>
      <ItemStatus>1</ItemStatus>
      <ItemId>236587</ItemId>
    </Item>
    <Item>
      <PriceUpdateDate>2015-01-01 00:00:00</PriceUpdateDate>
      <ItemCode>7290013302175</ItemCode>
      <ItemType>0</ItemType>
      <ItemName>פריכיות אורז טבעי</ItemName>
      <ManufacturerName>,</ManufacturerName>
      <ManufactureCountry>לא ידוע</ManufactureCountry>
      <ManufacturerItemDescription>פריכיות אורז טבעי 130 גרם  בד"צ עד"ח</ManufacturerItemDescription>
      <UnitQty>גרמים</UnitQty>
      <Quantity>130.00</Quantity>
      <UnitOfMeasure>100 גרם</UnitOfMeasure>
      <bIsWeighted>0</bIsWeighted>
      <QtyInPackage>1</QtyInPackage>
      <ItemPrice>6.50</ItemPrice>
      <UnitOfMeasurePrice>5.0000</UnitOfMeasurePrice>
      <AllowDiscount>1</AllowDiscount>
      <ItemStatus>1</ItemStatus>
      <ItemId>236593</ItemId>
    </Item>
    <Item>
      <PriceUpdateDate>2015-01-01 00:00:00</PriceUpdateDate>
      <ItemCode>6736666</ItemCode>
      <ItemType>0</ItemType>
      <ItemName>רוסט סלמון מעושן פרו</ItemName>
      <ManufacturerName>מעדני מיקי תעשיות מז</ManufacturerName>
      <ManufactureCountry>לא ידוע</ManufactureCountry>
      <ManufacturerItemDescription>רוסט סלמון מעושן פרוס 700 גרם</ManufacturerItemDescription>
      <UnitQty>גרמים</UnitQty>
      <Quantity>700.00</Quantity>
      <UnitOfMeasure>100 גרם</UnitOfMeasure>
      <bIsWeighted>0</bIsWeighted>
      <QtyInPackage>1</QtyInPackage>
      <ItemPrice>49.90</ItemPrice>
      <UnitOfMeasurePrice>7.1286</UnitOfMeasurePrice>
      <AllowDiscount>1</AllowDiscount>
      <ItemStatus>1</ItemStatus>
      <ItemId>251807</ItemId>
    </Item>
    <Item>
      <PriceUpdateDate>2015-01-01 00:00:00</PriceUpdateDate>
      <ItemCode>7290013702111</ItemCode>
      <ItemType>0</ItemType>
      <ItemName>מארז 1/4 ספרינג תה א</ItemName>
      <ManufacturerName>יפאורה תבורי</ManufacturerName>
      <ManufactureCountry>לא ידוע</ManufactureCountry>
      <ManufacturerItemDescription>מארז 1/4 ספרינג תה אפרסק 1.5 ליטר</ManufacturerItemDescription>
      <UnitQty>ליטרים</UnitQty>
      <Quantity>6.00</Quantity>
      <UnitOfMeasure>ליטר    </UnitOfMeasure>
      <bIsWeighted>0</bIsWeighted>
      <QtyInPackage>1</QtyInPackage>
      <ItemPrice>16.90</ItemPrice>
      <UnitOfMeasurePrice>2.8167</UnitOfMeasurePrice>
      <AllowDiscount>1</AllowDiscount>
      <ItemStatus>1</ItemStatus>
      <ItemId>236629</ItemId>
    </Item>
    <Item>
      <PriceUpdateDate>2015-01-01 00:00:00</PriceUpdateDate>
      <ItemCode>7290011308780</ItemCode>
      <ItemType>0</ItemType>
      <ItemName>בייגלה טבעות שומשום</ItemName>
      <ManufacturerName>יוניליוור</ManufacturerName>
      <ManufactureCountry>ישראל</ManufactureCountry>
      <ManufacturerItemDescription>בייגלה טבעות שומשום 300 גרם</ManufacturerItemDescription>
      <UnitQty>גרמים</UnitQty>
      <Quantity>300.00</Quantity>
      <UnitOfMeasure>100 גרם</UnitOfMeasure>
      <bIsWeighted>0</bIsWeighted>
      <QtyInPackage>1</QtyInPackage>
      <ItemPrice>8.90</ItemPrice>
      <UnitOfMeasurePrice>2.9667</UnitOfMeasurePrice>
      <AllowDiscount>1</AllowDiscount>
      <ItemStatus>1</ItemStatus>
      <ItemId>236635</ItemId>
    </Item>
    <Item>
      <PriceUpdateDate>2016-06-26 16:50:34</PriceUpdateDate>
      <ItemCode>8571296</ItemCode>
      <ItemType>0</ItemType>
      <ItemName>רולדה 450 גרם</ItemName>
      <ManufacturerName>,</ManufacturerName>
      <ManufactureCountry>לא ידוע</ManufactureCountry>
      <ManufacturerItemDescription>רולדה 450 גרם</ManufacturerItemDescription>
      <UnitQty>גרמים</UnitQty>
      <Quantity>450.00</Quantity>
      <UnitOfMeasure>100 גרם</UnitOfMeasure>
      <bIsWeighted>0</bIsWeighted>
      <QtyInPackage>1</QtyInPackage>
      <ItemPrice>25.90</ItemPrice>
      <UnitOfMeasurePrice>5.7556</UnitOfMeasurePrice>
      <AllowDiscount>1</AllowDiscount>
      <ItemStatus>1</ItemStatus>
      <ItemId>268665</ItemId>
    </Item>
    <Item>
      <PriceUpdateDate>2015-01-01 00:00:00</PriceUpdateDate>
      <ItemCode>16000423534</ItemCode>
      <ItemType>0</ItemType>
      <ItemName>קראנצי שיבולת שועל ש</ItemName>
      <ManufacturerName>גנרל מילס</ManufacturerName>
      <ManufactureCountry>ארצות הברית</ManufactureCountry>
      <ManufacturerItemDescription>קראנצי שיבולת שועל שוקולד נייטשר וואלי</ManufacturerItemDescription>
      <UnitQty>גרמים</UnitQty>
      <Quantity>210.00</Quantity>
      <UnitOfMeasure>100 גרם</UnitOfMeasure>
      <bIsWeighted>0</bIsWeighted>
      <QtyInPackage>1</QtyInPackage>
      <ItemPrice>18.90</ItemPrice>
      <UnitOfMeasurePrice>9.0000</UnitOfMeasurePrice>
      <AllowDiscount>1</AllowDiscount>
      <ItemStatus>1</ItemStatus>
      <ItemId>236640</ItemId>
    </Item>
    <Item>
      <PriceUpdateDate>2016-05-11 10:11:13</PriceUpdateDate>
      <ItemCode>25675124172</ItemCode>
      <ItemType>0</ItemType>
      <ItemName>לקקנים במילוי  טופי</ItemName>
      <ManufacturerName>,</ManufacturerName>
      <ManufactureCountry>לא ידוע</ManufactureCountry>
      <ManufacturerItemDescription>לקקנים במילוי  טופי פירות 340 גרם פשקס</ManufacturerItemDescription>
      <UnitQty>גרמים</UnitQty>
      <Quantity>340.00</Quantity>
      <UnitOfMeasure>100 גרם</UnitOfMeasure>
      <bIsWeighted>0</bIsWeighted>
      <QtyInPackage>1</QtyInPackage>
      <ItemPrice>11.90</ItemPrice>
      <UnitOfMeasurePrice>3.5000</UnitOfMeasurePrice>
      <AllowDiscount>1</AllowDiscount>
      <ItemStatus>1</ItemStatus>
      <ItemId>268103</ItemId>
    </Item>
    <Item>
      <PriceUpdateDate>2016-04-13 08:24:06</PriceUpdateDate>
      <ItemCode>6779854</ItemCode>
      <ItemType>0</ItemType>
      <ItemName>תירוש ענבים בטעם פסי</ItemName>
      <ManufacturerName>,</ManufacturerName>
      <ManufactureCountry>לא ידוע</ManufactureCountry>
      <ManufacturerItemDescription>תירוש ענבים בטעם פסיפלורה 1 ליטר</ManufacturerItemDescription>
      <UnitQty>ליטרים</UnitQty>
      <Quantity>1.00</Quantity>
      <UnitOfMeasure>ליטר    </UnitOfMeasure>
      <bIsWeighted>0</bIsWeighted>
      <QtyInPackage>1</QtyInPackage>
      <ItemPrice>12.90</ItemPrice>
      <UnitOfMeasurePrice>12.9000</UnitOfMeasurePrice>
      <AllowDiscount>1</AllowDiscount>
      <ItemStatus>1</ItemStatus>
      <ItemId>267778</ItemId>
    </Item>
    <Item>
      <PriceUpdateDate>2016-02-05 07:18:42</PriceUpdateDate>
      <ItemCode>3514052</ItemCode>
      <ItemType>0</ItemType>
      <ItemName>קראנצוס פלאפל 70 גרם</ItemName>
      <ManufacturerName>מנה</ManufacturerName>
      <ManufactureCountry>ישראל</ManufactureCountry>
      <ManufacturerItemDescription>קראנצוס פלאפל 70 גרם</ManufacturerItemDescription>
      <UnitQty>גרמים</UnitQty>
      <Quantity>70.00</Quantity>
      <UnitOfMeasure>100 גרם</UnitOfMeasure>
      <bIsWeighted>0</bIsWeighted>
      <QtyInPackage>1</QtyInPackage>
      <ItemPrice>1.90</ItemPrice>
      <UnitOfMeasurePrice>2.7143</UnitOfMeasurePrice>
      <AllowDiscount>1</AllowDiscount>
      <ItemStatus>1</ItemStatus>
      <ItemId>236651</ItemId>
    </Item>
    <Item>
      <PriceUpdateDate>2016-02-05 07:18:48</PriceUpdateDate>
      <ItemCode>3514069</ItemCode>
      <ItemType>0</ItemType>
      <ItemName>קראנצוס בצל 70 גרם</ItemName>
      <ManufacturerName>מנה</ManufacturerName>
      <ManufactureCountry>ישראל</ManufactureCountry>
      <ManufacturerItemDescription>קראנצוס בצל 70 גרם</ManufacturerItemDescription>
      <UnitQty>גרמים</UnitQty>
      <Quantity>70.00</Quantity>
      <UnitOfMeasure>100 גרם</UnitOfMeasure>
      <bIsWeighted>0</bIsWeighted>
      <QtyInPackage>1</QtyInPackage>
      <ItemPrice>1.90</ItemPrice>
      <UnitOfMeasurePrice>2.7143</UnitOfMeasurePrice>
      <AllowDiscount>1</AllowDiscount>
      <ItemStatus>1</ItemStatus>
      <ItemId>236652</ItemId>
    </Item>
    <Item>
      <PriceUpdateDate>2015-01-01 00:00:00</PriceUpdateDate>
      <ItemCode>7290101864127</ItemCode>
      <ItemType>0</ItemType>
      <ItemName>קליה ספריי 750 מ"ל</ItemName>
      <ManufacturerName>רקיט בנקיזר</ManufacturerName>
      <ManufactureCountry>פולין</ManufactureCountry>
      <ManufacturerItemDescription>קליה ספריי 750 מל</ManufacturerItemDescription>
      <UnitQty>מיליליטרים</UnitQty>
      <Quantity>750.00</Quantity>
      <UnitOfMeasure>100 מ"ל</UnitOfMeasure>
      <bIsWeighted>0</bIsWeighted>
      <QtyInPackage>1</QtyInPackage>
      <ItemPrice>14.90</ItemPrice>
      <UnitOfMeasurePrice>1.9867</UnitOfMeasurePrice>
      <AllowDiscount>1</AllowDiscount>
      <ItemStatus>1</ItemStatus>
      <ItemId>244776</ItemId>
    </Item>
    <Item>
      <PriceUpdateDate>2015-01-01 00:00:00</PriceUpdateDate>
      <ItemCode>3438907</ItemCode>
      <ItemType>0</ItemType>
      <ItemName>ממרח אוליביה ויקול ש</ItemName>
      <ManufacturerName>,</ManufacturerName>
      <ManufactureCountry>לא ידוע</ManufactureCountry>
      <ManufacturerItemDescription>ממרח אוליביה ויקול שמן זית גביע 150 גרם</ManufacturerItemDescription>
      <UnitQty>גרמים</UnitQty>
      <Quantity>150.00</Quantity>
      <UnitOfMeasure>100 גרם</UnitOfMeasure>
      <bIsWeighted>0</bIsWeighted>
      <QtyInPackage>1</QtyInPackage>
      <ItemPrice>8.90</ItemPrice>
      <UnitOfMeasurePrice>5.9333</UnitOfMeasurePrice>
      <AllowDiscount>1</AllowDiscount>
      <ItemStatus>1</ItemStatus>
      <ItemId>248785</ItemId>
    </Item>
    <Item>
      <PriceUpdateDate>2015-01-01 00:00:00</PriceUpdateDate>
      <ItemCode>710069811003</ItemCode>
      <ItemType>0</ItemType>
      <ItemName>מיונז 946 גרם</ItemName>
      <ManufacturerName>,</ManufacturerName>
      <ManufactureCountry>לא ידוע</ManufactureCountry>
      <ManufacturerItemDescription>מיונז 946 גרם</ManufacturerItemDescription>
      <UnitQty>גרמים</UnitQty>
      <Quantity>946.00</Quantity>
      <UnitOfMeasure>100 גרם</UnitOfMeasure>
      <bIsWeighted>0</bIsWeighted>
      <QtyInPackage>1</QtyInPackage>
      <ItemPrice>16.90</ItemPrice>
      <UnitOfMeasurePrice>1.7865</UnitOfMeasurePrice>
      <AllowDiscount>1</AllowDiscount>
      <ItemStatus>1</ItemStatus>
      <ItemId>247145</ItemId>
    </Item>
    <Item>
      <PriceUpdateDate>2015-12-24 12:17:55</PriceUpdateDate>
      <ItemCode>7290013677662</ItemCode>
      <ItemType>0</ItemType>
      <ItemName>מלח לימון 700 גרם צנ</ItemName>
      <ManufacturerName>,</ManufacturerName>
      <ManufactureCountry>לא ידוע</ManufactureCountry>
      <ManufacturerItemDescription>מלח לימון 700 גרם צנצנת</ManufacturerItemDescription>
      <UnitQty>גרמים</UnitQty>
      <Quantity>700.00</Quantity>
      <UnitOfMeasure>100 גרם</UnitOfMeasure>
      <bIsWeighted>0</bIsWeighted>
      <QtyInPackage>1</QtyInPackage>
      <ItemPrice>9.90</ItemPrice>
      <UnitOfMeasurePrice>1.4143</UnitOfMeasurePrice>
      <AllowDiscount>1</AllowDiscount>
      <ItemStatus>1</ItemStatus>
      <ItemId>236779</ItemId>
    </Item>
    <Item>
      <PriceUpdateDate>2015-12-24 12:17:55</PriceUpdateDate>
      <ItemCode>7290013677655</ItemCode>
      <ItemType>0</ItemType>
      <ItemName>סודה לשתייה 600 גרם</ItemName>
      <ManufacturerName>,</ManufacturerName>
      <ManufactureCountry>לא ידוע</ManufactureCountry>
      <ManufacturerItemDescription>סודה לשתייה 600 גרם בצנצנת</ManufacturerItemDescription>
      <UnitQty>גרמים</UnitQty>
      <Quantity>600.00</Quantity>
      <UnitOfMeasure>100 גרם</UnitOfMeasure>
      <bIsWeighted>0</bIsWeighted>
      <QtyInPackage>1</QtyInPackage>
      <ItemPrice>9.90</ItemPrice>
      <UnitOfMeasurePrice>1.6500</UnitOfMeasurePrice>
      <AllowDiscount>1</AllowDiscount>
      <ItemStatus>1</ItemStatus>
      <ItemId>236780</ItemId>
    </Item>
    <Item>
      <PriceUpdateDate>2016-03-04 10:14:20</PriceUpdateDate>
      <ItemCode>7290104856105</ItemCode>
      <ItemType>1</ItemType>
      <ItemName>מגש קינוחית לב + מכס</ItemName>
      <ManufacturerName>,</ManufacturerName>
      <ManufactureCountry>לא ידוע</ManufactureCountry>
      <ManufacturerItemDescription>מגש קינוחית</ManufacturerItemDescription>
      <UnitQty>Unknown </UnitQty>
      <Quantity>0.00</Quantity>
      <UnitOfMeasure>Unknown </UnitOfMeasure>
      <bIsWeighted>0</bIsWeighted>
      <QtyInPackage>1</QtyInPackage>
      <ItemPrice>13.90</ItemPrice>
      <UnitOfMeasurePrice>0.0000</UnitOfMeasurePrice>
      <AllowDiscount>1</AllowDiscount>
      <ItemStatus>1</ItemStatus>
      <ItemId>267034</ItemId>
    </Item>
    <Item>
      <PriceUpdateDate>2015-10-12 11:01:15</PriceUpdateDate>
      <ItemCode>7290101980773</ItemCode>
      <ItemType>1</ItemType>
      <ItemName>צנונית ארוזה 500 ג</ItemName>
      <ManufacturerName>,</ManufacturerName>
      <ManufactureCountry>לא ידוע</ManufactureCountry>
      <ManufacturerItemDescription>צנונית ארוזה 500 ג</ManufacturerItemDescription>
      <UnitQty>לא מנהל יחידת מידה</UnitQty>
      <Quantity>0.00</Quantity>
      <UnitOfMeasure>לא מנהל יחידת מידה</UnitOfMeasure>
      <bIsWeighted>0</bIsWeighted>
      <QtyInPackage>1</QtyInPackage>
      <ItemPrice>4.90</ItemPrice>
      <UnitOfMeasurePrice>0.0000</UnitOfMeasurePrice>
      <AllowDiscount>1</AllowDiscount>
      <ItemStatus>1</ItemStatus>
      <ItemId>265430</ItemId>
    </Item>
    <Item>
      <PriceUpdateDate>2016-03-30 15:11:08</PriceUpdateDate>
      <ItemCode>7290109350035</ItemCode>
      <ItemType>0</ItemType>
      <ItemName>מארז במבה 17*25 גרם</ItemName>
      <ManufacturerName>גבעול</ManufacturerName>
      <ManufactureCountry>ישראל</ManufactureCountry>
      <ManufacturerItemDescription>מארז במבה 17*25 גרם</ManufacturerItemDescription>
      <UnitQty>גרמים</UnitQty>
      <Quantity>425.00</Quantity>
      <UnitOfMeasure>100 גרם</UnitOfMeasure>
      <bIsWeighted>0</bIsWeighted>
      <QtyInPackage>1</QtyInPackage>
      <ItemPrice>16.90</ItemPrice>
      <UnitOfMeasurePrice>3.9765</UnitOfMeasurePrice>
      <AllowDiscount>1</AllowDiscount>
      <ItemStatus>1</ItemStatus>
      <ItemId>267634</ItemId>
    </Item>
    <Item>
      <PriceUpdateDate>2015-09-20 12:26:34</PriceUpdateDate>
      <ItemCode>5099864006377</ItemCode>
      <ItemType>0</ItemType>
      <ItemName>סימילאק שלב 1 מהדרין</ItemName>
      <ManufacturerName>אבוט</ManufacturerName>
      <ManufactureCountry>לא ידוע</ManufactureCountry>
      <ManufacturerItemDescription>סימילאק שלב 1 מהדרין 900 גרם</ManufacturerItemDescription>
      <UnitQty>גרמים</UnitQty>
      <Quantity>900.00</Quantity>
      <UnitOfMeasure>100 גרם</UnitOfMeasure>
      <bIsWeighted>0</bIsWeighted>
      <QtyInPackage>1</QtyInPackage>
      <ItemPrice>74.90</ItemPrice>
      <UnitOfMeasurePrice>8.3222</UnitOfMeasurePrice>
      <AllowDiscount>1</AllowDiscount>
      <ItemStatus>1</ItemStatus>
      <ItemId>236785</ItemId>
    </Item>
    <Item>
      <PriceUpdateDate>2015-09-20 12:26:34</PriceUpdateDate>
      <ItemCode>5099864006384</ItemCode>
      <ItemType>0</ItemType>
      <ItemName>סימילאק שלב 2 מהדרין</ItemName>
      <ManufacturerName>אבוט</ManufacturerName>
      <ManufactureCountry>לא ידוע</ManufactureCountry>
      <ManufacturerItemDescription>סימילאק שלב 2 מהדרין 900 גרם</ManufacturerItemDescription>
      <UnitQty>גרמים</UnitQty>
      <Quantity>900.00</Quantity>
      <UnitOfMeasure>100 גרם</UnitOfMeasure>
      <bIsWeighted>0</bIsWeighted>
      <QtyInPackage>1</QtyInPackage>
      <ItemPrice>74.90</ItemPrice>
      <UnitOfMeasurePrice>8.3222</UnitOfMeasurePrice>
      <AllowDiscount>1</AllowDiscount>
      <ItemStatus>1</ItemStatus>
      <ItemId>236786</ItemId>
    </Item>
    <Item>
      <PriceUpdateDate>2015-09-20 12:26:34</PriceUpdateDate>
      <ItemCode>5099864006391</ItemCode>
      <ItemType>0</ItemType>
      <ItemName>סימילאק שלב 3 מהדרין</ItemName>
      <ManufacturerName>אבוט</ManufacturerName>
      <ManufactureCountry>לא ידוע</ManufactureCountry>
      <ManufacturerItemDescription>סימילאק שלב 3 מהדרין 900 גרם</ManufacturerItemDescription>
      <UnitQty>גרמים</UnitQty>
      <Quantity>900.00</Quantity>
      <UnitOfMeasure>100 גרם</UnitOfMeasure>
      <bIsWeighted>0</bIsWeighted>
      <QtyInPackage>1</QtyInPackage>
      <ItemPrice>74.90</ItemPrice>
      <UnitOfMeasurePrice>8.3222</UnitOfMeasurePrice>
      <AllowDiscount>1</AllowDiscount>
      <ItemStatus>1</ItemStatus>
      <ItemId>236787</ItemId>
    </Item>
    <Item>
      <PriceUpdateDate>2016-05-18 16:53:31</PriceUpdateDate>
      <ItemCode>62</ItemCode>
      <ItemType>0</ItemType>
      <ItemName>כרובית יח</ItemName>
      <ManufacturerName>,</ManufacturerName>
      <ManufactureCountry>לא ידוע</ManufactureCountry>
      <ManufacturerItemDescription>כרובית יח</ManufacturerItemDescription>
      <UnitQty>Unknown </UnitQty>
      <Quantity>0.00</Quantity>
      <UnitOfMeasure>Unknown </UnitOfMeasure>
      <bIsWeighted>0</bIsWeighted>
      <QtyInPackage>לא ידוע</QtyInPackage>
      <ItemPrice>5.90</ItemPrice>
      <UnitOfMeasurePrice>0.0000</UnitOfMeasurePrice>
      <AllowDiscount>1</AllowDiscount>
      <ItemStatus>1</ItemStatus>
      <ItemId>266160</ItemId>
    </Item>
    <Item>
      <PriceUpdateDate>2016-02-11 13:46:51</PriceUpdateDate>
      <ItemCode>1201688</ItemCode>
      <ItemType>0</ItemType>
      <ItemName>ביצים 60 יח גדול</ItemName>
      <ManufacturerName>,</ManufacturerName>
      <ManufactureCountry>לא ידוע</ManufactureCountry>
      <ManufacturerItemDescription>ביצים 60 יח גדול</ManufacturerItemDescription>
      <UnitQty>Unknown </UnitQty>
      <Quantity>0.00</Quantity>
      <UnitOfMeasure>Unknown </UnitOfMeasure>
      <bIsWeighted>0</bIsWeighted>
      <QtyInPackage>1</QtyInPackage>
      <ItemPrice>56.50</ItemPrice>
      <UnitOfMeasurePrice>0.0000</UnitOfMeasurePrice>
      <AllowDiscount>1</AllowDiscount>
      <ItemStatus>1</ItemStatus>
      <ItemId>236811</ItemId>
    </Item>
    <Item>
      <PriceUpdateDate>2015-06-30 12:13:09</PriceUpdateDate>
      <ItemCode>240558</ItemCode>
      <ItemType>0</ItemType>
      <ItemName>עלי בלינצס 700 גרם</ItemName>
      <ManufacturerName>מעדנות</ManufacturerName>
      <ManufactureCountry>לא ידוע</ManufactureCountry>
      <ManufacturerItemDescription>עלי בלינצס 700 גרם</ManufacturerItemDescription>
      <UnitQty>גרמים</UnitQty>
      <Quantity>700.00</Quantity>
      <UnitOfMeasure>100 גרם</UnitOfMeasure>
      <bIsWeighted>0</bIsWeighted>
      <QtyInPackage>1</QtyInPackage>
      <ItemPrice>25.90</ItemPrice>
      <UnitOfMeasurePrice>3.7000</UnitOfMeasurePrice>
      <AllowDiscount>1</AllowDiscount>
      <ItemStatus>1</ItemStatus>
      <ItemId>236822</ItemId>
    </Item>
    <Item>
      <PriceUpdateDate>2015-01-01 00:00:00</PriceUpdateDate>
      <ItemCode>7290102393947</ItemCode>
      <ItemType>0</ItemType>
      <ItemName>מולר סימפלי פרוט  קי</ItemName>
      <ManufacturerName>טרה</ManufacturerName>
      <ManufactureCountry>לא ידוע</ManufactureCountry>
      <ManufacturerItemDescription>מולר סימפלי פרוט  קיווי 150 גרם</ManufacturerItemDescription>
      <UnitQty>גרמים</UnitQty>
      <Quantity>150.00</Quantity>
      <UnitOfMeasure>100 גרם</UnitOfMeasure>
      <bIsWeighted>0</bIsWeighted>
      <QtyInPackage>1</QtyInPackage>
      <ItemPrice>4.80</ItemPrice>
      <UnitOfMeasurePrice>3.2000</UnitOfMeasurePrice>
      <AllowDiscount>1</AllowDiscount>
      <ItemStatus>1</ItemStatus>
      <ItemId>236862</ItemId>
    </Item>
    <Item>
      <PriceUpdateDate>2016-06-02 15:36:14</PriceUpdateDate>
      <ItemCode>7290016220179</ItemCode>
      <ItemType>1</ItemType>
      <ItemName>יוגורט אפרסק 3% 1 לי</ItemName>
      <ManufacturerName>בר בכפר די אנד די</ManufacturerName>
      <ManufactureCountry>ישראל</ManufactureCountry>
      <ManufacturerItemDescription>יוגורט אפרסק 3% 1 ליטר</ManufacturerItemDescription>
      <UnitQty>ליטרים</UnitQty>
      <Quantity>1.00</Quantity>
      <UnitOfMeasure>ליטר    </UnitOfMeasure>
      <bIsWeighted>0</bIsWeighted>
      <QtyInPackage>1</QtyInPackage>
      <ItemPrice>12.90</ItemPrice>
      <UnitOfMeasurePrice>12.9000</UnitOfMeasurePrice>
      <AllowDiscount>1</AllowDiscount>
      <ItemStatus>1</ItemStatus>
      <ItemId>268362</ItemId>
    </Item>
    <Item>
      <PriceUpdateDate>2015-01-01 00:00:00</PriceUpdateDate>
      <ItemCode>7290102394081</ItemCode>
      <ItemType>0</ItemType>
      <ItemName>יוגורט מולר מיקס יוג</ItemName>
      <ManufacturerName>טרה</ManufacturerName>
      <ManufactureCountry>לא ידוע</ManufactureCountry>
      <ManufacturerItemDescription>מולר מיקס יוגורט בתוספת קורנפלקס164 גרם</ManufacturerItemDescription>
      <UnitQty>גרמים</UnitQty>
      <Quantity>170.00</Quantity>
      <UnitOfMeasure>100 גרם</UnitOfMeasure>
      <bIsWeighted>0</bIsWeighted>
      <QtyInPackage>1</QtyInPackage>
      <ItemPrice>5.60</ItemPrice>
      <UnitOfMeasurePrice>3.2941</UnitOfMeasurePrice>
      <AllowDiscount>1</AllowDiscount>
      <ItemStatus>1</ItemStatus>
      <ItemId>236866</ItemId>
    </Item>
    <Item>
      <PriceUpdateDate>2015-01-01 00:00:00</PriceUpdateDate>
      <ItemCode>8571098</ItemCode>
      <ItemType>0</ItemType>
      <ItemName>רולדה 450 גרם</ItemName>
      <ManufacturerName>,</ManufacturerName>
      <ManufactureCountry>לא ידוע</ManufactureCountry>
      <ManufacturerItemDescription>רולדה בטעמים 450 גרם</ManufacturerItemDescription>
      <UnitQty>גרמים</UnitQty>
      <Quantity>450.00</Quantity>
      <UnitOfMeasure>100 גרם</UnitOfMeasure>
      <bIsWeighted>0</bIsWeighted>
      <QtyInPackage>1</QtyInPackage>
      <ItemPrice>19.90</ItemPrice>
      <UnitOfMeasurePrice>4.4222</UnitOfMeasurePrice>
      <AllowDiscount>1</AllowDiscount>
      <ItemStatus>1</ItemStatus>
      <ItemId>236867</ItemId>
    </Item>
    <Item>
      <PriceUpdateDate>2015-01-01 00:00:00</PriceUpdateDate>
      <ItemCode>8571104</ItemCode>
      <ItemType>0</ItemType>
      <ItemName>פחזניות 420 גרם</ItemName>
      <ManufacturerName>,</ManufacturerName>
      <ManufactureCountry>לא ידוע</ManufactureCountry>
      <ManufacturerItemDescription>פחזניות 420 גרם</ManufacturerItemDescription>
      <UnitQty>גרמים</UnitQty>
      <Quantity>420.00</Quantity>
      <UnitOfMeasure>100 גרם</UnitOfMeasure>
      <bIsWeighted>0</bIsWeighted>
      <QtyInPackage>1</QtyInPackage>
      <ItemPrice>19.90</ItemPrice>
      <UnitOfMeasurePrice>4.7381</UnitOfMeasurePrice>
      <AllowDiscount>1</AllowDiscount>
      <ItemStatus>1</ItemStatus>
      <ItemId>236868</ItemId>
    </Item>
    <Item>
      <PriceUpdateDate>2015-01-01 00:00:00</PriceUpdateDate>
      <ItemCode>8571159</ItemCode>
      <ItemType>0</ItemType>
      <ItemName>עוגת גבינה 420 גרם</ItemName>
      <ManufacturerName>,</ManufacturerName>
      <ManufactureCountry>לא ידוע</ManufactureCountry>
      <ManufacturerItemDescription>עוגת גבינה 420 גרם</ManufacturerItemDescription>
      <UnitQty>גרמים</UnitQty>
      <Quantity>420.00</Quantity>
      <UnitOfMeasure>100 גרם</UnitOfMeasure>
      <bIsWeighted>0</bIsWeighted>
      <QtyInPackage>1</QtyInPackage>
      <ItemPrice>19.90</ItemPrice>
      <UnitOfMeasurePrice>4.7381</UnitOfMeasurePrice>
      <AllowDiscount>1</AllowDiscount>
      <ItemStatus>1</ItemStatus>
      <ItemId>236869</ItemId>
    </Item>
    <Item>
      <PriceUpdateDate>2016-02-11 13:41:53</PriceUpdateDate>
      <ItemCode>57088</ItemCode>
      <ItemType>0</ItemType>
      <ItemName>גבינת עמק דק דק 200</ItemName>
      <ManufacturerName>תנובה מרכז שיתופי לש</ManufacturerName>
      <ManufactureCountry>לא ידוע</ManufactureCountry>
      <ManufacturerItemDescription>גבינת עמק דק דק 200 גרם</ManufacturerItemDescription>
      <UnitQty>גרמים</UnitQty>
      <Quantity>200.00</Quantity>
      <UnitOfMeasure>100 גרם</UnitOfMeasure>
      <bIsWeighted>0</bIsWeighted>
      <QtyInPackage>1</QtyInPackage>
      <ItemPrice>14.60</ItemPrice>
      <UnitOfMeasurePrice>7.3000</UnitOfMeasurePrice>
      <AllowDiscount>1</AllowDiscount>
      <ItemStatus>1</ItemStatus>
      <ItemId>248720</ItemId>
    </Item>
    <Item>
      <PriceUpdateDate>2015-01-01 00:00:00</PriceUpdateDate>
      <ItemCode>7290013625311</ItemCode>
      <ItemType>0</ItemType>
      <ItemName>תירס גרעינים בואקום</ItemName>
      <ManufacturerName>,</ManufacturerName>
      <ManufactureCountry>לא ידוע</ManufactureCountry>
      <ManufacturerItemDescription>תירס גרעינים בואקום 340 גרם</ManufacturerItemDescription>
      <UnitQty>גרמים</UnitQty>
      <Quantity>340.00</Quantity>
      <UnitOfMeasure>100 גרם</UnitOfMeasure>
      <bIsWeighted>0</bIsWeighted>
      <QtyInPackage>1</QtyInPackage>
      <ItemPrice>4.90</ItemPrice>
      <UnitOfMeasurePrice>1.4412</UnitOfMeasurePrice>
      <AllowDiscount>1</AllowDiscount>
      <ItemStatus>1</ItemStatus>
      <ItemId>236875</ItemId>
    </Item>
    <Item>
      <PriceUpdateDate>2015-01-01 00:00:00</PriceUpdateDate>
      <ItemCode>9077483</ItemCode>
      <ItemType>0</ItemType>
      <ItemName>זית ירוק</ItemName>
      <ManufacturerName>,</ManufacturerName>
      <ManufactureCountry>לא ידוע</ManufactureCountry>
      <ManufacturerItemDescription>זית ירוק</ManufacturerItemDescription>
      <UnitQty>קילוגרמים</UnitQty>
      <Quantity>1.00</Quantity>
      <UnitOfMeasure>ק"ג</UnitOfMeasure>
      <bIsWeighted>1</bIsWeighted>
      <QtyInPackage>לא ידוע</QtyInPackage>
      <ItemPrice>48.00</ItemPrice>
      <UnitOfMeasurePrice>48.0000</UnitOfMeasurePrice>
      <AllowDiscount>1</AllowDiscount>
      <ItemStatus>1</ItemStatus>
      <ItemId>236878</ItemId>
    </Item>
    <Item>
      <PriceUpdateDate>2015-01-01 00:00:00</PriceUpdateDate>
      <ItemCode>9077681</ItemCode>
      <ItemType>0</ItemType>
      <ItemName>זית שחור במשקל</ItemName>
      <ManufacturerName>,</ManufacturerName>
      <ManufactureCountry>לא ידוע</ManufactureCountry>
      <ManufacturerItemDescription>זית יווני</ManufacturerItemDescription>
      <UnitQty>קילוגרמים</UnitQty>
      <Quantity>1.00</Quantity>
      <UnitOfMeasure>ק"ג</UnitOfMeasure>
      <bIsWeighted>1</bIsWeighted>
      <QtyInPackage>לא ידוע</QtyInPackage>
      <ItemPrice>54.00</ItemPrice>
      <UnitOfMeasurePrice>54.0000</UnitOfMeasurePrice>
      <AllowDiscount>1</AllowDiscount>
      <ItemStatus>1</ItemStatus>
      <ItemId>236879</ItemId>
    </Item>
    <Item>
      <PriceUpdateDate>2015-01-01 00:00:00</PriceUpdateDate>
      <ItemCode>9077162</ItemCode>
      <ItemType>0</ItemType>
      <ItemName>מלפפון /ירקות במשקל</ItemName>
      <ManufacturerName>,</ManufacturerName>
      <ManufactureCountry>לא ידוע</ManufactureCountry>
      <ManufacturerItemDescription>מלפפון /ירקות במשקל</ManufacturerItemDescription>
      <UnitQty>קילוגרמים</UnitQty>
      <Quantity>1.00</Quantity>
      <UnitOfMeasure>ק"ג</UnitOfMeasure>
      <bIsWeighted>1</bIsWeighted>
      <QtyInPackage>לא ידוע</QtyInPackage>
      <ItemPrice>35.00</ItemPrice>
      <UnitOfMeasurePrice>35.0000</UnitOfMeasurePrice>
      <AllowDiscount>1</AllowDiscount>
      <ItemStatus>1</ItemStatus>
      <ItemId>236880</ItemId>
    </Item>
    <Item>
      <PriceUpdateDate>2015-01-01 00:00:00</PriceUpdateDate>
      <ItemCode>7290014600690</ItemCode>
      <ItemType>0</ItemType>
      <ItemName>פתיבר חצי חצי 2 ק"ג</ItemName>
      <ManufacturerName>,</ManufacturerName>
      <ManufactureCountry>לא ידוע</ManufactureCountry>
      <ManufacturerItemDescription>פתיבר חצי חצי 2 ק"ג כיבודים</ManufacturerItemDescription>
      <UnitQty>קילוגרמים</UnitQty>
      <Quantity>2.00</Quantity>
      <UnitOfMeasure>ק"ג     </UnitOfMeasure>
      <bIsWeighted>0</bIsWeighted>
      <QtyInPackage>1</QtyInPackage>
      <ItemPrice>19.90</ItemPrice>
      <UnitOfMeasurePrice>9.9500</UnitOfMeasurePrice>
      <AllowDiscount>1</AllowDiscount>
      <ItemStatus>1</ItemStatus>
      <ItemId>253587</ItemId>
    </Item>
    <Item>
      <PriceUpdateDate>2015-09-01 11:12:50</PriceUpdateDate>
      <ItemCode>7290015014823</ItemCode>
      <ItemType>0</ItemType>
      <ItemName>חסה בייבי</ItemName>
      <ManufacturerName>,</ManufacturerName>
      <ManufactureCountry>לא ידוע</ManufactureCountry>
      <ManufacturerItemDescription>חסה בייבי</ManufacturerItemDescription>
      <UnitQty>Unknown </UnitQty>
      <Quantity>0.00</Quantity>
      <UnitOfMeasure>Unknown </UnitOfMeasure>
      <bIsWeighted>0</bIsWeighted>
      <QtyInPackage>1</QtyInPackage>
      <ItemPrice>6.90</ItemPrice>
      <UnitOfMeasurePrice>0.0000</UnitOfMeasurePrice>
      <AllowDiscount>1</AllowDiscount>
      <ItemStatus>1</ItemStatus>
      <ItemId>259558</ItemId>
    </Item>
    <Item>
      <PriceUpdateDate>2016-06-08 11:49:18</PriceUpdateDate>
      <ItemCode>5014271380421</ItemCode>
      <ItemType>0</ItemType>
      <ItemName>מעדן שזיפים צהובים</ItemName>
      <ManufacturerName>סאנטדלפור</ManufacturerName>
      <ManufactureCountry>לא ידוע</ManufactureCountry>
      <ManufacturerItemDescription>מעדן שזיפים צהובים סאנדלפור 284 גרם</ManufacturerItemDescription>
      <UnitQty>גרמים</UnitQty>
      <Quantity>284.00</Quantity>
      <UnitOfMeasure>100 גרם</UnitOfMeasure>
      <bIsWeighted>0</bIsWeighted>
      <QtyInPackage>1</QtyInPackage>
      <ItemPrice>18.90</ItemPrice>
      <UnitOfMeasurePrice>6.6549</UnitOfMeasurePrice>
      <AllowDiscount>1</AllowDiscount>
      <ItemStatus>1</ItemStatus>
      <ItemId>237068</ItemId>
    </Item>
    <Item>
      <PriceUpdateDate>2016-03-30 15:36:00</PriceUpdateDate>
      <ItemCode>7290000909417</ItemCode>
      <ItemType>1</ItemType>
      <ItemName>תה ירוק 1.5 גרם 50 י</ItemName>
      <ManufacturerName>,</ManufacturerName>
      <ManufactureCountry>לא ידוע</ManufactureCountry>
      <ManufacturerItemDescription>תה ירוק 1.5 גרם 50 יח</ManufacturerItemDescription>
      <UnitQty>Unknown </UnitQty>
      <Quantity>0.00</Quantity>
      <UnitOfMeasure>Unknown </UnitOfMeasure>
      <bIsWeighted>0</bIsWeighted>
      <QtyInPackage>1</QtyInPackage>
      <ItemPrice>18.90</ItemPrice>
      <UnitOfMeasurePrice>0.0000</UnitOfMeasurePrice>
      <AllowDiscount>1</AllowDiscount>
      <ItemStatus>1</ItemStatus>
      <ItemId>267637</ItemId>
    </Item>
    <Item>
      <PriceUpdateDate>2015-01-01 00:00:00</PriceUpdateDate>
      <ItemCode>7290013010094</ItemCode>
      <ItemType>0</ItemType>
      <ItemName>רוטב בולונז לפסטה</ItemName>
      <ManufacturerName>זנלכל</ManufacturerName>
      <ManufactureCountry>לא ידוע</ManufactureCountry>
      <ManufacturerItemDescription>רוטב בולונז לפסטה 260 גרם בד"צ</ManufacturerItemDescription>
      <UnitQty>גרמים</UnitQty>
      <Quantity>260.00</Quantity>
      <UnitOfMeasure>100 גרם</UnitOfMeasure>
      <bIsWeighted>0</bIsWeighted>
      <QtyInPackage>1</QtyInPackage>
      <ItemPrice>4.90</ItemPrice>
      <UnitOfMeasurePrice>1.8846</UnitOfMeasurePrice>
      <AllowDiscount>1</AllowDiscount>
      <ItemStatus>1</ItemStatus>
      <ItemId>237084</ItemId>
    </Item>
    <Item>
      <PriceUpdateDate>2015-01-01 00:00:00</PriceUpdateDate>
      <ItemCode>7290104060984</ItemCode>
      <ItemType>0</ItemType>
      <ItemName>אצבעות שוקולד פרה סו</ItemName>
      <ManufacturerName>,</ManufacturerName>
      <ManufactureCountry>לא ידוע</ManufactureCountry>
      <ManufacturerItemDescription>אצבעות שוקולד פרה סוכריות קופצות קרם חלב</ManufacturerItemDescription>
      <UnitQty>גרמים</UnitQty>
      <Quantity>100.00</Quantity>
      <UnitOfMeasure>100 גרם</UnitOfMeasure>
      <bIsWeighted>0</bIsWeighted>
      <QtyInPackage>1</QtyInPackage>
      <ItemPrice>6.90</ItemPrice>
      <UnitOfMeasurePrice>6.9000</UnitOfMeasurePrice>
      <AllowDiscount>1</AllowDiscount>
      <ItemStatus>1</ItemStatus>
      <ItemId>237086</ItemId>
    </Item>
    <Item>
      <PriceUpdateDate>2015-09-21 08:44:43</PriceUpdateDate>
      <ItemCode>7290104724718</ItemCode>
      <ItemType>0</ItemType>
      <ItemName>שוקולד פרה קלאסי 100</ItemName>
      <ManufacturerName>,</ManufacturerName>
      <ManufactureCountry>לא ידוע</ManufactureCountry>
      <ManufacturerItemDescription>שוקולד פרה קלאסי 100 גרם</ManufacturerItemDescription>
      <UnitQty>גרמים</UnitQty>
      <Quantity>100.00</Quantity>
      <UnitOfMeasure>100 גרם</UnitOfMeasure>
      <bIsWeighted>0</bIsWeighted>
      <QtyInPackage>1</QtyInPackage>
      <ItemPrice>4.90</ItemPrice>
      <UnitOfMeasurePrice>4.9000</UnitOfMeasurePrice>
      <AllowDiscount>1</AllowDiscount>
      <ItemStatus>1</ItemStatus>
      <ItemId>237087</ItemId>
    </Item>
    <Item>
      <PriceUpdateDate>2015-01-01 00:00:00</PriceUpdateDate>
      <ItemCode>7290104728242</ItemCode>
      <ItemType>0</ItemType>
      <ItemName>ציקו 130 גרם</ItemName>
      <ManufacturerName>שטראוס</ManufacturerName>
      <ManufactureCountry>ישראל</ManufactureCountry>
      <ManufacturerItemDescription>ציקו 130 גרם</ManufacturerItemDescription>
      <UnitQty>גרמים</UnitQty>
      <Quantity>130.00</Quantity>
      <UnitOfMeasure>100 גרם</UnitOfMeasure>
      <bIsWeighted>0</bIsWeighted>
      <QtyInPackage>1</QtyInPackage>
      <ItemPrice>21.90</ItemPrice>
      <UnitOfMeasurePrice>16.8462</UnitOfMeasurePrice>
      <AllowDiscount>1</AllowDiscount>
      <ItemStatus>1</ItemStatus>
      <ItemId>237088</ItemId>
    </Item>
    <Item>
      <PriceUpdateDate>2016-06-15 10:35:37</PriceUpdateDate>
      <ItemCode>7290107931007</ItemCode>
      <ItemType>1</ItemType>
      <ItemName>שוקולד פרה שייק שוקו</ItemName>
      <ManufacturerName>שטראוס</ManufacturerName>
      <ManufactureCountry>ישראל</ManufactureCountry>
      <ManufacturerItemDescription>שוקולד פרה שייק שוקו וניל 95 גרם</ManufacturerItemDescription>
      <UnitQty>גרמים</UnitQty>
      <Quantity>95.00</Quantity>
      <UnitOfMeasure>100 גרם</UnitOfMeasure>
      <bIsWeighted>0</bIsWeighted>
      <QtyInPackage>1</QtyInPackage>
      <ItemPrice>5.90</ItemPrice>
      <UnitOfMeasurePrice>6.2105</UnitOfMeasurePrice>
      <AllowDiscount>1</AllowDiscount>
      <ItemStatus>1</ItemStatus>
      <ItemId>268444</ItemId>
    </Item>
    <Item>
      <PriceUpdateDate>2015-01-01 00:00:00</PriceUpdateDate>
      <ItemCode>7290013268624</ItemCode>
      <ItemType>0</ItemType>
      <ItemName>שמפו כיף טרנס 750 מ"</ItemName>
      <ManufacturerName>קוסמופארם</ManufacturerName>
      <ManufactureCountry>לא ידוע</ManufactureCountry>
      <ManufacturerItemDescription>שמפו כיף טרנס 750 מ"ל</ManufacturerItemDescription>
      <UnitQty>מיליליטרים</UnitQty>
      <Quantity>750.00</Quantity>
      <UnitOfMeasure>100 מ"ל</UnitOfMeasure>
      <bIsWeighted>0</bIsWeighted>
      <QtyInPackage>1</QtyInPackage>
      <ItemPrice>7.90</ItemPrice>
      <UnitOfMeasurePrice>1.0533</UnitOfMeasurePrice>
      <AllowDiscount>1</AllowDiscount>
      <ItemStatus>1</ItemStatus>
      <ItemId>237108</ItemId>
    </Item>
    <Item>
      <PriceUpdateDate>2015-01-01 00:00:00</PriceUpdateDate>
      <ItemCode>7290013268631</ItemCode>
      <ItemType>0</ItemType>
      <ItemName>שמפו כיף קול 750 מ"ל</ItemName>
      <ManufacturerName>קוסמופארם</ManufacturerName>
      <ManufactureCountry>לא ידוע</ManufactureCountry>
      <ManufacturerItemDescription>שמפו כיף קול 750 מ"ל</ManufacturerItemDescription>
      <UnitQty>מיליליטרים</UnitQty>
      <Quantity>750.00</Quantity>
      <UnitOfMeasure>100 מ"ל</UnitOfMeasure>
      <bIsWeighted>0</bIsWeighted>
      <QtyInPackage>1</QtyInPackage>
      <ItemPrice>7.90</ItemPrice>
      <UnitOfMeasurePrice>1.0533</UnitOfMeasurePrice>
      <AllowDiscount>1</AllowDiscount>
      <ItemStatus>1</ItemStatus>
      <ItemId>237109</ItemId>
    </Item>
    <Item>
      <PriceUpdateDate>2015-01-01 00:00:00</PriceUpdateDate>
      <ItemCode>7290013268648</ItemCode>
      <ItemType>0</ItemType>
      <ItemName>שמפו כיף רומנס 750 מ</ItemName>
      <ManufacturerName>קוסמופארם</ManufacturerName>
      <ManufactureCountry>לא ידוע</ManufactureCountry>
      <ManufacturerItemDescription>שמפו כיף רומנס 750 מ"ל</ManufacturerItemDescription>
      <UnitQty>מיליליטרים</UnitQty>
      <Quantity>750.00</Quantity>
      <UnitOfMeasure>100 מ"ל</UnitOfMeasure>
      <bIsWeighted>0</bIsWeighted>
      <QtyInPackage>1</QtyInPackage>
      <ItemPrice>7.90</ItemPrice>
      <UnitOfMeasurePrice>1.0533</UnitOfMeasurePrice>
      <AllowDiscount>1</AllowDiscount>
      <ItemStatus>1</ItemStatus>
      <ItemId>237110</ItemId>
    </Item>
    <Item>
      <PriceUpdateDate>2015-01-01 00:00:00</PriceUpdateDate>
      <ItemCode>7290013268686</ItemCode>
      <ItemType>0</ItemType>
      <ItemName>מרכך כיף רומנס 750 מ</ItemName>
      <ManufacturerName>קוסמופארם</ManufacturerName>
      <ManufactureCountry>לא ידוע</ManufactureCountry>
      <ManufacturerItemDescription>מרכך כיף רומנס 750 מ"ל</ManufacturerItemDescription>
      <UnitQty>מיליליטרים</UnitQty>
      <Quantity>750.00</Quantity>
      <UnitOfMeasure>100 מ"ל</UnitOfMeasure>
      <bIsWeighted>0</bIsWeighted>
      <QtyInPackage>1</QtyInPackage>
      <ItemPrice>7.90</ItemPrice>
      <UnitOfMeasurePrice>1.0533</UnitOfMeasurePrice>
      <AllowDiscount>1</AllowDiscount>
      <ItemStatus>1</ItemStatus>
      <ItemId>237113</ItemId>
    </Item>
    <Item>
      <PriceUpdateDate>2016-07-26 17:40:32</PriceUpdateDate>
      <ItemCode>7290004023553</ItemCode>
      <ItemType>1</ItemType>
      <ItemName>חלה כוסמין</ItemName>
      <ManufacturerName>,</ManufacturerName>
      <ManufactureCountry>לא ידוע</ManufactureCountry>
      <ManufacturerItemDescription>חלה כוסמין</ManufacturerItemDescription>
      <UnitQty>Unknown </UnitQty>
      <Quantity>0.00</Quantity>
      <UnitOfMeasure>Unknown </UnitOfMeasure>
      <bIsWeighted>0</bIsWeighted>
      <QtyInPackage>1</QtyInPackage>
      <ItemPrice>13.90</ItemPrice>
      <UnitOfMeasurePrice>0.0000</UnitOfMeasurePrice>
      <AllowDiscount>1</AllowDiscount>
      <ItemStatus>1</ItemStatus>
      <ItemId>268988</ItemId>
    </Item>
    <Item>
      <PriceUpdateDate>2015-01-01 00:00:00</PriceUpdateDate>
      <ItemCode>7290013268662</ItemCode>
      <ItemType>0</ItemType>
      <ItemName>מרכך כיף טרנס 750 מ"</ItemName>
      <ManufacturerName>קוסמופארם</ManufacturerName>
      <ManufactureCountry>לא ידוע</ManufactureCountry>
      <ManufacturerItemDescription>מרכך כיף טרנס 750 מ"ל</ManufacturerItemDescription>
      <UnitQty>מיליליטרים</UnitQty>
      <Quantity>750.00</Quantity>
      <UnitOfMeasure>100 מ"ל</UnitOfMeasure>
      <bIsWeighted>0</bIsWeighted>
      <QtyInPackage>1</QtyInPackage>
      <ItemPrice>7.90</ItemPrice>
      <UnitOfMeasurePrice>1.0533</UnitOfMeasurePrice>
      <AllowDiscount>1</AllowDiscount>
      <ItemStatus>1</ItemStatus>
      <ItemId>237115</ItemId>
    </Item>
    <Item>
      <PriceUpdateDate>2015-01-01 00:00:00</PriceUpdateDate>
      <ItemCode>7290012823800</ItemCode>
      <ItemType>0</ItemType>
      <ItemName>תחליב רחצה כיף מילק</ItemName>
      <ManufacturerName>קוסמופארם</ManufacturerName>
      <ManufactureCountry>לא ידוע</ManufactureCountry>
      <ManufacturerItemDescription>תחליב רחצה כיף מילק קוקוס וניל 750 מ"ל</ManufacturerItemDescription>
      <UnitQty>מיליליטרים</UnitQty>
      <Quantity>750.00</Quantity>
      <UnitOfMeasure>100 מ"ל</UnitOfMeasure>
      <bIsWeighted>0</bIsWeighted>
      <QtyInPackage>1</QtyInPackage>
      <ItemPrice>12.90</ItemPrice>
      <UnitOfMeasurePrice>1.7200</UnitOfMeasurePrice>
      <AllowDiscount>1</AllowDiscount>
      <ItemStatus>1</ItemStatus>
      <ItemId>237116</ItemId>
    </Item>
    <Item>
      <PriceUpdateDate>2015-01-01 00:00:00</PriceUpdateDate>
      <ItemCode>7290012823824</ItemCode>
      <ItemType>0</ItemType>
      <ItemName>תחליב רחצה כיף מילק</ItemName>
      <ManufacturerName>קוסמופארם</ManufacturerName>
      <ManufactureCountry>לא ידוע</ManufactureCountry>
      <ManufacturerItemDescription>תחליב רחצה כיף מילק חלב ופירות  750 מ"ל</ManufacturerItemDescription>
      <UnitQty>מיליליטרים</UnitQty>
      <Quantity>750.00</Quantity>
      <UnitOfMeasure>100 מ"ל</UnitOfMeasure>
      <bIsWeighted>0</bIsWeighted>
      <QtyInPackage>1</QtyInPackage>
      <ItemPrice>12.90</ItemPrice>
      <UnitOfMeasurePrice>1.7200</UnitOfMeasurePrice>
      <AllowDiscount>1</AllowDiscount>
      <ItemStatus>1</ItemStatus>
      <ItemId>237117</ItemId>
    </Item>
    <Item>
      <PriceUpdateDate>2016-03-04 10:14:20</PriceUpdateDate>
      <ItemCode>7290104856112</ItemCode>
      <ItemType>1</ItemType>
      <ItemName>מגש קינוחית פרח + מכ</ItemName>
      <ManufacturerName>,</ManufacturerName>
      <ManufactureCountry>לא ידוע</ManufactureCountry>
      <ManufacturerItemDescription>מגש קינוחית</ManufacturerItemDescription>
      <UnitQty>Unknown </UnitQty>
      <Quantity>0.00</Quantity>
      <UnitOfMeasure>Unknown </UnitOfMeasure>
      <bIsWeighted>0</bIsWeighted>
      <QtyInPackage>1</QtyInPackage>
      <ItemPrice>13.90</ItemPrice>
      <UnitOfMeasurePrice>0.0000</UnitOfMeasurePrice>
      <AllowDiscount>1</AllowDiscount>
      <ItemStatus>1</ItemStatus>
      <ItemId>267035</ItemId>
    </Item>
    <Item>
      <PriceUpdateDate>2015-01-01 00:00:00</PriceUpdateDate>
      <ItemCode>7290012823817</ItemCode>
      <ItemType>0</ItemType>
      <ItemName>תחליב רחצה כיף מילק</ItemName>
      <ManufacturerName>קוסמופארם</ManufacturerName>
      <ManufactureCountry>לא ידוע</ManufactureCountry>
      <ManufacturerItemDescription>תחליב רחצה כיף מילק חלב לבנדר 750 מ"ל</ManufacturerItemDescription>
      <UnitQty>מיליליטרים</UnitQty>
      <Quantity>750.00</Quantity>
      <UnitOfMeasure>100 מ"ל</UnitOfMeasure>
      <bIsWeighted>0</bIsWeighted>
      <QtyInPackage>1</QtyInPackage>
      <ItemPrice>12.90</ItemPrice>
      <UnitOfMeasurePrice>1.7200</UnitOfMeasurePrice>
      <AllowDiscount>1</AllowDiscount>
      <ItemStatus>1</ItemStatus>
      <ItemId>237118</ItemId>
    </Item>
    <Item>
      <PriceUpdateDate>2015-01-01 00:00:00</PriceUpdateDate>
      <ItemCode>7290013268938</ItemCode>
      <ItemType>0</ItemType>
      <ItemName>סבון אסלה סנובון סופ</ItemName>
      <ManufacturerName>NICOLS</ManufacturerName>
      <ManufactureCountry>לא ידוע</ManufactureCountry>
      <ManufacturerItemDescription>סבון אסלה סנובון סופר קצף 3*55 גרם</ManufacturerItemDescription>
      <UnitQty>גרמים</UnitQty>
      <Quantity>165.00</Quantity>
      <UnitOfMeasure>100 גרם</UnitOfMeasure>
      <bIsWeighted>0</bIsWeighted>
      <QtyInPackage>1</QtyInPackage>
      <ItemPrice>9.90</ItemPrice>
      <UnitOfMeasurePrice>6.0000</UnitOfMeasurePrice>
      <AllowDiscount>1</AllowDiscount>
      <ItemStatus>1</ItemStatus>
      <ItemId>237124</ItemId>
    </Item>
    <Item>
      <PriceUpdateDate>2015-01-01 00:00:00</PriceUpdateDate>
      <ItemCode>7290013268891</ItemCode>
      <ItemType>0</ItemType>
      <ItemName>סנו אוקסיגן גל 3 ליט</ItemName>
      <ManufacturerName>סנו</ManufacturerName>
      <ManufactureCountry>לא ידוע</ManufactureCountry>
      <ManufacturerItemDescription>סנו אוקסיגן גל 3 ליטר</ManufacturerItemDescription>
      <UnitQty>ליטרים</UnitQty>
      <Quantity>3.00</Quantity>
      <UnitOfMeasure>ליטר    </UnitOfMeasure>
      <bIsWeighted>0</bIsWeighted>
      <QtyInPackage>1</QtyInPackage>
      <ItemPrice>24.90</ItemPrice>
      <UnitOfMeasurePrice>8.3000</UnitOfMeasurePrice>
      <AllowDiscount>1</AllowDiscount>
      <ItemStatus>1</ItemStatus>
      <ItemId>237126</ItemId>
    </Item>
    <Item>
      <PriceUpdateDate>2015-01-01 00:00:00</PriceUpdateDate>
      <ItemCode>7290011435226</ItemCode>
      <ItemType>0</ItemType>
      <ItemName>דבש לחיץ 650 גרם</ItemName>
      <ManufacturerName>שטראוס</ManufacturerName>
      <ManufactureCountry>ישראל</ManufactureCountry>
      <ManufacturerItemDescription>דבש לחיץ 650 גרם</ManufacturerItemDescription>
      <UnitQty>גרמים</UnitQty>
      <Quantity>650.00</Quantity>
      <UnitOfMeasure>100 גרם</UnitOfMeasure>
      <bIsWeighted>0</bIsWeighted>
      <QtyInPackage>1</QtyInPackage>
      <ItemPrice>34.90</ItemPrice>
      <UnitOfMeasurePrice>5.3692</UnitOfMeasurePrice>
      <AllowDiscount>1</AllowDiscount>
      <ItemStatus>1</ItemStatus>
      <ItemId>237133</ItemId>
    </Item>
    <Item>
      <PriceUpdateDate>2015-01-01 00:00:00</PriceUpdateDate>
      <ItemCode>160467</ItemCode>
      <ItemType>0</ItemType>
      <ItemName>קנור רוטב גריל לתנור</ItemName>
      <ManufacturerName>יוניליוור</ManufacturerName>
      <ManufactureCountry>ישראל</ManufactureCountry>
      <ManufacturerItemDescription>קנור רוטב גריל לתנור 49 גרם</ManufacturerItemDescription>
      <UnitQty>Unknown </UnitQty>
      <Quantity>0.00</Quantity>
      <UnitOfMeasure>Unknown </UnitOfMeasure>
      <bIsWeighted>0</bIsWeighted>
      <QtyInPackage>1</QtyInPackage>
      <ItemPrice>5.90</ItemPrice>
      <UnitOfMeasurePrice>0.0000</UnitOfMeasurePrice>
      <AllowDiscount>1</AllowDiscount>
      <ItemStatus>1</ItemStatus>
      <ItemId>237145</ItemId>
    </Item>
    <Item>
      <PriceUpdateDate>2015-01-01 00:00:00</PriceUpdateDate>
      <ItemCode>160443</ItemCode>
      <ItemType>0</ItemType>
      <ItemName>קנור רוטב עשבי תיבול</ItemName>
      <ManufacturerName>,</ManufacturerName>
      <ManufactureCountry>לא ידוע</ManufactureCountry>
      <ManufacturerItemDescription>קנור רוטב עשבי תיבול לתנור 51 גרם</ManufacturerItemDescription>
      <UnitQty>Unknown </UnitQty>
      <Quantity>0.00</Quantity>
      <UnitOfMeasure>Unknown </UnitOfMeasure>
      <bIsWeighted>0</bIsWeighted>
      <QtyInPackage>1</QtyInPackage>
      <ItemPrice>5.90</ItemPrice>
      <UnitOfMeasurePrice>0.0000</UnitOfMeasurePrice>
      <AllowDiscount>1</AllowDiscount>
      <ItemStatus>1</ItemStatus>
      <ItemId>237146</ItemId>
    </Item>
    <Item>
      <PriceUpdateDate>2015-01-01 00:00:00</PriceUpdateDate>
      <ItemCode>160450</ItemCode>
      <ItemType>0</ItemType>
      <ItemName>קנור רוטב גריל לתנור</ItemName>
      <ManufacturerName>יוניליוור</ManufacturerName>
      <ManufactureCountry>ישראל</ManufactureCountry>
      <ManufacturerItemDescription>קנור רוטב צילי מתוק לתנור 63 גרם</ManufacturerItemDescription>
      <UnitQty>Unknown </UnitQty>
      <Quantity>0.00</Quantity>
      <UnitOfMeasure>Unknown </UnitOfMeasure>
      <bIsWeighted>0</bIsWeighted>
      <QtyInPackage>1</QtyInPackage>
      <ItemPrice>5.90</ItemPrice>
      <UnitOfMeasurePrice>0.0000</UnitOfMeasurePrice>
      <AllowDiscount>1</AllowDiscount>
      <ItemStatus>1</ItemStatus>
      <ItemId>237147</ItemId>
    </Item>
    <Item>
      <PriceUpdateDate>2016-04-07 10:21:08</PriceUpdateDate>
      <ItemCode>7290011236359</ItemCode>
      <ItemType>0</ItemType>
      <ItemName>שמן זית כתית מעולה 1</ItemName>
      <ManufacturerName>שקדיה</ManufacturerName>
      <ManufactureCountry>ישראל</ManufactureCountry>
      <ManufacturerItemDescription>שמן זית כתית מעולה 1 ליטר שקדיה</ManufacturerItemDescription>
      <UnitQty>ליטרים</UnitQty>
      <Quantity>1.00</Quantity>
      <UnitOfMeasure>ליטר    </UnitOfMeasure>
      <bIsWeighted>0</bIsWeighted>
      <QtyInPackage>1</QtyInPackage>
      <ItemPrice>31.90</ItemPrice>
      <UnitOfMeasurePrice>31.9000</UnitOfMeasurePrice>
      <AllowDiscount>1</AllowDiscount>
      <ItemStatus>1</ItemStatus>
      <ItemId>237188</ItemId>
    </Item>
    <Item>
      <PriceUpdateDate>2016-02-11 13:41:48</PriceUpdateDate>
      <ItemCode>40974</ItemCode>
      <ItemType>0</ItemType>
      <ItemName>חלב טרי דל לקטוז 1 ל</ItemName>
      <ManufacturerName>תנובה מרכז שיתופי לש</ManufacturerName>
      <ManufactureCountry>לא ידוע</ManufactureCountry>
      <ManufacturerItemDescription>חלב טרי דל לקטוז 1 ליטר</ManufacturerItemDescription>
      <UnitQty>ליטרים</UnitQty>
      <Quantity>1.00</Quantity>
      <UnitOfMeasure>ליטר    </UnitOfMeasure>
      <bIsWeighted>0</bIsWeighted>
      <QtyInPackage>1</QtyInPackage>
      <ItemPrice>6.90</ItemPrice>
      <UnitOfMeasurePrice>6.9000</UnitOfMeasurePrice>
      <AllowDiscount>1</AllowDiscount>
      <ItemStatus>1</ItemStatus>
      <ItemId>237205</ItemId>
    </Item>
    <Item>
      <PriceUpdateDate>2015-01-01 00:00:00</PriceUpdateDate>
      <ItemCode>208138</ItemCode>
      <ItemType>0</ItemType>
      <ItemName>סירופ ענבים דיאט 1 ל</ItemName>
      <ManufacturerName>זנלכל</ManufacturerName>
      <ManufactureCountry>לא ידוע</ManufactureCountry>
      <ManufacturerItemDescription>סירופ ענבים דיאט 1 ליטר יכין</ManufacturerItemDescription>
      <UnitQty>ליטרים</UnitQty>
      <Quantity>1.00</Quantity>
      <UnitOfMeasure>ליטר    </UnitOfMeasure>
      <bIsWeighted>0</bIsWeighted>
      <QtyInPackage>1</QtyInPackage>
      <ItemPrice>6.90</ItemPrice>
      <UnitOfMeasurePrice>6.9000</UnitOfMeasurePrice>
      <AllowDiscount>1</AllowDiscount>
      <ItemStatus>1</ItemStatus>
      <ItemId>237215</ItemId>
    </Item>
    <Item>
      <PriceUpdateDate>2015-01-01 00:00:00</PriceUpdateDate>
      <ItemCode>209524</ItemCode>
      <ItemType>0</ItemType>
      <ItemName>סירופ פטל דיאט 1 ליט</ItemName>
      <ManufacturerName>זנלכל</ManufacturerName>
      <ManufactureCountry>לא ידוע</ManufactureCountry>
      <ManufacturerItemDescription>סירופ פטל דיאט 1 ליטר יכין</ManufacturerItemDescription>
      <UnitQty>ליטרים</UnitQty>
      <Quantity>1.00</Quantity>
      <UnitOfMeasure>ליטר    </UnitOfMeasure>
      <bIsWeighted>0</bIsWeighted>
      <QtyInPackage>1</QtyInPackage>
      <ItemPrice>6.90</ItemPrice>
      <UnitOfMeasurePrice>6.9000</UnitOfMeasurePrice>
      <AllowDiscount>1</AllowDiscount>
      <ItemStatus>1</ItemStatus>
      <ItemId>237216</ItemId>
    </Item>
    <Item>
      <PriceUpdateDate>2015-01-01 00:00:00</PriceUpdateDate>
      <ItemCode>209555</ItemCode>
      <ItemType>0</ItemType>
      <ItemName>סירופ תפו"ע דיאט 1 ל</ItemName>
      <ManufacturerName>זנלכל</ManufacturerName>
      <ManufactureCountry>ישראל</ManufactureCountry>
      <ManufacturerItemDescription>סירופ תפוע דיאט 1 ליטר יכין</ManufacturerItemDescription>
      <UnitQty>Unknown </UnitQty>
      <Quantity>0.00</Quantity>
      <UnitOfMeasure>Unknown </UnitOfMeasure>
      <bIsWeighted>0</bIsWeighted>
      <QtyInPackage>1</QtyInPackage>
      <ItemPrice>6.90</ItemPrice>
      <UnitOfMeasurePrice>0.0000</UnitOfMeasurePrice>
      <AllowDiscount>1</AllowDiscount>
      <ItemStatus>1</ItemStatus>
      <ItemId>237217</ItemId>
    </Item>
    <Item>
      <PriceUpdateDate>2015-01-01 00:00:00</PriceUpdateDate>
      <ItemCode>209579</ItemCode>
      <ItemType>0</ItemType>
      <ItemName>סירופ אננס דיאט 1 לי</ItemName>
      <ManufacturerName>זנלכל</ManufacturerName>
      <ManufactureCountry>לא ידוע</ManufactureCountry>
      <ManufacturerItemDescription>סירופ אננס דיאט 1 ליטר יכין</ManufacturerItemDescription>
      <UnitQty>ליטרים</UnitQty>
      <Quantity>1.00</Quantity>
      <UnitOfMeasure>ליטר    </UnitOfMeasure>
      <bIsWeighted>0</bIsWeighted>
      <QtyInPackage>1</QtyInPackage>
      <ItemPrice>6.90</ItemPrice>
      <UnitOfMeasurePrice>6.9000</UnitOfMeasurePrice>
      <AllowDiscount>1</AllowDiscount>
      <ItemStatus>1</ItemStatus>
      <ItemId>237221</ItemId>
    </Item>
    <Item>
      <PriceUpdateDate>2015-01-01 00:00:00</PriceUpdateDate>
      <ItemCode>52298</ItemCode>
      <ItemType>0</ItemType>
      <ItemName>שוק מוקה 1 ליטר</ItemName>
      <ManufacturerName>תנובה מרכז שיתופי לש</ManufacturerName>
      <ManufactureCountry>לא ידוע</ManufactureCountry>
      <ManufacturerItemDescription>שוק מוקה 1 ליטר</ManufacturerItemDescription>
      <UnitQty>ליטרים</UnitQty>
      <Quantity>1.00</Quantity>
      <UnitOfMeasure>ליטר    </UnitOfMeasure>
      <bIsWeighted>0</bIsWeighted>
      <QtyInPackage>1</QtyInPackage>
      <ItemPrice>11.90</ItemPrice>
      <UnitOfMeasurePrice>11.9000</UnitOfMeasurePrice>
      <AllowDiscount>1</AllowDiscount>
      <ItemStatus>1</ItemStatus>
      <ItemId>237224</ItemId>
    </Item>
    <Item>
      <PriceUpdateDate>2015-01-01 00:00:00</PriceUpdateDate>
      <ItemCode>7290011017606</ItemCode>
      <ItemType>0</ItemType>
      <ItemName>פאנטה לימונדה 1.5 לי</ItemName>
      <ManufacturerName>קוקה קולה</ManufacturerName>
      <ManufactureCountry>לא ידוע</ManufactureCountry>
      <ManufacturerItemDescription>פאנטה לימונדה  1.5 ליטר</ManufacturerItemDescription>
      <UnitQty>ליטרים</UnitQty>
      <Quantity>1.50</Quantity>
      <UnitOfMeasure>ליטר    </UnitOfMeasure>
      <bIsWeighted>0</bIsWeighted>
      <QtyInPackage>1</QtyInPackage>
      <ItemPrice>6.50</ItemPrice>
      <UnitOfMeasurePrice>4.3333</UnitOfMeasurePrice>
      <AllowDiscount>1</AllowDiscount>
      <ItemStatus>1</ItemStatus>
      <ItemId>237225</ItemId>
    </Item>
    <Item>
      <PriceUpdateDate>2015-01-01 00:00:00</PriceUpdateDate>
      <ItemCode>2842439</ItemCode>
      <ItemType>0</ItemType>
      <ItemName>מיץ שזיפים 1 ליטר</ItemName>
      <ManufacturerName>,</ManufacturerName>
      <ManufactureCountry>לא ידוע</ManufactureCountry>
      <ManufacturerItemDescription>מיץ שזיפים 1 ליטר</ManufacturerItemDescription>
      <UnitQty>ליטרים</UnitQty>
      <Quantity>1.00</Quantity>
      <UnitOfMeasure>ליטר    </UnitOfMeasure>
      <bIsWeighted>0</bIsWeighted>
      <QtyInPackage>1</QtyInPackage>
      <ItemPrice>19.20</ItemPrice>
      <UnitOfMeasurePrice>19.2000</UnitOfMeasurePrice>
      <AllowDiscount>1</AllowDiscount>
      <ItemStatus>1</ItemStatus>
      <ItemId>237226</ItemId>
    </Item>
    <Item>
      <PriceUpdateDate>2016-02-15 10:03:25</PriceUpdateDate>
      <ItemCode>146683</ItemCode>
      <ItemType>0</ItemType>
      <ItemName>סבון מוצק הוואי אפקט</ItemName>
      <ManufacturerName>הנקל סוד</ManufacturerName>
      <ManufactureCountry>לא ידוע</ManufactureCountry>
      <ManufacturerItemDescription>סבון מוצק הוואי אפקט דא 4*100 גרם</ManufacturerItemDescription>
      <UnitQty>גרמים</UnitQty>
      <Quantity>400.00</Quantity>
      <UnitOfMeasure>100 גרם</UnitOfMeasure>
      <bIsWeighted>0</bIsWeighted>
      <QtyInPackage>1</QtyInPackage>
      <ItemPrice>10.90</ItemPrice>
      <UnitOfMeasurePrice>2.7250</UnitOfMeasurePrice>
      <AllowDiscount>1</AllowDiscount>
      <ItemStatus>1</ItemStatus>
      <ItemId>237228</ItemId>
    </Item>
    <Item>
      <PriceUpdateDate>2016-02-15 10:03:25</PriceUpdateDate>
      <ItemCode>146676</ItemCode>
      <ItemType>0</ItemType>
      <ItemName>סבון מוצק הוואי לגבר</ItemName>
      <ManufacturerName>הנקל סוד</ManufacturerName>
      <ManufactureCountry>לא ידוע</ManufactureCountry>
      <ManufacturerItemDescription>סבון מוצק הוואי לגבר 4*100 גרם</ManufacturerItemDescription>
      <UnitQty>גרמים</UnitQty>
      <Quantity>400.00</Quantity>
      <UnitOfMeasure>100 גרם</UnitOfMeasure>
      <bIsWeighted>0</bIsWeighted>
      <QtyInPackage>1</QtyInPackage>
      <ItemPrice>10.90</ItemPrice>
      <UnitOfMeasurePrice>2.7250</UnitOfMeasurePrice>
      <AllowDiscount>1</AllowDiscount>
      <ItemStatus>1</ItemStatus>
      <ItemId>237229</ItemId>
    </Item>
    <Item>
      <PriceUpdateDate>2015-01-01 00:00:00</PriceUpdateDate>
      <ItemCode>2741480</ItemCode>
      <ItemType>0</ItemType>
      <ItemName>בייגלה שמיניות שומשו</ItemName>
      <ManufacturerName>,</ManufacturerName>
      <ManufactureCountry>לא ידוע</ManufactureCountry>
      <ManufacturerItemDescription>בייגלה שמיניות שומשום 300 גרם</ManufacturerItemDescription>
      <UnitQty>גרמים</UnitQty>
      <Quantity>300.00</Quantity>
      <UnitOfMeasure>100 גרם</UnitOfMeasure>
      <bIsWeighted>0</bIsWeighted>
      <QtyInPackage>1</QtyInPackage>
      <ItemPrice>8.90</ItemPrice>
      <UnitOfMeasurePrice>2.9667</UnitOfMeasurePrice>
      <AllowDiscount>1</AllowDiscount>
      <ItemStatus>1</ItemStatus>
      <ItemId>250740</ItemId>
    </Item>
    <Item>
      <PriceUpdateDate>2015-01-01 00:00:00</PriceUpdateDate>
      <ItemCode>4068011</ItemCode>
      <ItemType>0</ItemType>
      <ItemName>יוגורט כבשים 600 גרם</ItemName>
      <ManufacturerName>,</ManufacturerName>
      <ManufactureCountry>לא ידוע</ManufactureCountry>
      <ManufacturerItemDescription>יוגורט כבשים 600 גרם</ManufacturerItemDescription>
      <UnitQty>גרמים</UnitQty>
      <Quantity>600.00</Quantity>
      <UnitOfMeasure>100 גרם</UnitOfMeasure>
      <bIsWeighted>0</bIsWeighted>
      <QtyInPackage>1</QtyInPackage>
      <ItemPrice>15.90</ItemPrice>
      <UnitOfMeasurePrice>2.6500</UnitOfMeasurePrice>
      <AllowDiscount>1</AllowDiscount>
      <ItemStatus>1</ItemStatus>
      <ItemId>243968</ItemId>
    </Item>
    <Item>
      <PriceUpdateDate>2015-06-14 19:01:44</PriceUpdateDate>
      <ItemCode>7290013585271</ItemCode>
      <ItemType>1</ItemType>
      <ItemName>מארז 1/6 ספרייט זירו</ItemName>
      <ManufacturerName>,</ManufacturerName>
      <ManufactureCountry>לא ידוע</ManufactureCountry>
      <ManufacturerItemDescription>מארז 1/6 ספרייט זירו 1.5 ליטר</ManufacturerItemDescription>
      <UnitQty>ליטרים</UnitQty>
      <Quantity>9.00</Quantity>
      <UnitOfMeasure>ליטר    </UnitOfMeasure>
      <bIsWeighted>0</bIsWeighted>
      <QtyInPackage>1</QtyInPackage>
      <ItemPrice>32.90</ItemPrice>
      <UnitOfMeasurePrice>3.6556</UnitOfMeasurePrice>
      <AllowDiscount>1</AllowDiscount>
      <ItemStatus>1</ItemStatus>
      <ItemId>264166</ItemId>
    </Item>
    <Item>
      <PriceUpdateDate>2015-09-21 08:18:20</PriceUpdateDate>
      <ItemCode>7290104503269</ItemCode>
      <ItemType>0</ItemType>
      <ItemName>פודינג אינסטנט שוקול</ItemName>
      <ManufacturerName>אסם</ManufacturerName>
      <ManufactureCountry>לא ידוע</ManufactureCountry>
      <ManufacturerItemDescription>פודינג אינסטנט שוקולד מריר 95 גרם</ManufacturerItemDescription>
      <UnitQty>גרמים</UnitQty>
      <Quantity>95.00</Quantity>
      <UnitOfMeasure>100 גרם</UnitOfMeasure>
      <bIsWeighted>0</bIsWeighted>
      <QtyInPackage>1</QtyInPackage>
      <ItemPrice>4.90</ItemPrice>
      <UnitOfMeasurePrice>5.1579</UnitOfMeasurePrice>
      <AllowDiscount>1</AllowDiscount>
      <ItemStatus>1</ItemStatus>
      <ItemId>237241</ItemId>
    </Item>
    <Item>
      <PriceUpdateDate>2016-03-27 11:39:55</PriceUpdateDate>
      <ItemCode>835811006688</ItemCode>
      <ItemType>0</ItemType>
      <ItemName>צלחות קטנות בעיטור ז</ItemName>
      <ManufacturerName>,</ManufacturerName>
      <ManufactureCountry>לא ידוע</ManufactureCountry>
      <ManufacturerItemDescription>צלחות קטנות בעיטור זהב 10 יחידות</ManufacturerItemDescription>
      <UnitQty>Unknown </UnitQty>
      <Quantity>0.00</Quantity>
      <UnitOfMeasure>Unknown </UnitOfMeasure>
      <bIsWeighted>0</bIsWeighted>
      <QtyInPackage>1</QtyInPackage>
      <ItemPrice>14.90</ItemPrice>
      <UnitOfMeasurePrice>0.0000</UnitOfMeasurePrice>
      <AllowDiscount>1</AllowDiscount>
      <ItemStatus>1</ItemStatus>
      <ItemId>248038</ItemId>
    </Item>
    <Item>
      <PriceUpdateDate>2015-01-01 00:00:00</PriceUpdateDate>
      <ItemCode>7290013170453</ItemCode>
      <ItemType>0</ItemType>
      <ItemName>מארז 1/3 קוסקוס</ItemName>
      <ManufacturerName>קוסקוס</ManufacturerName>
      <ManufactureCountry>לא ידוע</ManufactureCountry>
      <ManufacturerItemDescription>מארז 1/3 קוסקוס</ManufacturerItemDescription>
      <UnitQty>קילוגרמים</UnitQty>
      <Quantity>1.50</Quantity>
      <UnitOfMeasure>ק"ג     </UnitOfMeasure>
      <bIsWeighted>0</bIsWeighted>
      <QtyInPackage>1</QtyInPackage>
      <ItemPrice>14.50</ItemPrice>
      <UnitOfMeasurePrice>9.6667</UnitOfMeasurePrice>
      <AllowDiscount>1</AllowDiscount>
      <ItemStatus>1</ItemStatus>
      <ItemId>237251</ItemId>
    </Item>
    <Item>
      <PriceUpdateDate>2016-01-25 11:51:11</PriceUpdateDate>
      <ItemCode>7290013492005</ItemCode>
      <ItemType>0</ItemType>
      <ItemName>תפו"א למיקרוגל</ItemName>
      <ManufacturerName>,</ManufacturerName>
      <ManufactureCountry>לא ידוע</ManufactureCountry>
      <ManufacturerItemDescription>תפודים למיקרוגל</ManufacturerItemDescription>
      <UnitQty>Unknown </UnitQty>
      <Quantity>0.00</Quantity>
      <UnitOfMeasure>Unknown </UnitOfMeasure>
      <bIsWeighted>0</bIsWeighted>
      <QtyInPackage>1</QtyInPackage>
      <ItemPrice>6.90</ItemPrice>
      <UnitOfMeasurePrice>0.0000</UnitOfMeasurePrice>
      <AllowDiscount>1</AllowDiscount>
      <ItemStatus>1</ItemStatus>
      <ItemId>237269</ItemId>
    </Item>
    <Item>
      <PriceUpdateDate>2015-01-01 00:00:00</PriceUpdateDate>
      <ItemCode>121147</ItemCode>
      <ItemType>0</ItemType>
      <ItemName>גבינת מון בלאן פיקנט</ItemName>
      <ManufacturerName>גהשאן</ManufacturerName>
      <ManufactureCountry>לא ידוע</ManufactureCountry>
      <ManufacturerItemDescription>גבינת מון בלאן פיקנטי 120 גרם</ManufacturerItemDescription>
      <UnitQty>גרמים</UnitQty>
      <Quantity>120.00</Quantity>
      <UnitOfMeasure>100 גרם</UnitOfMeasure>
      <bIsWeighted>0</bIsWeighted>
      <QtyInPackage>1</QtyInPackage>
      <ItemPrice>10.90</ItemPrice>
      <UnitOfMeasurePrice>9.0833</UnitOfMeasurePrice>
      <AllowDiscount>1</AllowDiscount>
      <ItemStatus>1</ItemStatus>
      <ItemId>237282</ItemId>
    </Item>
    <Item>
      <PriceUpdateDate>2015-01-01 00:00:00</PriceUpdateDate>
      <ItemCode>835811005421</ItemCode>
      <ItemType>0</ItemType>
      <ItemName>שיפודים עבים 25 ס"מ</ItemName>
      <ManufacturerName>,</ManufacturerName>
      <ManufactureCountry>לא ידוע</ManufactureCountry>
      <ManufacturerItemDescription>שיפודים עבים 25 ס"מ 75 יח</ManufacturerItemDescription>
      <UnitQty>Unknown </UnitQty>
      <Quantity>0.00</Quantity>
      <UnitOfMeasure>Unknown </UnitOfMeasure>
      <bIsWeighted>0</bIsWeighted>
      <QtyInPackage>1</QtyInPackage>
      <ItemPrice>2.50</ItemPrice>
      <UnitOfMeasurePrice>0.0000</UnitOfMeasurePrice>
      <AllowDiscount>1</AllowDiscount>
      <ItemStatus>1</ItemStatus>
      <ItemId>237298</ItemId>
    </Item>
    <Item>
      <PriceUpdateDate>2016-04-06 12:56:44</PriceUpdateDate>
      <ItemCode>7296107000002</ItemCode>
      <ItemType>0</ItemType>
      <ItemName>מלפפון במלח 7-9 A2</ItemName>
      <ManufacturerName>,</ManufacturerName>
      <ManufactureCountry>לא ידוע</ManufactureCountry>
      <ManufacturerItemDescription>מלפפון במלח 7-9 A2</ManufacturerItemDescription>
      <UnitQty>גרמים</UnitQty>
      <Quantity>545.00</Quantity>
      <UnitOfMeasure>100 גרם</UnitOfMeasure>
      <bIsWeighted>0</bIsWeighted>
      <QtyInPackage>1</QtyInPackage>
      <ItemPrice>3.90</ItemPrice>
      <UnitOfMeasurePrice>0.7156</UnitOfMeasurePrice>
      <AllowDiscount>1</AllowDiscount>
      <ItemStatus>1</ItemStatus>
      <ItemId>237310</ItemId>
    </Item>
    <Item>
      <PriceUpdateDate>2015-01-01 00:00:00</PriceUpdateDate>
      <ItemCode>7296107000507</ItemCode>
      <ItemType>0</ItemType>
      <ItemName>מלפפון בחומץ 18-25 A</ItemName>
      <ManufacturerName>,</ManufacturerName>
      <ManufactureCountry>לא ידוע</ManufactureCountry>
      <ManufacturerItemDescription>מלפפון בחומץ 18-25 A2</ManufacturerItemDescription>
      <UnitQty>גרמים</UnitQty>
      <Quantity>545.00</Quantity>
      <UnitOfMeasure>100 גרם</UnitOfMeasure>
      <bIsWeighted>0</bIsWeighted>
      <QtyInPackage>1</QtyInPackage>
      <ItemPrice>4.90</ItemPrice>
      <UnitOfMeasurePrice>0.8991</UnitOfMeasurePrice>
      <AllowDiscount>1</AllowDiscount>
      <ItemStatus>1</ItemStatus>
      <ItemId>237314</ItemId>
    </Item>
    <Item>
      <PriceUpdateDate>2015-05-13 11:27:07</PriceUpdateDate>
      <ItemCode>7296107000187</ItemCode>
      <ItemType>0</ItemType>
      <ItemName>זיתים 12-15 A2</ItemName>
      <ManufacturerName>,</ManufacturerName>
      <ManufactureCountry>לא ידוע</ManufactureCountry>
      <ManufacturerItemDescription>זיתים 12-15 A2</ManufacturerItemDescription>
      <UnitQty>גרמים</UnitQty>
      <Quantity>545.00</Quantity>
      <UnitOfMeasure>100 גרם</UnitOfMeasure>
      <bIsWeighted>0</bIsWeighted>
      <QtyInPackage>1</QtyInPackage>
      <ItemPrice>5.90</ItemPrice>
      <UnitOfMeasurePrice>1.0826</UnitOfMeasurePrice>
      <AllowDiscount>1</AllowDiscount>
      <ItemStatus>1</ItemStatus>
      <ItemId>237323</ItemId>
    </Item>
    <Item>
      <PriceUpdateDate>2015-01-01 00:00:00</PriceUpdateDate>
      <ItemCode>3107353</ItemCode>
      <ItemType>0</ItemType>
      <ItemName>משפר אפיה בד"צ</ItemName>
      <ManufacturerName>,</ManufacturerName>
      <ManufactureCountry>לא ידוע</ManufactureCountry>
      <ManufacturerItemDescription>משפר אפיה בד"צ</ManufacturerItemDescription>
      <UnitQty>גרמים</UnitQty>
      <Quantity>100.00</Quantity>
      <UnitOfMeasure>100 גרם</UnitOfMeasure>
      <bIsWeighted>0</bIsWeighted>
      <QtyInPackage>1</QtyInPackage>
      <ItemPrice>5.90</ItemPrice>
      <UnitOfMeasurePrice>5.9000</UnitOfMeasurePrice>
      <AllowDiscount>1</AllowDiscount>
      <ItemStatus>1</ItemStatus>
      <ItemId>237341</ItemId>
    </Item>
    <Item>
      <PriceUpdateDate>2015-01-01 00:00:00</PriceUpdateDate>
      <ItemCode>8571050</ItemCode>
      <ItemType>0</ItemType>
      <ItemName>קפרינה בטעמים 500 גר</ItemName>
      <ManufacturerName>,</ManufacturerName>
      <ManufactureCountry>לא ידוע</ManufactureCountry>
      <ManufacturerItemDescription>קפרינה בטעמים 500 גרם</ManufacturerItemDescription>
      <UnitQty>גרמים</UnitQty>
      <Quantity>500.00</Quantity>
      <UnitOfMeasure>100 גרם</UnitOfMeasure>
      <bIsWeighted>0</bIsWeighted>
      <QtyInPackage>1</QtyInPackage>
      <ItemPrice>32.90</ItemPrice>
      <UnitOfMeasurePrice>6.5800</UnitOfMeasurePrice>
      <AllowDiscount>1</AllowDiscount>
      <ItemStatus>1</ItemStatus>
      <ItemId>237374</ItemId>
    </Item>
    <Item>
      <PriceUpdateDate>2015-01-01 00:00:00</PriceUpdateDate>
      <ItemCode>6920737</ItemCode>
      <ItemType>0</ItemType>
      <ItemName>גבינת שמנת טבעי 500</ItemName>
      <ManufacturerName>גבינות הכפר בעמ</ManufacturerName>
      <ManufactureCountry>לא ידוע</ManufactureCountry>
      <ManufacturerItemDescription>גבינת שמנת טבעי 500 גרם</ManufacturerItemDescription>
      <UnitQty>גרמים</UnitQty>
      <Quantity>500.00</Quantity>
      <UnitOfMeasure>100 גרם</UnitOfMeasure>
      <bIsWeighted>0</bIsWeighted>
      <QtyInPackage>1</QtyInPackage>
      <ItemPrice>13.90</ItemPrice>
      <UnitOfMeasurePrice>2.7800</UnitOfMeasurePrice>
      <AllowDiscount>1</AllowDiscount>
      <ItemStatus>1</ItemStatus>
      <ItemId>237376</ItemId>
    </Item>
    <Item>
      <PriceUpdateDate>2015-01-01 00:00:00</PriceUpdateDate>
      <ItemCode>6920638</ItemCode>
      <ItemType>0</ItemType>
      <ItemName>גבינת שמנת זיתים 500</ItemName>
      <ManufacturerName>גבינות הכפר בעמ</ManufacturerName>
      <ManufactureCountry>לא ידוע</ManufactureCountry>
      <ManufacturerItemDescription>גבינת שמנת זיתים 500 גרם</ManufacturerItemDescription>
      <UnitQty>גרמים</UnitQty>
      <Quantity>500.00</Quantity>
      <UnitOfMeasure>100 גרם</UnitOfMeasure>
      <bIsWeighted>0</bIsWeighted>
      <QtyInPackage>1</QtyInPackage>
      <ItemPrice>13.90</ItemPrice>
      <UnitOfMeasurePrice>2.7800</UnitOfMeasurePrice>
      <AllowDiscount>1</AllowDiscount>
      <ItemStatus>1</ItemStatus>
      <ItemId>237377</ItemId>
    </Item>
    <Item>
      <PriceUpdateDate>2015-01-01 00:00:00</PriceUpdateDate>
      <ItemCode>6920744</ItemCode>
      <ItemType>0</ItemType>
      <ItemName>גבינת שמנת שום שמיר</ItemName>
      <ManufacturerName>גבינות הכפר בעמ</ManufacturerName>
      <ManufactureCountry>לא ידוע</ManufactureCountry>
      <ManufacturerItemDescription>גבינת שמנת שום שמיר 500 גרם</ManufacturerItemDescription>
      <UnitQty>גרמים</UnitQty>
      <Quantity>500.00</Quantity>
      <UnitOfMeasure>100 גרם</UnitOfMeasure>
      <bIsWeighted>0</bIsWeighted>
      <QtyInPackage>1</QtyInPackage>
      <ItemPrice>13.90</ItemPrice>
      <UnitOfMeasurePrice>2.7800</UnitOfMeasurePrice>
      <AllowDiscount>1</AllowDiscount>
      <ItemStatus>1</ItemStatus>
      <ItemId>237378</ItemId>
    </Item>
    <Item>
      <PriceUpdateDate>2016-05-18 16:57:17</PriceUpdateDate>
      <ItemCode>1104</ItemCode>
      <ItemType>0</ItemType>
      <ItemName>פטריות חורש יח</ItemName>
      <ManufacturerName>,</ManufacturerName>
      <ManufactureCountry>לא ידוע</ManufactureCountry>
      <ManufacturerItemDescription>פטריות חורש יח</ManufacturerItemDescription>
      <UnitQty>Unknown </UnitQty>
      <Quantity>0.00</Quantity>
      <UnitOfMeasure>Unknown </UnitOfMeasure>
      <bIsWeighted>0</bIsWeighted>
      <QtyInPackage>1</QtyInPackage>
      <ItemPrice>9.90</ItemPrice>
      <UnitOfMeasurePrice>0.0000</UnitOfMeasurePrice>
      <AllowDiscount>1</AllowDiscount>
      <ItemStatus>1</ItemStatus>
      <ItemId>237394</ItemId>
    </Item>
    <Item>
      <PriceUpdateDate>2015-01-01 00:00:00</PriceUpdateDate>
      <ItemCode>7290105361714</ItemCode>
      <ItemType>0</ItemType>
      <ItemName>טבלת פסק זמן שוקולד</ItemName>
      <ManufacturerName>,</ManufacturerName>
      <ManufactureCountry>לא ידוע</ManufactureCountry>
      <ManufacturerItemDescription>טבלת פסק זמן שוקולד לבן בד"צ עד"ח</ManufacturerItemDescription>
      <UnitQty>גרמים</UnitQty>
      <Quantity>110.00</Quantity>
      <UnitOfMeasure>100 גרם</UnitOfMeasure>
      <bIsWeighted>0</bIsWeighted>
      <QtyInPackage>1</QtyInPackage>
      <ItemPrice>7.90</ItemPrice>
      <UnitOfMeasurePrice>7.1818</UnitOfMeasurePrice>
      <AllowDiscount>1</AllowDiscount>
      <ItemStatus>1</ItemStatus>
      <ItemId>237401</ItemId>
    </Item>
    <Item>
      <PriceUpdateDate>2016-03-01 11:17:27</PriceUpdateDate>
      <ItemCode>7290000907833</ItemCode>
      <ItemType>1</ItemType>
      <ItemName>לאפי טאפי בננה 24 יח</ItemName>
      <ManufacturerName>,</ManufacturerName>
      <ManufactureCountry>לא ידוע</ManufactureCountry>
      <ManufacturerItemDescription>לאפי טאפי בננה 24 יח</ManufacturerItemDescription>
      <UnitQty>גרמים</UnitQty>
      <Quantity>551.00</Quantity>
      <UnitOfMeasure>100 גרם</UnitOfMeasure>
      <bIsWeighted>0</bIsWeighted>
      <QtyInPackage>1</QtyInPackage>
      <ItemPrice>14.90</ItemPrice>
      <UnitOfMeasurePrice>2.7042</UnitOfMeasurePrice>
      <AllowDiscount>1</AllowDiscount>
      <ItemStatus>1</ItemStatus>
      <ItemId>267053</ItemId>
    </Item>
    <Item>
      <PriceUpdateDate>2015-01-01 00:00:00</PriceUpdateDate>
      <ItemCode>4026059</ItemCode>
      <ItemType>0</ItemType>
      <ItemName>גאשרס טריפל שוק 1/5</ItemName>
      <ManufacturerName>,</ManufacturerName>
      <ManufactureCountry>לא ידוע</ManufactureCountry>
      <ManufacturerItemDescription>גאשרס טריפל שוק 1/5</ManufacturerItemDescription>
      <UnitQty>גרמים</UnitQty>
      <Quantity>125.00</Quantity>
      <UnitOfMeasure>100 גרם</UnitOfMeasure>
      <bIsWeighted>0</bIsWeighted>
      <QtyInPackage>1</QtyInPackage>
      <ItemPrice>9.90</ItemPrice>
      <UnitOfMeasurePrice>7.9200</UnitOfMeasurePrice>
      <AllowDiscount>1</AllowDiscount>
      <ItemStatus>1</ItemStatus>
      <ItemId>237407</ItemId>
    </Item>
    <Item>
      <PriceUpdateDate>2015-01-01 00:00:00</PriceUpdateDate>
      <ItemCode>4026011</ItemCode>
      <ItemType>0</ItemType>
      <ItemName>גאשרס טריפל תות 1/5</ItemName>
      <ManufacturerName>,</ManufacturerName>
      <ManufactureCountry>לא ידוע</ManufactureCountry>
      <ManufacturerItemDescription>גאשרס טריפל תות 1/5</ManufacturerItemDescription>
      <UnitQty>גרמים</UnitQty>
      <Quantity>128.00</Quantity>
      <UnitOfMeasure>100 גרם</UnitOfMeasure>
      <bIsWeighted>0</bIsWeighted>
      <QtyInPackage>1</QtyInPackage>
      <ItemPrice>9.90</ItemPrice>
      <UnitOfMeasurePrice>7.7344</UnitOfMeasurePrice>
      <AllowDiscount>1</AllowDiscount>
      <ItemStatus>1</ItemStatus>
      <ItemId>237409</ItemId>
    </Item>
    <Item>
      <PriceUpdateDate>2015-01-01 00:00:00</PriceUpdateDate>
      <ItemCode>7290013566867</ItemCode>
      <ItemType>0</ItemType>
      <ItemName>מאגדת חמשושים טבעי</ItemName>
      <ManufacturerName>גלידות נסטלה</ManufacturerName>
      <ManufactureCountry>לא ידוע</ManufactureCountry>
      <ManufacturerItemDescription>מאגדת חמשושים טבעי</ManufacturerItemDescription>
      <UnitQty>Unknown </UnitQty>
      <Quantity>0.00</Quantity>
      <UnitOfMeasure>Unknown </UnitOfMeasure>
      <bIsWeighted>0</bIsWeighted>
      <QtyInPackage>1</QtyInPackage>
      <ItemPrice>18.90</ItemPrice>
      <UnitOfMeasurePrice>0.0000</UnitOfMeasurePrice>
      <AllowDiscount>1</AllowDiscount>
      <ItemStatus>1</ItemStatus>
      <ItemId>237506</ItemId>
    </Item>
    <Item>
      <PriceUpdateDate>2015-01-01 00:00:00</PriceUpdateDate>
      <ItemCode>2007395</ItemCode>
      <ItemType>0</ItemType>
      <ItemName>דובדבנים מסוכרים 100</ItemName>
      <ManufacturerName>הנמל</ManufacturerName>
      <ManufactureCountry>ישראל</ManufactureCountry>
      <ManufacturerItemDescription>דובדבנים מסוכרים 100 גרם</ManufacturerItemDescription>
      <UnitQty>גרמים</UnitQty>
      <Quantity>100.00</Quantity>
      <UnitOfMeasure>100 גרם</UnitOfMeasure>
      <bIsWeighted>0</bIsWeighted>
      <QtyInPackage>1</QtyInPackage>
      <ItemPrice>5.90</ItemPrice>
      <UnitOfMeasurePrice>5.9000</UnitOfMeasurePrice>
      <AllowDiscount>1</AllowDiscount>
      <ItemStatus>1</ItemStatus>
      <ItemId>237517</ItemId>
    </Item>
    <Item>
      <PriceUpdateDate>2015-01-01 00:00:00</PriceUpdateDate>
      <ItemCode>7290105360038</ItemCode>
      <ItemType>0</ItemType>
      <ItemName>שוקולד חלב מגדים 7 י</ItemName>
      <ManufacturerName>,</ManufacturerName>
      <ManufactureCountry>לא ידוע</ManufactureCountry>
      <ManufacturerItemDescription>שוקולד חלב מגדים 7 יח</ManufacturerItemDescription>
      <UnitQty>גרמים</UnitQty>
      <Quantity>700.00</Quantity>
      <UnitOfMeasure>100 גרם</UnitOfMeasure>
      <bIsWeighted>0</bIsWeighted>
      <QtyInPackage>1</QtyInPackage>
      <ItemPrice>22.90</ItemPrice>
      <UnitOfMeasurePrice>3.2714</UnitOfMeasurePrice>
      <AllowDiscount>1</AllowDiscount>
      <ItemStatus>1</ItemStatus>
      <ItemId>237580</ItemId>
    </Item>
    <Item>
      <PriceUpdateDate>2015-01-01 00:00:00</PriceUpdateDate>
      <ItemCode>7290105366108</ItemCode>
      <ItemType>0</ItemType>
      <ItemName>שוקולד מריר מגדים 7</ItemName>
      <ManufacturerName>,</ManufacturerName>
      <ManufactureCountry>לא ידוע</ManufactureCountry>
      <ManufacturerItemDescription>שוקולד מריר מגדים 7 יח</ManufacturerItemDescription>
      <UnitQty>גרמים</UnitQty>
      <Quantity>700.00</Quantity>
      <UnitOfMeasure>100 גרם</UnitOfMeasure>
      <bIsWeighted>0</bIsWeighted>
      <QtyInPackage>1</QtyInPackage>
      <ItemPrice>22.90</ItemPrice>
      <UnitOfMeasurePrice>3.2714</UnitOfMeasurePrice>
      <AllowDiscount>1</AllowDiscount>
      <ItemStatus>1</ItemStatus>
      <ItemId>237581</ItemId>
    </Item>
    <Item>
      <PriceUpdateDate>2015-01-01 00:00:00</PriceUpdateDate>
      <ItemCode>7290013725820</ItemCode>
      <ItemType>0</ItemType>
      <ItemName>אגוזי לוז בשוקולד שק</ItemName>
      <ManufacturerName>שקדיה</ManufacturerName>
      <ManufactureCountry>ישראל</ManufactureCountry>
      <ManufacturerItemDescription>אגוזי לוז בשוקולד שקדיה 160 גרם</ManufacturerItemDescription>
      <UnitQty>גרמים</UnitQty>
      <Quantity>160.00</Quantity>
      <UnitOfMeasure>100 גרם</UnitOfMeasure>
      <bIsWeighted>0</bIsWeighted>
      <QtyInPackage>1</QtyInPackage>
      <ItemPrice>9.90</ItemPrice>
      <UnitOfMeasurePrice>6.1875</UnitOfMeasurePrice>
      <AllowDiscount>1</AllowDiscount>
      <ItemStatus>1</ItemStatus>
      <ItemId>237593</ItemId>
    </Item>
    <Item>
      <PriceUpdateDate>2015-01-01 00:00:00</PriceUpdateDate>
      <ItemCode>7290015014632</ItemCode>
      <ItemType>0</ItemType>
      <ItemName>עירית יח</ItemName>
      <ManufacturerName>,</ManufacturerName>
      <ManufactureCountry>לא ידוע</ManufactureCountry>
      <ManufacturerItemDescription>עירית יח</ManufacturerItemDescription>
      <UnitQty>Unknown </UnitQty>
      <Quantity>0.00</Quantity>
      <UnitOfMeasure>Unknown </UnitOfMeasure>
      <bIsWeighted>0</bIsWeighted>
      <QtyInPackage>1</QtyInPackage>
      <ItemPrice>6.90</ItemPrice>
      <UnitOfMeasurePrice>0.0000</UnitOfMeasurePrice>
      <AllowDiscount>1</AllowDiscount>
      <ItemStatus>1</ItemStatus>
      <ItemId>254829</ItemId>
    </Item>
    <Item>
      <PriceUpdateDate>2015-01-01 00:00:00</PriceUpdateDate>
      <ItemCode>786460102620</ItemCode>
      <ItemType>0</ItemType>
      <ItemName>כוסות לחיים 24 יח מו</ItemName>
      <ManufacturerName>HANTRONIX</ManufacturerName>
      <ManufactureCountry>לא ידוע</ManufactureCountry>
      <ManufacturerItemDescription>כוסות לחיים 24 יח מוכסף</ManufacturerItemDescription>
      <UnitQty>Unknown </UnitQty>
      <Quantity>0.00</Quantity>
      <UnitOfMeasure>Unknown </UnitOfMeasure>
      <bIsWeighted>0</bIsWeighted>
      <QtyInPackage>1</QtyInPackage>
      <ItemPrice>9.90</ItemPrice>
      <UnitOfMeasurePrice>0.0000</UnitOfMeasurePrice>
      <AllowDiscount>1</AllowDiscount>
      <ItemStatus>1</ItemStatus>
      <ItemId>237633</ItemId>
    </Item>
    <Item>
      <PriceUpdateDate>2015-01-01 00:00:00</PriceUpdateDate>
      <ItemCode>786460103238</ItemCode>
      <ItemType>0</ItemType>
      <ItemName>מגש גורמה קטן קרם 10</ItemName>
      <ManufacturerName>HANTRONIX</ManufacturerName>
      <ManufactureCountry>לא ידוע</ManufactureCountry>
      <ManufacturerItemDescription>מגש גורמה קטן קרם 10 יח</ManufacturerItemDescription>
      <UnitQty>Unknown </UnitQty>
      <Quantity>0.00</Quantity>
      <UnitOfMeasure>Unknown </UnitOfMeasure>
      <bIsWeighted>0</bIsWeighted>
      <QtyInPackage>1</QtyInPackage>
      <ItemPrice>14.90</ItemPrice>
      <UnitOfMeasurePrice>0.0000</UnitOfMeasurePrice>
      <AllowDiscount>1</AllowDiscount>
      <ItemStatus>1</ItemStatus>
      <ItemId>237656</ItemId>
    </Item>
    <Item>
      <PriceUpdateDate>2015-01-01 00:00:00</PriceUpdateDate>
      <ItemCode>7290100926277</ItemCode>
      <ItemType>0</ItemType>
      <ItemName>גל  כביסה פרסיל קולו</ItemName>
      <ManufacturerName>הנקל סוד</ManufacturerName>
      <ManufactureCountry>לא ידוע</ManufactureCountry>
      <ManufacturerItemDescription>גל  כביסה פרסיל קולור 5 ליטר</ManufacturerItemDescription>
      <UnitQty>ליטרים</UnitQty>
      <Quantity>5.00</Quantity>
      <UnitOfMeasure>ליטר    </UnitOfMeasure>
      <bIsWeighted>0</bIsWeighted>
      <QtyInPackage>1</QtyInPackage>
      <ItemPrice>59.90</ItemPrice>
      <UnitOfMeasurePrice>11.9800</UnitOfMeasurePrice>
      <AllowDiscount>1</AllowDiscount>
      <ItemStatus>1</ItemStatus>
      <ItemId>237712</ItemId>
    </Item>
    <Item>
      <PriceUpdateDate>2015-01-01 00:00:00</PriceUpdateDate>
      <ItemCode>7290104726712</ItemCode>
      <ItemType>0</ItemType>
      <ItemName>מארז מעדני מילקי שמי</ItemName>
      <ManufacturerName>שטראוס</ManufacturerName>
      <ManufactureCountry>לא ידוע</ManufactureCountry>
      <ManufacturerItemDescription>מארז מילקי שמיניה בד"צ הרב רובין</ManufacturerItemDescription>
      <UnitQty>קילוגרמים</UnitQty>
      <Quantity>1.06</Quantity>
      <UnitOfMeasure>ק"ג     </UnitOfMeasure>
      <bIsWeighted>0</bIsWeighted>
      <QtyInPackage>1</QtyInPackage>
      <ItemPrice>19.90</ItemPrice>
      <UnitOfMeasurePrice>18.7736</UnitOfMeasurePrice>
      <AllowDiscount>1</AllowDiscount>
      <ItemStatus>1</ItemStatus>
      <ItemId>237725</ItemId>
    </Item>
    <Item>
      <PriceUpdateDate>2015-09-20 12:53:32</PriceUpdateDate>
      <ItemCode>7290013269157</ItemCode>
      <ItemType>0</ItemType>
      <ItemName>מקסימה למייבש לבנדר</ItemName>
      <ManufacturerName>,</ManufacturerName>
      <ManufactureCountry>לא ידוע</ManufactureCountry>
      <ManufacturerItemDescription>מקסימה למייבש לבנדר 750 מ"ל</ManufacturerItemDescription>
      <UnitQty>מיליליטרים</UnitQty>
      <Quantity>750.00</Quantity>
      <UnitOfMeasure>100 מ"ל</UnitOfMeasure>
      <bIsWeighted>0</bIsWeighted>
      <QtyInPackage>1</QtyInPackage>
      <ItemPrice>15.90</ItemPrice>
      <UnitOfMeasurePrice>2.1200</UnitOfMeasurePrice>
      <AllowDiscount>1</AllowDiscount>
      <ItemStatus>1</ItemStatus>
      <ItemId>237726</ItemId>
    </Item>
    <Item>
      <PriceUpdateDate>2015-12-21 15:10:48</PriceUpdateDate>
      <ItemCode>7290004645069</ItemCode>
      <ItemType>1</ItemType>
      <ItemName>הליבוט פרוס בלי עור</ItemName>
      <ManufacturerName>,</ManufacturerName>
      <ManufactureCountry>נורווגיה</ManufactureCountry>
      <ManufacturerItemDescription>הליבוט פרוס ללא עור</ManufacturerItemDescription>
      <UnitQty>קילוגרמים</UnitQty>
      <Quantity>1.00</Quantity>
      <UnitOfMeasure>ק"ג</UnitOfMeasure>
      <bIsWeighted>1</bIsWeighted>
      <QtyInPackage>לא ידוע</QtyInPackage>
      <ItemPrice>79.90</ItemPrice>
      <UnitOfMeasurePrice>79.9000</UnitOfMeasurePrice>
      <AllowDiscount>1</AllowDiscount>
      <ItemStatus>1</ItemStatus>
      <ItemId>266206</ItemId>
    </Item>
    <Item>
      <PriceUpdateDate>2015-01-01 00:00:00</PriceUpdateDate>
      <ItemCode>7290013269911</ItemCode>
      <ItemType>0</ItemType>
      <ItemName>סנו K333 קוטל חרקים</ItemName>
      <ManufacturerName>סנו</ManufacturerName>
      <ManufactureCountry>לא ידוע</ManufactureCountry>
      <ManufacturerItemDescription>סנו K333 קוטל חרקים 750 מ"ל</ManufacturerItemDescription>
      <UnitQty>מיליליטרים</UnitQty>
      <Quantity>750.00</Quantity>
      <UnitOfMeasure>100 מ"ל</UnitOfMeasure>
      <bIsWeighted>0</bIsWeighted>
      <QtyInPackage>1</QtyInPackage>
      <ItemPrice>28.90</ItemPrice>
      <UnitOfMeasurePrice>3.8533</UnitOfMeasurePrice>
      <AllowDiscount>1</AllowDiscount>
      <ItemStatus>1</ItemStatus>
      <ItemId>237728</ItemId>
    </Item>
    <Item>
      <PriceUpdateDate>2015-01-01 00:00:00</PriceUpdateDate>
      <ItemCode>463377</ItemCode>
      <ItemType>0</ItemType>
      <ItemName>זית חרוזית 2א 275 גר</ItemName>
      <ManufacturerName>בית השיטה</ManufacturerName>
      <ManufactureCountry>לא ידוע</ManufactureCountry>
      <ManufacturerItemDescription>זית חרוזית 2א 275 גרם בית השיטה</ManufacturerItemDescription>
      <UnitQty>גרמים</UnitQty>
      <Quantity>275.00</Quantity>
      <UnitOfMeasure>100 גרם</UnitOfMeasure>
      <bIsWeighted>0</bIsWeighted>
      <QtyInPackage>1</QtyInPackage>
      <ItemPrice>8.90</ItemPrice>
      <UnitOfMeasurePrice>3.2364</UnitOfMeasurePrice>
      <AllowDiscount>1</AllowDiscount>
      <ItemStatus>1</ItemStatus>
      <ItemId>237733</ItemId>
    </Item>
    <Item>
      <PriceUpdateDate>2015-01-01 00:00:00</PriceUpdateDate>
      <ItemCode>463490</ItemCode>
      <ItemType>0</ItemType>
      <ItemName>טבעות זית ירוק 2א 28</ItemName>
      <ManufacturerName>בית השיטה</ManufacturerName>
      <ManufactureCountry>לא ידוע</ManufactureCountry>
      <ManufacturerItemDescription>טבעות זית ירוק 2א 280 גרם בית השיטה</ManufacturerItemDescription>
      <UnitQty>גרמים</UnitQty>
      <Quantity>275.00</Quantity>
      <UnitOfMeasure>100 גרם</UnitOfMeasure>
      <bIsWeighted>0</bIsWeighted>
      <QtyInPackage>1</QtyInPackage>
      <ItemPrice>9.20</ItemPrice>
      <UnitOfMeasurePrice>3.3455</UnitOfMeasurePrice>
      <AllowDiscount>1</AllowDiscount>
      <ItemStatus>1</ItemStatus>
      <ItemId>237734</ItemId>
    </Item>
    <Item>
      <PriceUpdateDate>2015-01-01 00:00:00</PriceUpdateDate>
      <ItemCode>463223</ItemCode>
      <ItemType>0</ItemType>
      <ItemName>זית ירוק טעם שום 2א</ItemName>
      <ManufacturerName>בית השיטה</ManufacturerName>
      <ManufactureCountry>לא ידוע</ManufactureCountry>
      <ManufacturerItemDescription>זית ירוק טעם שום 2א 340 גרם בית השיטה</ManufacturerItemDescription>
      <UnitQty>גרמים</UnitQty>
      <Quantity>340.00</Quantity>
      <UnitOfMeasure>100 גרם</UnitOfMeasure>
      <bIsWeighted>0</bIsWeighted>
      <QtyInPackage>1</QtyInPackage>
      <ItemPrice>8.90</ItemPrice>
      <UnitOfMeasurePrice>2.6176</UnitOfMeasurePrice>
      <AllowDiscount>1</AllowDiscount>
      <ItemStatus>1</ItemStatus>
      <ItemId>237736</ItemId>
    </Item>
    <Item>
      <PriceUpdateDate>2015-01-01 00:00:00</PriceUpdateDate>
      <ItemCode>467160</ItemCode>
      <ItemType>0</ItemType>
      <ItemName>מלפפון בחומץ 7-9 2א</ItemName>
      <ManufacturerName>בית השיטה</ManufacturerName>
      <ManufactureCountry>לא ידוע</ManufactureCountry>
      <ManufacturerItemDescription>מלפפון בחומץ 7-9 2א 290 גרם בית השיטה</ManufacturerItemDescription>
      <UnitQty>גרמים</UnitQty>
      <Quantity>290.00</Quantity>
      <UnitOfMeasure>100 גרם</UnitOfMeasure>
      <bIsWeighted>0</bIsWeighted>
      <QtyInPackage>1</QtyInPackage>
      <ItemPrice>5.60</ItemPrice>
      <UnitOfMeasurePrice>1.9310</UnitOfMeasurePrice>
      <AllowDiscount>1</AllowDiscount>
      <ItemStatus>1</ItemStatus>
      <ItemId>237738</ItemId>
    </Item>
    <Item>
      <PriceUpdateDate>2015-01-01 00:00:00</PriceUpdateDate>
      <ItemCode>467177</ItemCode>
      <ItemType>0</ItemType>
      <ItemName>מלפפון בחומץ 2א 12-1</ItemName>
      <ManufacturerName>בית השיטה</ManufacturerName>
      <ManufactureCountry>לא ידוע</ManufactureCountry>
      <ManufacturerItemDescription>מלפפון בחומץ 2א 12-10 290 גרם בית השיטה</ManufacturerItemDescription>
      <UnitQty>גרמים</UnitQty>
      <Quantity>290.00</Quantity>
      <UnitOfMeasure>100 גרם</UnitOfMeasure>
      <bIsWeighted>0</bIsWeighted>
      <QtyInPackage>1</QtyInPackage>
      <ItemPrice>7.20</ItemPrice>
      <UnitOfMeasurePrice>2.4828</UnitOfMeasurePrice>
      <AllowDiscount>1</AllowDiscount>
      <ItemStatus>1</ItemStatus>
      <ItemId>237739</ItemId>
    </Item>
    <Item>
      <PriceUpdateDate>2015-01-01 00:00:00</PriceUpdateDate>
      <ItemCode>7290013625410</ItemCode>
      <ItemType>0</ItemType>
      <ItemName>לפתן פלחי אפרסק צויס</ItemName>
      <ManufacturerName>,</ManufacturerName>
      <ManufactureCountry>לא ידוע</ManufactureCountry>
      <ManufacturerItemDescription>לפתן פלחי אפרסק צויס בסירופ 820 גרם טעמן</ManufacturerItemDescription>
      <UnitQty>גרמים</UnitQty>
      <Quantity>820.00</Quantity>
      <UnitOfMeasure>100 גרם</UnitOfMeasure>
      <bIsWeighted>0</bIsWeighted>
      <QtyInPackage>1</QtyInPackage>
      <ItemPrice>6.90</ItemPrice>
      <UnitOfMeasurePrice>0.8415</UnitOfMeasurePrice>
      <AllowDiscount>1</AllowDiscount>
      <ItemStatus>1</ItemStatus>
      <ItemId>237746</ItemId>
    </Item>
    <Item>
      <PriceUpdateDate>2015-10-28 11:26:26</PriceUpdateDate>
      <ItemCode>7290104855399</ItemCode>
      <ItemType>0</ItemType>
      <ItemName>מיכל 4 ליטר 5 יח</ItemName>
      <ManufacturerName>סנטר פלאסט</ManufacturerName>
      <ManufactureCountry>לא ידוע</ManufactureCountry>
      <ManufacturerItemDescription>מיכל 4 ליטר 5 יח</ManufacturerItemDescription>
      <UnitQty>Unknown </UnitQty>
      <Quantity>0.00</Quantity>
      <UnitOfMeasure>Unknown </UnitOfMeasure>
      <bIsWeighted>0</bIsWeighted>
      <QtyInPackage>1</QtyInPackage>
      <ItemPrice>19.90</ItemPrice>
      <UnitOfMeasurePrice>0.0000</UnitOfMeasurePrice>
      <AllowDiscount>1</AllowDiscount>
      <ItemStatus>1</ItemStatus>
      <ItemId>265682</ItemId>
    </Item>
    <Item>
      <PriceUpdateDate>2016-01-04 13:31:03</PriceUpdateDate>
      <ItemCode>7290103157098</ItemCode>
      <ItemType>1</ItemType>
      <ItemName>מגש עגול גדול מחולק</ItemName>
      <ManufacturerName>NINGBO</ManufacturerName>
      <ManufactureCountry>סין</ManufactureCountry>
      <ManufacturerItemDescription>מגש עגול גדול מחולק ל 6</ManufacturerItemDescription>
      <UnitQty>Unknown </UnitQty>
      <Quantity>0.00</Quantity>
      <UnitOfMeasure>Unknown </UnitOfMeasure>
      <bIsWeighted>0</bIsWeighted>
      <QtyInPackage>1</QtyInPackage>
      <ItemPrice>6.90</ItemPrice>
      <UnitOfMeasurePrice>0.0000</UnitOfMeasurePrice>
      <AllowDiscount>1</AllowDiscount>
      <ItemStatus>1</ItemStatus>
      <ItemId>266400</ItemId>
    </Item>
    <Item>
      <PriceUpdateDate>2015-01-01 00:00:00</PriceUpdateDate>
      <ItemCode>466163</ItemCode>
      <ItemType>0</ItemType>
      <ItemName>מלפפון במלח 7-9 2א 2</ItemName>
      <ManufacturerName>בית השיטה</ManufacturerName>
      <ManufactureCountry>לא ידוע</ManufactureCountry>
      <ManufacturerItemDescription>מלפפון במלח 7-9 2א 290 גרם בית השיטה</ManufacturerItemDescription>
      <UnitQty>גרמים</UnitQty>
      <Quantity>290.00</Quantity>
      <UnitOfMeasure>100 גרם</UnitOfMeasure>
      <bIsWeighted>0</bIsWeighted>
      <QtyInPackage>1</QtyInPackage>
      <ItemPrice>5.60</ItemPrice>
      <UnitOfMeasurePrice>1.9310</UnitOfMeasurePrice>
      <AllowDiscount>1</AllowDiscount>
      <ItemStatus>1</ItemStatus>
      <ItemId>237784</ItemId>
    </Item>
    <Item>
      <PriceUpdateDate>2015-01-01 00:00:00</PriceUpdateDate>
      <ItemCode>466194</ItemCode>
      <ItemType>0</ItemType>
      <ItemName>מלפפון במלח 18-25 2א</ItemName>
      <ManufacturerName>בית השיטה</ManufacturerName>
      <ManufactureCountry>לא ידוע</ManufactureCountry>
      <ManufacturerItemDescription>מלפפון במלח 18-25 2א 320 גרם בית השיטה</ManufacturerItemDescription>
      <UnitQty>גרמים</UnitQty>
      <Quantity>320.00</Quantity>
      <UnitOfMeasure>100 גרם</UnitOfMeasure>
      <bIsWeighted>0</bIsWeighted>
      <QtyInPackage>1</QtyInPackage>
      <ItemPrice>10.90</ItemPrice>
      <UnitOfMeasurePrice>3.4063</UnitOfMeasurePrice>
      <AllowDiscount>1</AllowDiscount>
      <ItemStatus>1</ItemStatus>
      <ItemId>237786</ItemId>
    </Item>
    <Item>
      <PriceUpdateDate>2015-09-21 08:18:20</PriceUpdateDate>
      <ItemCode>7290104508394</ItemCode>
      <ItemType>0</ItemType>
      <ItemName>עוגת שיש אגוזים 380</ItemName>
      <ManufacturerName>אסם</ManufacturerName>
      <ManufactureCountry>לא ידוע</ManufactureCountry>
      <ManufacturerItemDescription>עוגת שיש אגוזים 380 גרם</ManufacturerItemDescription>
      <UnitQty>גרמים</UnitQty>
      <Quantity>380.00</Quantity>
      <UnitOfMeasure>100 גרם</UnitOfMeasure>
      <bIsWeighted>0</bIsWeighted>
      <QtyInPackage>1</QtyInPackage>
      <ItemPrice>9.90</ItemPrice>
      <UnitOfMeasurePrice>2.6053</UnitOfMeasurePrice>
      <AllowDiscount>1</AllowDiscount>
      <ItemStatus>1</ItemStatus>
      <ItemId>237792</ItemId>
    </Item>
    <Item>
      <PriceUpdateDate>2015-01-01 00:00:00</PriceUpdateDate>
      <ItemCode>75693</ItemCode>
      <ItemType>0</ItemType>
      <ItemName>עוגת שמרים בריוש שוק</ItemName>
      <ManufacturerName>אסם</ManufacturerName>
      <ManufactureCountry>לא ידוע</ManufactureCountry>
      <ManufacturerItemDescription>עוגת שמרים בריוש שוקולד 360 גרם</ManufacturerItemDescription>
      <UnitQty>גרמים</UnitQty>
      <Quantity>360.00</Quantity>
      <UnitOfMeasure>100 גרם</UnitOfMeasure>
      <bIsWeighted>0</bIsWeighted>
      <QtyInPackage>1</QtyInPackage>
      <ItemPrice>16.90</ItemPrice>
      <UnitOfMeasurePrice>4.6944</UnitOfMeasurePrice>
      <AllowDiscount>1</AllowDiscount>
      <ItemStatus>1</ItemStatus>
      <ItemId>237803</ItemId>
    </Item>
    <Item>
      <PriceUpdateDate>2015-09-09 15:55:37</PriceUpdateDate>
      <ItemCode>8690531031370</ItemCode>
      <ItemType>0</ItemType>
      <ItemName>פלפלים ירוקים חריפים</ItemName>
      <ManufacturerName>,</ManufacturerName>
      <ManufactureCountry>לא ידוע</ManufactureCountry>
      <ManufacturerItemDescription>פלפלים ירוקים חריפים כבושים 340</ManufacturerItemDescription>
      <UnitQty>גרמים</UnitQty>
      <Quantity>340.00</Quantity>
      <UnitOfMeasure>100 גרם</UnitOfMeasure>
      <bIsWeighted>0</bIsWeighted>
      <QtyInPackage>1</QtyInPackage>
      <ItemPrice>9.90</ItemPrice>
      <UnitOfMeasurePrice>2.9118</UnitOfMeasurePrice>
      <AllowDiscount>1</AllowDiscount>
      <ItemStatus>1</ItemStatus>
      <ItemId>237825</ItemId>
    </Item>
    <Item>
      <PriceUpdateDate>2015-09-09 15:55:38</PriceUpdateDate>
      <ItemCode>8690531220170</ItemCode>
      <ItemType>0</ItemType>
      <ItemName>שום כבוש 180 גרם</ItemName>
      <ManufacturerName>,</ManufacturerName>
      <ManufactureCountry>לא ידוע</ManufactureCountry>
      <ManufacturerItemDescription>שום 180גרם</ManufacturerItemDescription>
      <UnitQty>גרמים</UnitQty>
      <Quantity>180.00</Quantity>
      <UnitOfMeasure>100 גרם</UnitOfMeasure>
      <bIsWeighted>0</bIsWeighted>
      <QtyInPackage>1</QtyInPackage>
      <ItemPrice>9.90</ItemPrice>
      <UnitOfMeasurePrice>5.5000</UnitOfMeasurePrice>
      <AllowDiscount>1</AllowDiscount>
      <ItemStatus>1</ItemStatus>
      <ItemId>237833</ItemId>
    </Item>
    <Item>
      <PriceUpdateDate>2015-09-09 15:55:38</PriceUpdateDate>
      <ItemCode>8690531401722</ItemCode>
      <ItemType>0</ItemType>
      <ItemName>פלפל אדום קלוי 680 ג</ItemName>
      <ManufacturerName>,</ManufacturerName>
      <ManufactureCountry>לא ידוע</ManufactureCountry>
      <ManufacturerItemDescription>פלפל אדום קלוי 680 גרם</ManufacturerItemDescription>
      <UnitQty>גרמים</UnitQty>
      <Quantity>680.00</Quantity>
      <UnitOfMeasure>100 גרם</UnitOfMeasure>
      <bIsWeighted>0</bIsWeighted>
      <QtyInPackage>1</QtyInPackage>
      <ItemPrice>9.90</ItemPrice>
      <UnitOfMeasurePrice>1.4559</UnitOfMeasurePrice>
      <AllowDiscount>1</AllowDiscount>
      <ItemStatus>1</ItemStatus>
      <ItemId>237835</ItemId>
    </Item>
    <Item>
      <PriceUpdateDate>2016-05-05 16:25:56</PriceUpdateDate>
      <ItemCode>7290013268228</ItemCode>
      <ItemType>0</ItemType>
      <ItemName>דאודורנט קרמה ספרי פ</ItemName>
      <ManufacturerName>אמיליה קוסמטיקס</ManufacturerName>
      <ManufactureCountry>לא ידוע</ManufactureCountry>
      <ManufacturerItemDescription>דאודורנט קרמה ספרי פרח מים  150 מ"ל</ManufacturerItemDescription>
      <UnitQty>מיליליטרים</UnitQty>
      <Quantity>150.00</Quantity>
      <UnitOfMeasure>100 מ"ל</UnitOfMeasure>
      <bIsWeighted>0</bIsWeighted>
      <QtyInPackage>1</QtyInPackage>
      <ItemPrice>9.90</ItemPrice>
      <UnitOfMeasurePrice>6.6000</UnitOfMeasurePrice>
      <AllowDiscount>1</AllowDiscount>
      <ItemStatus>1</ItemStatus>
      <ItemId>268097</ItemId>
    </Item>
    <Item>
      <PriceUpdateDate>2015-01-01 00:00:00</PriceUpdateDate>
      <ItemCode>7290105180278</ItemCode>
      <ItemType>0</ItemType>
      <ItemName>משחת נעליים + ידית ח</ItemName>
      <ManufacturerName>,</ManufacturerName>
      <ManufactureCountry>לא ידוע</ManufactureCountry>
      <ManufacturerItemDescription>משחת נעליים + ידית חום 60 מ"ל</ManufacturerItemDescription>
      <UnitQty>Unknown </UnitQty>
      <Quantity>0.00</Quantity>
      <UnitOfMeasure>Unknown </UnitOfMeasure>
      <bIsWeighted>0</bIsWeighted>
      <QtyInPackage>1</QtyInPackage>
      <ItemPrice>3.90</ItemPrice>
      <UnitOfMeasurePrice>0.0000</UnitOfMeasurePrice>
      <AllowDiscount>1</AllowDiscount>
      <ItemStatus>1</ItemStatus>
      <ItemId>237838</ItemId>
    </Item>
    <Item>
      <PriceUpdateDate>2015-01-01 00:00:00</PriceUpdateDate>
      <ItemCode>7290105180261</ItemCode>
      <ItemType>0</ItemType>
      <ItemName>משחת נעליים + ידית ש</ItemName>
      <ManufacturerName>,</ManufacturerName>
      <ManufactureCountry>לא ידוע</ManufactureCountry>
      <ManufacturerItemDescription>משחת נעליים + ידית שחורה 200 מ"ל</ManufacturerItemDescription>
      <UnitQty>גרמים</UnitQty>
      <Quantity>200.00</Quantity>
      <UnitOfMeasure>100 גרם</UnitOfMeasure>
      <bIsWeighted>0</bIsWeighted>
      <QtyInPackage>1</QtyInPackage>
      <ItemPrice>9.90</ItemPrice>
      <UnitOfMeasurePrice>4.9500</UnitOfMeasurePrice>
      <AllowDiscount>1</AllowDiscount>
      <ItemStatus>1</ItemStatus>
      <ItemId>237839</ItemId>
    </Item>
    <Item>
      <PriceUpdateDate>2015-01-01 00:00:00</PriceUpdateDate>
      <ItemCode>7290101865261</ItemCode>
      <ItemType>0</ItemType>
      <ItemName>נוזל הברקה פיניש 800</ItemName>
      <ManufacturerName>רקיט בנקיזר</ManufacturerName>
      <ManufactureCountry>פולין</ManufactureCountry>
      <ManufacturerItemDescription>נוזל הברקה פיניש 800 מל</ManufacturerItemDescription>
      <UnitQty>מיליליטרים</UnitQty>
      <Quantity>800.00</Quantity>
      <UnitOfMeasure>100 מ"ל</UnitOfMeasure>
      <bIsWeighted>0</bIsWeighted>
      <QtyInPackage>1</QtyInPackage>
      <ItemPrice>19.90</ItemPrice>
      <UnitOfMeasurePrice>2.4875</UnitOfMeasurePrice>
      <AllowDiscount>1</AllowDiscount>
      <ItemStatus>1</ItemStatus>
      <ItemId>237842</ItemId>
    </Item>
    <Item>
      <PriceUpdateDate>2015-01-01 00:00:00</PriceUpdateDate>
      <ItemCode>7290105366023</ItemCode>
      <ItemType>0</ItemType>
      <ItemName>חציל בטעם כבד 400 גר</ItemName>
      <ManufacturerName>שטראוס</ManufacturerName>
      <ManufactureCountry>ישראל</ManufactureCountry>
      <ManufacturerItemDescription>חציל בטעם כבד 400 גרם טעמי השוק</ManufacturerItemDescription>
      <UnitQty>גרמים</UnitQty>
      <Quantity>400.00</Quantity>
      <UnitOfMeasure>100 גרם</UnitOfMeasure>
      <bIsWeighted>0</bIsWeighted>
      <QtyInPackage>1</QtyInPackage>
      <ItemPrice>14.90</ItemPrice>
      <UnitOfMeasurePrice>3.7250</UnitOfMeasurePrice>
      <AllowDiscount>1</AllowDiscount>
      <ItemStatus>1</ItemStatus>
      <ItemId>237870</ItemId>
    </Item>
    <Item>
      <PriceUpdateDate>2015-07-07 16:57:02</PriceUpdateDate>
      <ItemCode>56395</ItemCode>
      <ItemType>0</ItemType>
      <ItemName>מאגדת מעדן תנובה דיא</ItemName>
      <ManufacturerName>תנובה</ManufacturerName>
      <ManufactureCountry>לא ידוע</ManufactureCountry>
      <ManufacturerItemDescription>מאגדת מעדן תנובה דיאט שוקולד 0%</ManufacturerItemDescription>
      <UnitQty>Unknown </UnitQty>
      <Quantity>0.00</Quantity>
      <UnitOfMeasure>Unknown </UnitOfMeasure>
      <bIsWeighted>0</bIsWeighted>
      <QtyInPackage>1</QtyInPackage>
      <ItemPrice>11.90</ItemPrice>
      <UnitOfMeasurePrice>0.0000</UnitOfMeasurePrice>
      <AllowDiscount>1</AllowDiscount>
      <ItemStatus>1</ItemStatus>
      <ItemId>237916</ItemId>
    </Item>
    <Item>
      <PriceUpdateDate>2016-01-03 12:28:52</PriceUpdateDate>
      <ItemCode>2512004</ItemCode>
      <ItemType>0</ItemType>
      <ItemName>מלוואח צנעני 900 גרם</ItemName>
      <ManufacturerName>,</ManufacturerName>
      <ManufactureCountry>לא ידוע</ManufactureCountry>
      <ManufacturerItemDescription>מלוואח צנעני 900 גרם</ManufacturerItemDescription>
      <UnitQty>גרמים</UnitQty>
      <Quantity>900.00</Quantity>
      <UnitOfMeasure>100 גרם</UnitOfMeasure>
      <bIsWeighted>0</bIsWeighted>
      <QtyInPackage>1</QtyInPackage>
      <ItemPrice>12.90</ItemPrice>
      <UnitOfMeasurePrice>1.4333</UnitOfMeasurePrice>
      <AllowDiscount>1</AllowDiscount>
      <ItemStatus>1</ItemStatus>
      <ItemId>238019</ItemId>
    </Item>
    <Item>
      <PriceUpdateDate>2016-01-03 12:28:52</PriceUpdateDate>
      <ItemCode>2512011</ItemCode>
      <ItemType>0</ItemType>
      <ItemName>גחנון צנעני 900 גרם</ItemName>
      <ManufacturerName>,</ManufacturerName>
      <ManufactureCountry>לא ידוע</ManufactureCountry>
      <ManufacturerItemDescription>גחנון צנעני 900 גרם</ManufacturerItemDescription>
      <UnitQty>גרמים</UnitQty>
      <Quantity>900.00</Quantity>
      <UnitOfMeasure>100 גרם</UnitOfMeasure>
      <bIsWeighted>0</bIsWeighted>
      <QtyInPackage>1</QtyInPackage>
      <ItemPrice>12.90</ItemPrice>
      <UnitOfMeasurePrice>1.4333</UnitOfMeasurePrice>
      <AllowDiscount>1</AllowDiscount>
      <ItemStatus>1</ItemStatus>
      <ItemId>238020</ItemId>
    </Item>
    <Item>
      <PriceUpdateDate>2016-01-03 12:28:52</PriceUpdateDate>
      <ItemCode>2512035</ItemCode>
      <ItemType>0</ItemType>
      <ItemName>בצק עלים צנעני 1 ק"ג</ItemName>
      <ManufacturerName>,</ManufacturerName>
      <ManufactureCountry>לא ידוע</ManufactureCountry>
      <ManufacturerItemDescription>בצק עלים צנעני 1 ק"ג</ManufacturerItemDescription>
      <UnitQty>קילוגרמים</UnitQty>
      <Quantity>1.00</Quantity>
      <UnitOfMeasure>ק"ג     </UnitOfMeasure>
      <bIsWeighted>0</bIsWeighted>
      <QtyInPackage>1</QtyInPackage>
      <ItemPrice>12.90</ItemPrice>
      <UnitOfMeasurePrice>12.9000</UnitOfMeasurePrice>
      <AllowDiscount>1</AllowDiscount>
      <ItemStatus>1</ItemStatus>
      <ItemId>238021</ItemId>
    </Item>
    <Item>
      <PriceUpdateDate>2015-01-01 00:00:00</PriceUpdateDate>
      <ItemCode>7290013677174</ItemCode>
      <ItemType>0</ItemType>
      <ItemName>אורז מלא 500 גרם סלק</ItemName>
      <ManufacturerName>מיה תעשיות מזון בעמ</ManufacturerName>
      <ManufactureCountry>ישראל</ManufactureCountry>
      <ManufacturerItemDescription>אורז מלא 500 גרם סלקטד</ManufacturerItemDescription>
      <UnitQty>גרמים</UnitQty>
      <Quantity>500.00</Quantity>
      <UnitOfMeasure>100 גרם</UnitOfMeasure>
      <bIsWeighted>0</bIsWeighted>
      <QtyInPackage>1</QtyInPackage>
      <ItemPrice>7.90</ItemPrice>
      <UnitOfMeasurePrice>1.5800</UnitOfMeasurePrice>
      <AllowDiscount>1</AllowDiscount>
      <ItemStatus>1</ItemStatus>
      <ItemId>238037</ItemId>
    </Item>
    <Item>
      <PriceUpdateDate>2015-01-01 00:00:00</PriceUpdateDate>
      <ItemCode>7290013677181</ItemCode>
      <ItemType>0</ItemType>
      <ItemName>אורז יסמין 500 גרם</ItemName>
      <ManufacturerName>מיה תעשיות מזון בעמ</ManufacturerName>
      <ManufactureCountry>ישראל</ManufactureCountry>
      <ManufacturerItemDescription>אורז יסמין 500 גרם סלקטד</ManufacturerItemDescription>
      <UnitQty>גרמים</UnitQty>
      <Quantity>500.00</Quantity>
      <UnitOfMeasure>100 גרם</UnitOfMeasure>
      <bIsWeighted>0</bIsWeighted>
      <QtyInPackage>1</QtyInPackage>
      <ItemPrice>7.90</ItemPrice>
      <UnitOfMeasurePrice>1.5800</UnitOfMeasurePrice>
      <AllowDiscount>1</AllowDiscount>
      <ItemStatus>1</ItemStatus>
      <ItemId>238038</ItemId>
    </Item>
    <Item>
      <PriceUpdateDate>2015-01-01 00:00:00</PriceUpdateDate>
      <ItemCode>7290013677068</ItemCode>
      <ItemType>0</ItemType>
      <ItemName>כוסמת  500 גרם סלקטד</ItemName>
      <ManufacturerName>מיה תעשיות מזון בעמ</ManufacturerName>
      <ManufactureCountry>ישראל</ManufactureCountry>
      <ManufacturerItemDescription>כוסמת  500 גרם סלקטד</ManufacturerItemDescription>
      <UnitQty>גרמים</UnitQty>
      <Quantity>500.00</Quantity>
      <UnitOfMeasure>100 גרם</UnitOfMeasure>
      <bIsWeighted>0</bIsWeighted>
      <QtyInPackage>1</QtyInPackage>
      <ItemPrice>7.90</ItemPrice>
      <UnitOfMeasurePrice>1.5800</UnitOfMeasurePrice>
      <AllowDiscount>1</AllowDiscount>
      <ItemStatus>1</ItemStatus>
      <ItemId>238040</ItemId>
    </Item>
    <Item>
      <PriceUpdateDate>2015-01-01 00:00:00</PriceUpdateDate>
      <ItemCode>7290013677075</ItemCode>
      <ItemType>0</ItemType>
      <ItemName>חיטה 500 גרם סלקטד</ItemName>
      <ManufacturerName>,</ManufacturerName>
      <ManufactureCountry>לא ידוע</ManufactureCountry>
      <ManufacturerItemDescription>חיטה 500 גרם סלקטד</ManufacturerItemDescription>
      <UnitQty>גרמים</UnitQty>
      <Quantity>500.00</Quantity>
      <UnitOfMeasure>100 גרם</UnitOfMeasure>
      <bIsWeighted>0</bIsWeighted>
      <QtyInPackage>1</QtyInPackage>
      <ItemPrice>7.90</ItemPrice>
      <UnitOfMeasurePrice>1.5800</UnitOfMeasurePrice>
      <AllowDiscount>1</AllowDiscount>
      <ItemStatus>1</ItemStatus>
      <ItemId>238041</ItemId>
    </Item>
    <Item>
      <PriceUpdateDate>2015-01-01 00:00:00</PriceUpdateDate>
      <ItemCode>7290013677129</ItemCode>
      <ItemType>0</ItemType>
      <ItemName>שעועית מעורבת 500 גר</ItemName>
      <ManufacturerName>מיה תעשיות מזון בעמ</ManufacturerName>
      <ManufactureCountry>ישראל</ManufactureCountry>
      <ManufacturerItemDescription>שעועית מעורבת 500 גרם סלקטד</ManufacturerItemDescription>
      <UnitQty>גרמים</UnitQty>
      <Quantity>500.00</Quantity>
      <UnitOfMeasure>100 גרם</UnitOfMeasure>
      <bIsWeighted>0</bIsWeighted>
      <QtyInPackage>1</QtyInPackage>
      <ItemPrice>7.90</ItemPrice>
      <UnitOfMeasurePrice>1.5800</UnitOfMeasurePrice>
      <AllowDiscount>1</AllowDiscount>
      <ItemStatus>1</ItemStatus>
      <ItemId>238043</ItemId>
    </Item>
    <Item>
      <PriceUpdateDate>2015-01-01 00:00:00</PriceUpdateDate>
      <ItemCode>7290013677136</ItemCode>
      <ItemType>0</ItemType>
      <ItemName>חומוס לבן ענק  500 ג</ItemName>
      <ManufacturerName>מיה תעשיות מזון בעמ</ManufacturerName>
      <ManufactureCountry>ישראל</ManufactureCountry>
      <ManufacturerItemDescription>חומוס לבן ענק  500 גרם סלקטד</ManufacturerItemDescription>
      <UnitQty>גרמים</UnitQty>
      <Quantity>500.00</Quantity>
      <UnitOfMeasure>100 גרם</UnitOfMeasure>
      <bIsWeighted>0</bIsWeighted>
      <QtyInPackage>1</QtyInPackage>
      <ItemPrice>7.90</ItemPrice>
      <UnitOfMeasurePrice>1.5800</UnitOfMeasurePrice>
      <AllowDiscount>1</AllowDiscount>
      <ItemStatus>1</ItemStatus>
      <ItemId>238044</ItemId>
    </Item>
    <Item>
      <PriceUpdateDate>2015-01-01 00:00:00</PriceUpdateDate>
      <ItemCode>7290013677198</ItemCode>
      <ItemType>0</ItemType>
      <ItemName>אורז בסמטי 500 גרם ס</ItemName>
      <ManufacturerName>מיה תעשיות מזון בעמ</ManufacturerName>
      <ManufactureCountry>ישראל</ManufactureCountry>
      <ManufacturerItemDescription>אורז בסמטי 500 גרם סלקטד</ManufacturerItemDescription>
      <UnitQty>גרמים</UnitQty>
      <Quantity>500.00</Quantity>
      <UnitOfMeasure>100 גרם</UnitOfMeasure>
      <bIsWeighted>0</bIsWeighted>
      <QtyInPackage>1</QtyInPackage>
      <ItemPrice>7.90</ItemPrice>
      <UnitOfMeasurePrice>1.5800</UnitOfMeasurePrice>
      <AllowDiscount>1</AllowDiscount>
      <ItemStatus>1</ItemStatus>
      <ItemId>238045</ItemId>
    </Item>
    <Item>
      <PriceUpdateDate>2015-01-01 00:00:00</PriceUpdateDate>
      <ItemCode>6306296</ItemCode>
      <ItemType>0</ItemType>
      <ItemName>רביולי גבינה לילדים</ItemName>
      <ManufacturerName>פסטה נונה</ManufacturerName>
      <ManufactureCountry>לא ידוע</ManufactureCountry>
      <ManufacturerItemDescription>רביולי גבינה לילדים 400 גרם</ManufacturerItemDescription>
      <UnitQty>גרמים</UnitQty>
      <Quantity>400.00</Quantity>
      <UnitOfMeasure>100 גרם</UnitOfMeasure>
      <bIsWeighted>0</bIsWeighted>
      <QtyInPackage>1</QtyInPackage>
      <ItemPrice>22.90</ItemPrice>
      <UnitOfMeasurePrice>5.7250</UnitOfMeasurePrice>
      <AllowDiscount>1</AllowDiscount>
      <ItemStatus>1</ItemStatus>
      <ItemId>238057</ItemId>
    </Item>
    <Item>
      <PriceUpdateDate>2015-01-01 00:00:00</PriceUpdateDate>
      <ItemCode>7290102394326</ItemCode>
      <ItemType>0</ItemType>
      <ItemName>גבינה בולגרית 5% 250</ItemName>
      <ManufacturerName>מחלבת משק צוריאל</ManufacturerName>
      <ManufactureCountry>לא ידוע</ManufactureCountry>
      <ManufacturerItemDescription>גבינה בולגרית 5% 250 גרם</ManufacturerItemDescription>
      <UnitQty>גרמים</UnitQty>
      <Quantity>250.00</Quantity>
      <UnitOfMeasure>100 גרם</UnitOfMeasure>
      <bIsWeighted>0</bIsWeighted>
      <QtyInPackage>1</QtyInPackage>
      <ItemPrice>12.90</ItemPrice>
      <UnitOfMeasurePrice>5.1600</UnitOfMeasurePrice>
      <AllowDiscount>1</AllowDiscount>
      <ItemStatus>1</ItemStatus>
      <ItemId>238077</ItemId>
    </Item>
    <Item>
      <PriceUpdateDate>2015-07-08 16:03:23</PriceUpdateDate>
      <ItemCode>55893</ItemCode>
      <ItemType>0</ItemType>
      <ItemName>חמאה מהדרין 200 גרם</ItemName>
      <ManufacturerName>תנובה מרכז שיתופי לש</ManufacturerName>
      <ManufactureCountry>לא ידוע</ManufactureCountry>
      <ManufacturerItemDescription>חמאה מהדרין 200 גרם</ManufacturerItemDescription>
      <UnitQty>גרמים</UnitQty>
      <Quantity>200.00</Quantity>
      <UnitOfMeasure>100 גרם</UnitOfMeasure>
      <bIsWeighted>0</bIsWeighted>
      <QtyInPackage>1</QtyInPackage>
      <ItemPrice>7.50</ItemPrice>
      <UnitOfMeasurePrice>3.7500</UnitOfMeasurePrice>
      <AllowDiscount>1</AllowDiscount>
      <ItemStatus>1</ItemStatus>
      <ItemId>238079</ItemId>
    </Item>
    <Item>
      <PriceUpdateDate>2015-01-01 00:00:00</PriceUpdateDate>
      <ItemCode>6102011100053</ItemCode>
      <ItemType>0</ItemType>
      <ItemName>גומיות יוקרה</ItemName>
      <ManufacturerName>,</ManufacturerName>
      <ManufactureCountry>לא ידוע</ManufactureCountry>
      <ManufacturerItemDescription>גומיות יוקרה</ManufacturerItemDescription>
      <UnitQty>Unknown </UnitQty>
      <Quantity>0.00</Quantity>
      <UnitOfMeasure>Unknown </UnitOfMeasure>
      <bIsWeighted>0</bIsWeighted>
      <QtyInPackage>1</QtyInPackage>
      <ItemPrice>6.90</ItemPrice>
      <UnitOfMeasurePrice>0.0000</UnitOfMeasurePrice>
      <AllowDiscount>1</AllowDiscount>
      <ItemStatus>1</ItemStatus>
      <ItemId>238108</ItemId>
    </Item>
    <Item>
      <PriceUpdateDate>2015-01-01 00:00:00</PriceUpdateDate>
      <ItemCode>419220</ItemCode>
      <ItemType>0</ItemType>
      <ItemName>מארז קפה לנדוור טחון</ItemName>
      <ManufacturerName>קפה לנדוור</ManufacturerName>
      <ManufactureCountry>לא ידוע</ManufactureCountry>
      <ManufacturerItemDescription>מארז קפה לנדוור טחון טורקי 3*100 גרם</ManufacturerItemDescription>
      <UnitQty>גרמים</UnitQty>
      <Quantity>300.00</Quantity>
      <UnitOfMeasure>100 גרם</UnitOfMeasure>
      <bIsWeighted>0</bIsWeighted>
      <QtyInPackage>1</QtyInPackage>
      <ItemPrice>16.90</ItemPrice>
      <UnitOfMeasurePrice>5.6333</UnitOfMeasurePrice>
      <AllowDiscount>1</AllowDiscount>
      <ItemStatus>1</ItemStatus>
      <ItemId>238116</ItemId>
    </Item>
    <Item>
      <PriceUpdateDate>2015-01-01 00:00:00</PriceUpdateDate>
      <ItemCode>419374</ItemCode>
      <ItemType>0</ItemType>
      <ItemName>מארז קפה לנדוור טחון</ItemName>
      <ManufacturerName>קפה לנדוור</ManufacturerName>
      <ManufactureCountry>לא ידוע</ManufactureCountry>
      <ManufacturerItemDescription>מארז קפה לנדוור טחון טורקי לבוקר שלישיה</ManufacturerItemDescription>
      <UnitQty>גרמים</UnitQty>
      <Quantity>300.00</Quantity>
      <UnitOfMeasure>100 גרם</UnitOfMeasure>
      <bIsWeighted>0</bIsWeighted>
      <QtyInPackage>1</QtyInPackage>
      <ItemPrice>16.90</ItemPrice>
      <UnitOfMeasurePrice>5.6333</UnitOfMeasurePrice>
      <AllowDiscount>1</AllowDiscount>
      <ItemStatus>1</ItemStatus>
      <ItemId>238117</ItemId>
    </Item>
    <Item>
      <PriceUpdateDate>2015-01-01 00:00:00</PriceUpdateDate>
      <ItemCode>5410076353057</ItemCode>
      <ItemType>0</ItemType>
      <ItemName>אבקת כביסה תינוקלין</ItemName>
      <ManufacturerName>פרוקטר</ManufacturerName>
      <ManufactureCountry>לא ידוע</ManufactureCountry>
      <ManufacturerItemDescription>א.כביסה תינוקלין 3 ק"ג</ManufacturerItemDescription>
      <UnitQty>קילוגרמים</UnitQty>
      <Quantity>3.00</Quantity>
      <UnitOfMeasure>ק"ג     </UnitOfMeasure>
      <bIsWeighted>0</bIsWeighted>
      <QtyInPackage>1</QtyInPackage>
      <ItemPrice>39.90</ItemPrice>
      <UnitOfMeasurePrice>13.3000</UnitOfMeasurePrice>
      <AllowDiscount>1</AllowDiscount>
      <ItemStatus>1</ItemStatus>
      <ItemId>238118</ItemId>
    </Item>
    <Item>
      <PriceUpdateDate>2015-10-28 11:26:26</PriceUpdateDate>
      <ItemCode>7290104855405</ItemCode>
      <ItemType>0</ItemType>
      <ItemName>קופסת איחסון 500 מ"ל</ItemName>
      <ManufacturerName>סנטר פלאסט</ManufacturerName>
      <ManufactureCountry>לא ידוע</ManufactureCountry>
      <ManufacturerItemDescription>מיכל 0.5 ליטר 15 יח</ManufacturerItemDescription>
      <UnitQty>Unknown </UnitQty>
      <Quantity>0.00</Quantity>
      <UnitOfMeasure>Unknown </UnitOfMeasure>
      <bIsWeighted>0</bIsWeighted>
      <QtyInPackage>1</QtyInPackage>
      <ItemPrice>19.90</ItemPrice>
      <UnitOfMeasurePrice>0.0000</UnitOfMeasurePrice>
      <AllowDiscount>1</AllowDiscount>
      <ItemStatus>1</ItemStatus>
      <ItemId>265683</ItemId>
    </Item>
    <Item>
      <PriceUpdateDate>2015-01-01 00:00:00</PriceUpdateDate>
      <ItemCode>7290013702371</ItemCode>
      <ItemType>0</ItemType>
      <ItemName>מים שוופס בטעם תפוח</ItemName>
      <ManufacturerName>יפאורה תבורי</ManufacturerName>
      <ManufactureCountry>לא ידוע</ManufactureCountry>
      <ManufacturerItemDescription>מים שוופס בטעם תפוח 1.5 ליטר</ManufacturerItemDescription>
      <UnitQty>ליטרים</UnitQty>
      <Quantity>1.50</Quantity>
      <UnitOfMeasure>ליטר    </UnitOfMeasure>
      <bIsWeighted>0</bIsWeighted>
      <QtyInPackage>1</QtyInPackage>
      <ItemPrice>6.50</ItemPrice>
      <UnitOfMeasurePrice>4.3333</UnitOfMeasurePrice>
      <AllowDiscount>1</AllowDiscount>
      <ItemStatus>1</ItemStatus>
      <ItemId>238155</ItemId>
    </Item>
    <Item>
      <PriceUpdateDate>2015-01-01 00:00:00</PriceUpdateDate>
      <ItemCode>8007178120310</ItemCode>
      <ItemType>0</ItemType>
      <ItemName>חומץ בלסמי גקובזי 50</ItemName>
      <ManufacturerName>זקובזי</ManufacturerName>
      <ManufactureCountry>לא ידוע</ManufactureCountry>
      <ManufacturerItemDescription>חומץ בלסמי גקובזי 500 מ"ל</ManufacturerItemDescription>
      <UnitQty>מיליליטרים</UnitQty>
      <Quantity>500.00</Quantity>
      <UnitOfMeasure>100 מ"ל</UnitOfMeasure>
      <bIsWeighted>0</bIsWeighted>
      <QtyInPackage>1</QtyInPackage>
      <ItemPrice>19.90</ItemPrice>
      <UnitOfMeasurePrice>3.9800</UnitOfMeasurePrice>
      <AllowDiscount>1</AllowDiscount>
      <ItemStatus>1</ItemStatus>
      <ItemId>238167</ItemId>
    </Item>
    <Item>
      <PriceUpdateDate>2015-01-01 00:00:00</PriceUpdateDate>
      <ItemCode>7290105366054</ItemCode>
      <ItemType>0</ItemType>
      <ItemName>טחינה ירוקה עם פטרוז</ItemName>
      <ManufacturerName>שטראוס</ManufacturerName>
      <ManufactureCountry>ישראל</ManufactureCountry>
      <ManufacturerItemDescription>טחינה ירוקה עם פטרוזיליה 400 גרם טעמי הש</ManufacturerItemDescription>
      <UnitQty>גרמים</UnitQty>
      <Quantity>400.00</Quantity>
      <UnitOfMeasure>100 גרם</UnitOfMeasure>
      <bIsWeighted>0</bIsWeighted>
      <QtyInPackage>1</QtyInPackage>
      <ItemPrice>14.90</ItemPrice>
      <UnitOfMeasurePrice>3.7250</UnitOfMeasurePrice>
      <AllowDiscount>1</AllowDiscount>
      <ItemStatus>1</ItemStatus>
      <ItemId>238182</ItemId>
    </Item>
    <Item>
      <PriceUpdateDate>2015-12-07 13:03:03</PriceUpdateDate>
      <ItemCode>7290014011007</ItemCode>
      <ItemType>0</ItemType>
      <ItemName>חזרת ביתית  360 גרם</ItemName>
      <ManufacturerName>,</ManufacturerName>
      <ManufactureCountry>לא ידוע</ManufactureCountry>
      <ManufacturerItemDescription>חזרת ביתית  360 גרם רובינס</ManufacturerItemDescription>
      <UnitQty>גרמים</UnitQty>
      <Quantity>360.00</Quantity>
      <UnitOfMeasure>100 גרם</UnitOfMeasure>
      <bIsWeighted>0</bIsWeighted>
      <QtyInPackage>1</QtyInPackage>
      <ItemPrice>9.90</ItemPrice>
      <UnitOfMeasurePrice>2.7500</UnitOfMeasurePrice>
      <AllowDiscount>1</AllowDiscount>
      <ItemStatus>1</ItemStatus>
      <ItemId>238189</ItemId>
    </Item>
    <Item>
      <PriceUpdateDate>2015-01-01 00:00:00</PriceUpdateDate>
      <ItemCode>7290012227073</ItemCode>
      <ItemType>0</ItemType>
      <ItemName>פיצה משולש מרגריטה א</ItemName>
      <ManufacturerName>,</ManufacturerName>
      <ManufactureCountry>לא ידוע</ManufactureCountry>
      <ManufacturerItemDescription>פיצה משולש מרגריטה אישית 90 גרם</ManufacturerItemDescription>
      <UnitQty>Unknown </UnitQty>
      <Quantity>0.00</Quantity>
      <UnitOfMeasure>Unknown </UnitOfMeasure>
      <bIsWeighted>0</bIsWeighted>
      <QtyInPackage>1</QtyInPackage>
      <ItemPrice>2.50</ItemPrice>
      <UnitOfMeasurePrice>0.0000</UnitOfMeasurePrice>
      <AllowDiscount>1</AllowDiscount>
      <ItemStatus>1</ItemStatus>
      <ItemId>238194</ItemId>
    </Item>
    <Item>
      <PriceUpdateDate>2015-01-01 00:00:00</PriceUpdateDate>
      <ItemCode>480107</ItemCode>
      <ItemType>0</ItemType>
      <ItemName>קוואקר שיבולת שועל</ItemName>
      <ManufacturerName>קואקר אוטס</ManufacturerName>
      <ManufactureCountry>בריטניה</ManufactureCountry>
      <ManufacturerItemDescription>קוואקר שיבולת שועל 500 גרם ראבד בדץ</ManufacturerItemDescription>
      <UnitQty>גרמים</UnitQty>
      <Quantity>500.00</Quantity>
      <UnitOfMeasure>100 גרם</UnitOfMeasure>
      <bIsWeighted>0</bIsWeighted>
      <QtyInPackage>1</QtyInPackage>
      <ItemPrice>13.90</ItemPrice>
      <UnitOfMeasurePrice>2.7800</UnitOfMeasurePrice>
      <AllowDiscount>1</AllowDiscount>
      <ItemStatus>1</ItemStatus>
      <ItemId>238230</ItemId>
    </Item>
    <Item>
      <PriceUpdateDate>2015-01-01 00:00:00</PriceUpdateDate>
      <ItemCode>7290103153779</ItemCode>
      <ItemType>0</ItemType>
      <ItemName>מכסים לתבניות גדולות</ItemName>
      <ManufacturerName>אופל</ManufacturerName>
      <ManufactureCountry>לא ידוע</ManufactureCountry>
      <ManufacturerItemDescription>מכסים לתבניות גדולות 10 יח</ManufacturerItemDescription>
      <UnitQty>Unknown </UnitQty>
      <Quantity>0.00</Quantity>
      <UnitOfMeasure>Unknown </UnitOfMeasure>
      <bIsWeighted>0</bIsWeighted>
      <QtyInPackage>1</QtyInPackage>
      <ItemPrice>4.90</ItemPrice>
      <UnitOfMeasurePrice>0.0000</UnitOfMeasurePrice>
      <AllowDiscount>1</AllowDiscount>
      <ItemStatus>1</ItemStatus>
      <ItemId>238232</ItemId>
    </Item>
    <Item>
      <PriceUpdateDate>2015-01-01 00:00:00</PriceUpdateDate>
      <ItemCode>7290103153786</ItemCode>
      <ItemType>0</ItemType>
      <ItemName>מכסים לתבניות בינוני</ItemName>
      <ManufacturerName>אופל</ManufacturerName>
      <ManufactureCountry>לא ידוע</ManufactureCountry>
      <ManufacturerItemDescription>מכסים לתבניות בינוניות 15 יח</ManufacturerItemDescription>
      <UnitQty>Unknown </UnitQty>
      <Quantity>0.00</Quantity>
      <UnitOfMeasure>Unknown </UnitOfMeasure>
      <bIsWeighted>0</bIsWeighted>
      <QtyInPackage>1</QtyInPackage>
      <ItemPrice>4.90</ItemPrice>
      <UnitOfMeasurePrice>0.0000</UnitOfMeasurePrice>
      <AllowDiscount>1</AllowDiscount>
      <ItemStatus>1</ItemStatus>
      <ItemId>238233</ItemId>
    </Item>
    <Item>
      <PriceUpdateDate>2015-01-01 00:00:00</PriceUpdateDate>
      <ItemCode>7290103153793</ItemCode>
      <ItemType>0</ItemType>
      <ItemName>מכסים לתבניות קטנות</ItemName>
      <ManufacturerName>אופל</ManufacturerName>
      <ManufactureCountry>לא ידוע</ManufactureCountry>
      <ManufacturerItemDescription>מכסים לתבניות קטנות 20 יח</ManufacturerItemDescription>
      <UnitQty>Unknown </UnitQty>
      <Quantity>0.00</Quantity>
      <UnitOfMeasure>Unknown </UnitOfMeasure>
      <bIsWeighted>0</bIsWeighted>
      <QtyInPackage>1</QtyInPackage>
      <ItemPrice>4.90</ItemPrice>
      <UnitOfMeasurePrice>0.0000</UnitOfMeasurePrice>
      <AllowDiscount>1</AllowDiscount>
      <ItemStatus>1</ItemStatus>
      <ItemId>238234</ItemId>
    </Item>
    <Item>
      <PriceUpdateDate>2015-12-17 11:50:48</PriceUpdateDate>
      <ItemCode>7290010561247</ItemCode>
      <ItemType>0</ItemType>
      <ItemName>לחם ביתי ללא גלוטן 5</ItemName>
      <ManufacturerName>ל.ד בר אל בע"מ</ManufacturerName>
      <ManufactureCountry>ישראל</ManufactureCountry>
      <ManufacturerItemDescription>לחם ביתי ללא גלוטן 500 גרם</ManufacturerItemDescription>
      <UnitQty>גרמים</UnitQty>
      <Quantity>500.00</Quantity>
      <UnitOfMeasure>100 גרם</UnitOfMeasure>
      <bIsWeighted>0</bIsWeighted>
      <QtyInPackage>1</QtyInPackage>
      <ItemPrice>4.90</ItemPrice>
      <UnitOfMeasurePrice>0.9800</UnitOfMeasurePrice>
      <AllowDiscount>1</AllowDiscount>
      <ItemStatus>1</ItemStatus>
      <ItemId>266188</ItemId>
    </Item>
    <Item>
      <PriceUpdateDate>2015-09-20 12:48:04</PriceUpdateDate>
      <ItemCode>160771</ItemCode>
      <ItemType>0</ItemType>
      <ItemName>כריות וניל בד"צ 750</ItemName>
      <ManufacturerName>,</ManufacturerName>
      <ManufactureCountry>לא ידוע</ManufactureCountry>
      <ManufacturerItemDescription>כריות וניל בד"צ 750 גרם</ManufacturerItemDescription>
      <UnitQty>גרמים</UnitQty>
      <Quantity>750.00</Quantity>
      <UnitOfMeasure>100 גרם</UnitOfMeasure>
      <bIsWeighted>0</bIsWeighted>
      <QtyInPackage>1</QtyInPackage>
      <ItemPrice>19.90</ItemPrice>
      <UnitOfMeasurePrice>2.6533</UnitOfMeasurePrice>
      <AllowDiscount>1</AllowDiscount>
      <ItemStatus>1</ItemStatus>
      <ItemId>238241</ItemId>
    </Item>
    <Item>
      <PriceUpdateDate>2015-12-29 11:53:28</PriceUpdateDate>
      <ItemCode>163024</ItemCode>
      <ItemType>0</ItemType>
      <ItemName>רוטב חרדל דבש לייט</ItemName>
      <ManufacturerName>יוניליוור</ManufacturerName>
      <ManufactureCountry>ישראל</ManufactureCountry>
      <ManufacturerItemDescription>רוטב חרדל דבש לייט  הלמנס</ManufacturerItemDescription>
      <UnitQty>מיליליטרים</UnitQty>
      <Quantity>305.00</Quantity>
      <UnitOfMeasure>100 מ"ל</UnitOfMeasure>
      <bIsWeighted>0</bIsWeighted>
      <QtyInPackage>1</QtyInPackage>
      <ItemPrice>9.90</ItemPrice>
      <UnitOfMeasurePrice>3.2459</UnitOfMeasurePrice>
      <AllowDiscount>1</AllowDiscount>
      <ItemStatus>1</ItemStatus>
      <ItemId>238271</ItemId>
    </Item>
    <Item>
      <PriceUpdateDate>2015-12-29 11:53:28</PriceUpdateDate>
      <ItemCode>162386</ItemCode>
      <ItemType>0</ItemType>
      <ItemName>רוטב שום 300 גרם הלמ</ItemName>
      <ManufacturerName>יוניליוור</ManufacturerName>
      <ManufactureCountry>ישראל</ManufactureCountry>
      <ManufacturerItemDescription>רוטב שום 300 גרם הלמנס</ManufacturerItemDescription>
      <UnitQty>מיליליטרים</UnitQty>
      <Quantity>300.00</Quantity>
      <UnitOfMeasure>100 מ"ל</UnitOfMeasure>
      <bIsWeighted>0</bIsWeighted>
      <QtyInPackage>1</QtyInPackage>
      <ItemPrice>9.90</ItemPrice>
      <UnitOfMeasurePrice>3.3000</UnitOfMeasurePrice>
      <AllowDiscount>1</AllowDiscount>
      <ItemStatus>1</ItemStatus>
      <ItemId>238272</ItemId>
    </Item>
    <Item>
      <PriceUpdateDate>2015-01-01 00:00:00</PriceUpdateDate>
      <ItemCode>7290012025495</ItemCode>
      <ItemType>0</ItemType>
      <ItemName>טחינה אסלי 1 ק"ג</ItemName>
      <ManufacturerName>סלטי שמיר 2006 בעמ</ManufacturerName>
      <ManufactureCountry>לא ידוע</ManufactureCountry>
      <ManufacturerItemDescription>טחינה אסלי 1 ק"ג</ManufacturerItemDescription>
      <UnitQty>קילוגרמים</UnitQty>
      <Quantity>1.00</Quantity>
      <UnitOfMeasure>ק"ג     </UnitOfMeasure>
      <bIsWeighted>0</bIsWeighted>
      <QtyInPackage>1</QtyInPackage>
      <ItemPrice>9.90</ItemPrice>
      <UnitOfMeasurePrice>9.9000</UnitOfMeasurePrice>
      <AllowDiscount>1</AllowDiscount>
      <ItemStatus>1</ItemStatus>
      <ItemId>238274</ItemId>
    </Item>
    <Item>
      <PriceUpdateDate>2015-09-21 15:30:30</PriceUpdateDate>
      <ItemCode>7290104509568</ItemCode>
      <ItemType>0</ItemType>
      <ItemName>במבה קלאסי ללא גלוטן</ItemName>
      <ManufacturerName>גבעול</ManufacturerName>
      <ManufactureCountry>לא ידוע</ManufactureCountry>
      <ManufacturerItemDescription>במבה קלאסי ללא גלוטן 80 גרם</ManufacturerItemDescription>
      <UnitQty>גרמים</UnitQty>
      <Quantity>80.00</Quantity>
      <UnitOfMeasure>100 גרם</UnitOfMeasure>
      <bIsWeighted>0</bIsWeighted>
      <QtyInPackage>1</QtyInPackage>
      <ItemPrice>3.90</ItemPrice>
      <UnitOfMeasurePrice>4.8750</UnitOfMeasurePrice>
      <AllowDiscount>1</AllowDiscount>
      <ItemStatus>1</ItemStatus>
      <ItemId>238281</ItemId>
    </Item>
    <Item>
      <PriceUpdateDate>2015-01-01 00:00:00</PriceUpdateDate>
      <ItemCode>7290104503184</ItemCode>
      <ItemType>0</ItemType>
      <ItemName>עוגת שבת בראוניס שוק</ItemName>
      <ManufacturerName>אסם</ManufacturerName>
      <ManufactureCountry>לא ידוע</ManufactureCountry>
      <ManufacturerItemDescription>עוגת שבת בראוניס שוקולד ריבת חלב380 גרם</ManufacturerItemDescription>
      <UnitQty>גרמים</UnitQty>
      <Quantity>380.00</Quantity>
      <UnitOfMeasure>100 גרם</UnitOfMeasure>
      <bIsWeighted>0</bIsWeighted>
      <QtyInPackage>1</QtyInPackage>
      <ItemPrice>16.90</ItemPrice>
      <UnitOfMeasurePrice>4.4474</UnitOfMeasurePrice>
      <AllowDiscount>1</AllowDiscount>
      <ItemStatus>1</ItemStatus>
      <ItemId>238284</ItemId>
    </Item>
    <Item>
      <PriceUpdateDate>2016-02-11 13:41:34</PriceUpdateDate>
      <ItemCode>4129545</ItemCode>
      <ItemType>0</ItemType>
      <ItemName>גבינה 3% לבנה 250 ג</ItemName>
      <ManufacturerName>תנובה מרכז שיתופי לש</ManufacturerName>
      <ManufactureCountry>לא ידוע</ManufactureCountry>
      <ManufacturerItemDescription>גבינה 3% לבנה 250 ג</ManufacturerItemDescription>
      <UnitQty>גרמים</UnitQty>
      <Quantity>250.00</Quantity>
      <UnitOfMeasure>100 גרם</UnitOfMeasure>
      <bIsWeighted>0</bIsWeighted>
      <QtyInPackage>1</QtyInPackage>
      <ItemPrice>4.50</ItemPrice>
      <UnitOfMeasurePrice>1.8000</UnitOfMeasurePrice>
      <AllowDiscount>1</AllowDiscount>
      <ItemStatus>1</ItemStatus>
      <ItemId>255643</ItemId>
    </Item>
    <Item>
      <PriceUpdateDate>2015-01-01 00:00:00</PriceUpdateDate>
      <ItemCode>4011345</ItemCode>
      <ItemType>0</ItemType>
      <ItemName>תרסיס קצפת ריצ פרווה</ItemName>
      <ManufacturerName>ריץ</ManufacturerName>
      <ManufactureCountry>לא ידוע</ManufactureCountry>
      <ManufacturerItemDescription>תרסיס קצפת ריצ פרווה</ManufacturerItemDescription>
      <UnitQty>מיליליטרים</UnitQty>
      <Quantity>250.00</Quantity>
      <UnitOfMeasure>100 מ"ל</UnitOfMeasure>
      <bIsWeighted>0</bIsWeighted>
      <QtyInPackage>1</QtyInPackage>
      <ItemPrice>9.90</ItemPrice>
      <UnitOfMeasurePrice>3.9600</UnitOfMeasurePrice>
      <AllowDiscount>1</AllowDiscount>
      <ItemStatus>1</ItemStatus>
      <ItemId>238294</ItemId>
    </Item>
    <Item>
      <PriceUpdateDate>2015-01-01 00:00:00</PriceUpdateDate>
      <ItemCode>3212675</ItemCode>
      <ItemType>0</ItemType>
      <ItemName>עוגת קרנץ 500 גרם</ItemName>
      <ManufacturerName>,</ManufacturerName>
      <ManufactureCountry>לא ידוע</ManufactureCountry>
      <ManufacturerItemDescription>עוגת קרנץ 500 גרם</ManufacturerItemDescription>
      <UnitQty>גרמים</UnitQty>
      <Quantity>500.00</Quantity>
      <UnitOfMeasure>100 גרם</UnitOfMeasure>
      <bIsWeighted>0</bIsWeighted>
      <QtyInPackage>1</QtyInPackage>
      <ItemPrice>12.90</ItemPrice>
      <UnitOfMeasurePrice>2.5800</UnitOfMeasurePrice>
      <AllowDiscount>1</AllowDiscount>
      <ItemStatus>1</ItemStatus>
      <ItemId>238307</ItemId>
    </Item>
    <Item>
      <PriceUpdateDate>2015-01-01 00:00:00</PriceUpdateDate>
      <ItemCode>3212781</ItemCode>
      <ItemType>0</ItemType>
      <ItemName>עוגת דניש  450 גרם</ItemName>
      <ManufacturerName>,</ManufacturerName>
      <ManufactureCountry>לא ידוע</ManufactureCountry>
      <ManufacturerItemDescription>עוגת דניש  450 גרם</ManufacturerItemDescription>
      <UnitQty>גרמים</UnitQty>
      <Quantity>500.00</Quantity>
      <UnitOfMeasure>100 גרם</UnitOfMeasure>
      <bIsWeighted>0</bIsWeighted>
      <QtyInPackage>1</QtyInPackage>
      <ItemPrice>12.90</ItemPrice>
      <UnitOfMeasurePrice>2.5800</UnitOfMeasurePrice>
      <AllowDiscount>1</AllowDiscount>
      <ItemStatus>1</ItemStatus>
      <ItemId>238320</ItemId>
    </Item>
    <Item>
      <PriceUpdateDate>2015-01-01 00:00:00</PriceUpdateDate>
      <ItemCode>7290010777297</ItemCode>
      <ItemType>0</ItemType>
      <ItemName>פיתה 10 יח</ItemName>
      <ManufacturerName>,</ManufacturerName>
      <ManufactureCountry>לא ידוע</ManufactureCountry>
      <ManufacturerItemDescription>פיתה 10 יח</ManufacturerItemDescription>
      <UnitQty>Unknown </UnitQty>
      <Quantity>0.00</Quantity>
      <UnitOfMeasure>Unknown </UnitOfMeasure>
      <bIsWeighted>0</bIsWeighted>
      <QtyInPackage>1</QtyInPackage>
      <ItemPrice>11.90</ItemPrice>
      <UnitOfMeasurePrice>0.0000</UnitOfMeasurePrice>
      <AllowDiscount>1</AllowDiscount>
      <ItemStatus>1</ItemStatus>
      <ItemId>238395</ItemId>
    </Item>
    <Item>
      <PriceUpdateDate>2015-01-01 00:00:00</PriceUpdateDate>
      <ItemCode>7290010777280</ItemCode>
      <ItemType>0</ItemType>
      <ItemName>פיתה בריבוע 10 יח</ItemName>
      <ManufacturerName>,</ManufacturerName>
      <ManufactureCountry>לא ידוע</ManufactureCountry>
      <ManufacturerItemDescription>פיתה בריבוע 10 יח</ManufacturerItemDescription>
      <UnitQty>Unknown </UnitQty>
      <Quantity>0.00</Quantity>
      <UnitOfMeasure>Unknown </UnitOfMeasure>
      <bIsWeighted>0</bIsWeighted>
      <QtyInPackage>1</QtyInPackage>
      <ItemPrice>11.90</ItemPrice>
      <UnitOfMeasurePrice>0.0000</UnitOfMeasurePrice>
      <AllowDiscount>1</AllowDiscount>
      <ItemStatus>1</ItemStatus>
      <ItemId>238397</ItemId>
    </Item>
    <Item>
      <PriceUpdateDate>2015-01-01 00:00:00</PriceUpdateDate>
      <ItemCode>6582355</ItemCode>
      <ItemType>0</ItemType>
      <ItemName>סילאן 900 גרם שקדיה</ItemName>
      <ManufacturerName>,</ManufacturerName>
      <ManufactureCountry>לא ידוע</ManufactureCountry>
      <ManufacturerItemDescription>סילאן 900 גרם שקדיה</ManufacturerItemDescription>
      <UnitQty>גרמים</UnitQty>
      <Quantity>900.00</Quantity>
      <UnitOfMeasure>100 גרם</UnitOfMeasure>
      <bIsWeighted>0</bIsWeighted>
      <QtyInPackage>1</QtyInPackage>
      <ItemPrice>13.50</ItemPrice>
      <UnitOfMeasurePrice>1.5000</UnitOfMeasurePrice>
      <AllowDiscount>1</AllowDiscount>
      <ItemStatus>1</ItemStatus>
      <ItemId>238398</ItemId>
    </Item>
    <Item>
      <PriceUpdateDate>2015-01-01 00:00:00</PriceUpdateDate>
      <ItemCode>4267322</ItemCode>
      <ItemType>0</ItemType>
      <ItemName>עוגיות חמאה ללא סוכר</ItemName>
      <ManufacturerName>,</ManufacturerName>
      <ManufactureCountry>לא ידוע</ManufactureCountry>
      <ManufacturerItemDescription>עוגיות חמאה ללא סוכר 280 גרם</ManufacturerItemDescription>
      <UnitQty>גרמים</UnitQty>
      <Quantity>280.00</Quantity>
      <UnitOfMeasure>100 גרם</UnitOfMeasure>
      <bIsWeighted>0</bIsWeighted>
      <QtyInPackage>1</QtyInPackage>
      <ItemPrice>10.90</ItemPrice>
      <UnitOfMeasurePrice>3.8929</UnitOfMeasurePrice>
      <AllowDiscount>1</AllowDiscount>
      <ItemStatus>1</ItemStatus>
      <ItemId>238416</ItemId>
    </Item>
    <Item>
      <PriceUpdateDate>2015-01-01 00:00:00</PriceUpdateDate>
      <ItemCode>4267377</ItemCode>
      <ItemType>0</ItemType>
      <ItemName>עוגיות אגוזים ללא סו</ItemName>
      <ManufacturerName>,</ManufacturerName>
      <ManufactureCountry>לא ידוע</ManufactureCountry>
      <ManufacturerItemDescription>עוגיות אגוזים ללא סוכר 280 גרם</ManufacturerItemDescription>
      <UnitQty>גרמים</UnitQty>
      <Quantity>280.00</Quantity>
      <UnitOfMeasure>100 גרם</UnitOfMeasure>
      <bIsWeighted>0</bIsWeighted>
      <QtyInPackage>1</QtyInPackage>
      <ItemPrice>10.90</ItemPrice>
      <UnitOfMeasurePrice>3.8929</UnitOfMeasurePrice>
      <AllowDiscount>1</AllowDiscount>
      <ItemStatus>1</ItemStatus>
      <ItemId>238417</ItemId>
    </Item>
    <Item>
      <PriceUpdateDate>2015-01-01 00:00:00</PriceUpdateDate>
      <ItemCode>4267346</ItemCode>
      <ItemType>0</ItemType>
      <ItemName>עוגיות שקדים ללא סוכ</ItemName>
      <ManufacturerName>,</ManufacturerName>
      <ManufactureCountry>לא ידוע</ManufactureCountry>
      <ManufacturerItemDescription>עוגיות שקדים ללא סוכר 280 גרם</ManufacturerItemDescription>
      <UnitQty>גרמים</UnitQty>
      <Quantity>280.00</Quantity>
      <UnitOfMeasure>100 גרם</UnitOfMeasure>
      <bIsWeighted>0</bIsWeighted>
      <QtyInPackage>1</QtyInPackage>
      <ItemPrice>10.90</ItemPrice>
      <UnitOfMeasurePrice>3.8929</UnitOfMeasurePrice>
      <AllowDiscount>1</AllowDiscount>
      <ItemStatus>1</ItemStatus>
      <ItemId>238418</ItemId>
    </Item>
    <Item>
      <PriceUpdateDate>2015-01-01 00:00:00</PriceUpdateDate>
      <ItemCode>7290011133450</ItemCode>
      <ItemType>0</ItemType>
      <ItemName>פקדון בקבוק חוזר 500</ItemName>
      <ManufacturerName>,</ManufacturerName>
      <ManufactureCountry>לא ידוע</ManufactureCountry>
      <ManufacturerItemDescription>פקדון בקבוק חוזר 500 מ"ל</ManufacturerItemDescription>
      <UnitQty>Unknown </UnitQty>
      <Quantity>0.00</Quantity>
      <UnitOfMeasure>Unknown </UnitOfMeasure>
      <bIsWeighted>0</bIsWeighted>
      <QtyInPackage>1</QtyInPackage>
      <ItemPrice>1.20</ItemPrice>
      <UnitOfMeasurePrice>0.0000</UnitOfMeasurePrice>
      <AllowDiscount>1</AllowDiscount>
      <ItemStatus>1</ItemStatus>
      <ItemId>238433</ItemId>
    </Item>
    <Item>
      <PriceUpdateDate>2015-09-09 15:21:59</PriceUpdateDate>
      <ItemCode>6764072</ItemCode>
      <ItemType>0</ItemType>
      <ItemName>בירה גולדסטאר חוזר 5</ItemName>
      <ManufacturerName>טמפו</ManufacturerName>
      <ManufactureCountry>לא ידוע</ManufactureCountry>
      <ManufacturerItemDescription>בירה גולדסטאר חוזר 500 מ"ל 4.9% אלכוהול</ManufacturerItemDescription>
      <UnitQty>מיליליטרים</UnitQty>
      <Quantity>500.00</Quantity>
      <UnitOfMeasure>100 מ"ל</UnitOfMeasure>
      <bIsWeighted>0</bIsWeighted>
      <QtyInPackage>1</QtyInPackage>
      <ItemPrice>7.90</ItemPrice>
      <UnitOfMeasurePrice>1.5800</UnitOfMeasurePrice>
      <AllowDiscount>1</AllowDiscount>
      <ItemStatus>1</ItemStatus>
      <ItemId>238436</ItemId>
    </Item>
    <Item>
      <PriceUpdateDate>2015-01-01 00:00:00</PriceUpdateDate>
      <ItemCode>6764065</ItemCode>
      <ItemType>0</ItemType>
      <ItemName>בירה נשר מאלט חוזר</ItemName>
      <ManufacturerName>טמפו</ManufacturerName>
      <ManufactureCountry>לא ידוע</ManufactureCountry>
      <ManufacturerItemDescription>בירה נשר מאלט חוזר 500 מ"ל</ManufacturerItemDescription>
      <UnitQty>מיליליטרים</UnitQty>
      <Quantity>500.00</Quantity>
      <UnitOfMeasure>100 מ"ל</UnitOfMeasure>
      <bIsWeighted>0</bIsWeighted>
      <QtyInPackage>1</QtyInPackage>
      <ItemPrice>4.80</ItemPrice>
      <UnitOfMeasurePrice>0.9600</UnitOfMeasurePrice>
      <AllowDiscount>1</AllowDiscount>
      <ItemStatus>1</ItemStatus>
      <ItemId>238437</ItemId>
    </Item>
    <Item>
      <PriceUpdateDate>2015-10-13 08:18:06</PriceUpdateDate>
      <ItemCode>209340</ItemCode>
      <ItemType>0</ItemType>
      <ItemName>סירופ תפוזים 2 ליטר</ItemName>
      <ManufacturerName>,</ManufacturerName>
      <ManufactureCountry>לא ידוע</ManufactureCountry>
      <ManufacturerItemDescription>סירופ תפוזים 2 ליטר</ManufacturerItemDescription>
      <UnitQty>ליטרים</UnitQty>
      <Quantity>2.00</Quantity>
      <UnitOfMeasure>ליטר    </UnitOfMeasure>
      <bIsWeighted>0</bIsWeighted>
      <QtyInPackage>1</QtyInPackage>
      <ItemPrice>11.90</ItemPrice>
      <UnitOfMeasurePrice>5.9500</UnitOfMeasurePrice>
      <AllowDiscount>1</AllowDiscount>
      <ItemStatus>1</ItemStatus>
      <ItemId>238481</ItemId>
    </Item>
    <Item>
      <PriceUpdateDate>2015-01-01 00:00:00</PriceUpdateDate>
      <ItemCode>208343</ItemCode>
      <ItemType>0</ItemType>
      <ItemName>עגבניות מרוסקות בטעם</ItemName>
      <ManufacturerName>זנלכל</ManufacturerName>
      <ManufactureCountry>לא ידוע</ManufactureCountry>
      <ManufacturerItemDescription>עגבניות מרוסקות בטעם שום 800 גרם</ManufacturerItemDescription>
      <UnitQty>גרמים</UnitQty>
      <Quantity>800.00</Quantity>
      <UnitOfMeasure>100 גרם</UnitOfMeasure>
      <bIsWeighted>0</bIsWeighted>
      <QtyInPackage>1</QtyInPackage>
      <ItemPrice>6.50</ItemPrice>
      <UnitOfMeasurePrice>0.8125</UnitOfMeasurePrice>
      <AllowDiscount>1</AllowDiscount>
      <ItemStatus>1</ItemStatus>
      <ItemId>238489</ItemId>
    </Item>
    <Item>
      <PriceUpdateDate>2015-01-01 00:00:00</PriceUpdateDate>
      <ItemCode>208350</ItemCode>
      <ItemType>0</ItemType>
      <ItemName>עגבניות מרוסקות בטעם</ItemName>
      <ManufacturerName>זנלכל</ManufacturerName>
      <ManufactureCountry>לא ידוע</ManufactureCountry>
      <ManufacturerItemDescription>עגבניות מרוסקות בטעם בצל 800 גרם</ManufacturerItemDescription>
      <UnitQty>גרמים</UnitQty>
      <Quantity>800.00</Quantity>
      <UnitOfMeasure>100 גרם</UnitOfMeasure>
      <bIsWeighted>0</bIsWeighted>
      <QtyInPackage>1</QtyInPackage>
      <ItemPrice>6.50</ItemPrice>
      <UnitOfMeasurePrice>0.8125</UnitOfMeasurePrice>
      <AllowDiscount>1</AllowDiscount>
      <ItemStatus>1</ItemStatus>
      <ItemId>238490</ItemId>
    </Item>
    <Item>
      <PriceUpdateDate>2015-01-01 00:00:00</PriceUpdateDate>
      <ItemCode>208367</ItemCode>
      <ItemType>0</ItemType>
      <ItemName>עגבניות מרוסקות בטעם</ItemName>
      <ManufacturerName>זנלכל</ManufacturerName>
      <ManufactureCountry>לא ידוע</ManufactureCountry>
      <ManufacturerItemDescription>עגבניות מרוסקות בטעם בזיליקום 800 גרם</ManufacturerItemDescription>
      <UnitQty>גרמים</UnitQty>
      <Quantity>800.00</Quantity>
      <UnitOfMeasure>100 גרם</UnitOfMeasure>
      <bIsWeighted>0</bIsWeighted>
      <QtyInPackage>1</QtyInPackage>
      <ItemPrice>6.50</ItemPrice>
      <UnitOfMeasurePrice>0.8125</UnitOfMeasurePrice>
      <AllowDiscount>1</AllowDiscount>
      <ItemStatus>1</ItemStatus>
      <ItemId>238491</ItemId>
    </Item>
    <Item>
      <PriceUpdateDate>2016-06-19 13:20:24</PriceUpdateDate>
      <ItemCode>2077176</ItemCode>
      <ItemType>0</ItemType>
      <ItemName>מנות פילה סלמון נורו</ItemName>
      <ManufacturerName>דלידג</ManufacturerName>
      <ManufactureCountry>לא ידוע</ManufactureCountry>
      <ManufacturerItemDescription>מנות פילה סלמון נורווגי</ManufacturerItemDescription>
      <UnitQty>קילוגרמים</UnitQty>
      <Quantity>1.00</Quantity>
      <UnitOfMeasure>ק"ג</UnitOfMeasure>
      <bIsWeighted>1</bIsWeighted>
      <QtyInPackage>לא ידוע</QtyInPackage>
      <ItemPrice>69.90</ItemPrice>
      <UnitOfMeasurePrice>69.9000</UnitOfMeasurePrice>
      <AllowDiscount>1</AllowDiscount>
      <ItemStatus>1</ItemStatus>
      <ItemId>238497</ItemId>
    </Item>
    <Item>
      <PriceUpdateDate>2015-09-03 11:39:40</PriceUpdateDate>
      <ItemCode>7290105690777</ItemCode>
      <ItemType>0</ItemType>
      <ItemName>מרק נמס פטריות זוג ב</ItemName>
      <ManufacturerName>,</ManufacturerName>
      <ManufactureCountry>לא ידוע</ManufactureCountry>
      <ManufacturerItemDescription>מרק נמס סוף פטריות זוג</ManufacturerItemDescription>
      <UnitQty>גרמים</UnitQty>
      <Quantity>96.00</Quantity>
      <UnitOfMeasure>100 גרם</UnitOfMeasure>
      <bIsWeighted>0</bIsWeighted>
      <QtyInPackage>1</QtyInPackage>
      <ItemPrice>5.90</ItemPrice>
      <UnitOfMeasurePrice>6.1458</UnitOfMeasurePrice>
      <AllowDiscount>1</AllowDiscount>
      <ItemStatus>1</ItemStatus>
      <ItemId>238508</ItemId>
    </Item>
    <Item>
      <PriceUpdateDate>2015-09-03 11:39:41</PriceUpdateDate>
      <ItemCode>7290105690692</ItemCode>
      <ItemType>0</ItemType>
      <ItemName>מרק נמס ירקות זוג בד</ItemName>
      <ManufacturerName>,</ManufacturerName>
      <ManufactureCountry>לא ידוע</ManufactureCountry>
      <ManufacturerItemDescription>מרק נמס סוף ירקות זוג חרל"פ</ManufacturerItemDescription>
      <UnitQty>גרמים</UnitQty>
      <Quantity>112.00</Quantity>
      <UnitOfMeasure>100 גרם</UnitOfMeasure>
      <bIsWeighted>0</bIsWeighted>
      <QtyInPackage>1</QtyInPackage>
      <ItemPrice>5.90</ItemPrice>
      <UnitOfMeasurePrice>5.2679</UnitOfMeasurePrice>
      <AllowDiscount>1</AllowDiscount>
      <ItemStatus>1</ItemStatus>
      <ItemId>238511</ItemId>
    </Item>
    <Item>
      <PriceUpdateDate>2015-09-03 11:39:42</PriceUpdateDate>
      <ItemCode>7290105690456</ItemCode>
      <ItemType>0</ItemType>
      <ItemName>מרק נמס סוף אפונה זו</ItemName>
      <ManufacturerName>,</ManufacturerName>
      <ManufactureCountry>לא ידוע</ManufactureCountry>
      <ManufacturerItemDescription>מרק נמס סוף אפונה זוג חרל"פ</ManufacturerItemDescription>
      <UnitQty>גרמים</UnitQty>
      <Quantity>104.00</Quantity>
      <UnitOfMeasure>100 גרם</UnitOfMeasure>
      <bIsWeighted>0</bIsWeighted>
      <QtyInPackage>1</QtyInPackage>
      <ItemPrice>5.90</ItemPrice>
      <UnitOfMeasurePrice>5.6731</UnitOfMeasurePrice>
      <AllowDiscount>1</AllowDiscount>
      <ItemStatus>1</ItemStatus>
      <ItemId>238512</ItemId>
    </Item>
    <Item>
      <PriceUpdateDate>2015-01-01 00:00:00</PriceUpdateDate>
      <ItemCode>7290013677037</ItemCode>
      <ItemType>0</ItemType>
      <ItemName>עדשים ירוקים 500 גרם</ItemName>
      <ManufacturerName>מיה תעשיות מזון בעמ</ManufacturerName>
      <ManufactureCountry>ישראל</ManufactureCountry>
      <ManufacturerItemDescription>עדשים ירוקים 500 גרם סלקטד</ManufacturerItemDescription>
      <UnitQty>גרמים</UnitQty>
      <Quantity>500.00</Quantity>
      <UnitOfMeasure>100 גרם</UnitOfMeasure>
      <bIsWeighted>0</bIsWeighted>
      <QtyInPackage>1</QtyInPackage>
      <ItemPrice>7.90</ItemPrice>
      <UnitOfMeasurePrice>1.5800</UnitOfMeasurePrice>
      <AllowDiscount>1</AllowDiscount>
      <ItemStatus>1</ItemStatus>
      <ItemId>243623</ItemId>
    </Item>
    <Item>
      <PriceUpdateDate>2015-07-12 15:22:39</PriceUpdateDate>
      <ItemCode>7290013358356</ItemCode>
      <ItemType>0</ItemType>
      <ItemName>פירורי לחם מוזהבים 3</ItemName>
      <ManufacturerName>מנה</ManufacturerName>
      <ManufactureCountry>ישראל</ManufactureCountry>
      <ManufacturerItemDescription>פירורי לחם 350 גרם</ManufacturerItemDescription>
      <UnitQty>גרמים</UnitQty>
      <Quantity>350.00</Quantity>
      <UnitOfMeasure>100 גרם</UnitOfMeasure>
      <bIsWeighted>0</bIsWeighted>
      <QtyInPackage>1</QtyInPackage>
      <ItemPrice>8.90</ItemPrice>
      <UnitOfMeasurePrice>2.5429</UnitOfMeasurePrice>
      <AllowDiscount>1</AllowDiscount>
      <ItemStatus>1</ItemStatus>
      <ItemId>238534</ItemId>
    </Item>
    <Item>
      <PriceUpdateDate>2015-07-12 15:22:39</PriceUpdateDate>
      <ItemCode>7290013358363</ItemCode>
      <ItemType>0</ItemType>
      <ItemName>פירורי לחם פנקו מוזה</ItemName>
      <ManufacturerName>עינת</ManufacturerName>
      <ManufactureCountry>ישראל</ManufactureCountry>
      <ManufacturerItemDescription>פנקו יפני 300 גרם</ManufacturerItemDescription>
      <UnitQty>גרמים</UnitQty>
      <Quantity>300.00</Quantity>
      <UnitOfMeasure>100 גרם</UnitOfMeasure>
      <bIsWeighted>0</bIsWeighted>
      <QtyInPackage>1</QtyInPackage>
      <ItemPrice>8.90</ItemPrice>
      <UnitOfMeasurePrice>2.9667</UnitOfMeasurePrice>
      <AllowDiscount>1</AllowDiscount>
      <ItemStatus>1</ItemStatus>
      <ItemId>238535</ItemId>
    </Item>
    <Item>
      <PriceUpdateDate>2016-06-19 13:20:24</PriceUpdateDate>
      <ItemCode>3069583</ItemCode>
      <ItemType>0</ItemType>
      <ItemName>סטייק סלמון נורווגי</ItemName>
      <ManufacturerName>דלידג</ManufacturerName>
      <ManufactureCountry>לא ידוע</ManufactureCountry>
      <ManufacturerItemDescription>סטייק סלמון נורווגי</ManufacturerItemDescription>
      <UnitQty>קילוגרמים</UnitQty>
      <Quantity>1.00</Quantity>
      <UnitOfMeasure>ק"ג</UnitOfMeasure>
      <bIsWeighted>1</bIsWeighted>
      <QtyInPackage>לא ידוע</QtyInPackage>
      <ItemPrice>52.90</ItemPrice>
      <UnitOfMeasurePrice>52.9000</UnitOfMeasurePrice>
      <AllowDiscount>1</AllowDiscount>
      <ItemStatus>1</ItemStatus>
      <ItemId>238539</ItemId>
    </Item>
    <Item>
      <PriceUpdateDate>2015-01-01 00:00:00</PriceUpdateDate>
      <ItemCode>453385</ItemCode>
      <ItemType>0</ItemType>
      <ItemName>שמרים יבשים אינסטנט</ItemName>
      <ManufacturerName>פאקא תעשיות בעמ</ManufacturerName>
      <ManufactureCountry>ישראל</ManufactureCountry>
      <ManufacturerItemDescription>שמרים יבשים אינסטנט 500 גרם</ManufacturerItemDescription>
      <UnitQty>גרמים</UnitQty>
      <Quantity>500.00</Quantity>
      <UnitOfMeasure>100 גרם</UnitOfMeasure>
      <bIsWeighted>0</bIsWeighted>
      <QtyInPackage>1</QtyInPackage>
      <ItemPrice>11.90</ItemPrice>
      <UnitOfMeasurePrice>2.3800</UnitOfMeasurePrice>
      <AllowDiscount>1</AllowDiscount>
      <ItemStatus>1</ItemStatus>
      <ItemId>238554</ItemId>
    </Item>
    <Item>
      <PriceUpdateDate>2015-01-01 00:00:00</PriceUpdateDate>
      <ItemCode>7290011459949</ItemCode>
      <ItemType>0</ItemType>
      <ItemName>מפיות דקורטיביות 3 ש</ItemName>
      <ManufacturerName>,</ManufacturerName>
      <ManufactureCountry>לא ידוע</ManufactureCountry>
      <ManufacturerItemDescription>מפיות דקורטיביות 3 שכבות</ManufacturerItemDescription>
      <UnitQty>Unknown </UnitQty>
      <Quantity>0.00</Quantity>
      <UnitOfMeasure>Unknown </UnitOfMeasure>
      <bIsWeighted>0</bIsWeighted>
      <QtyInPackage>1</QtyInPackage>
      <ItemPrice>4.90</ItemPrice>
      <UnitOfMeasurePrice>0.0000</UnitOfMeasurePrice>
      <AllowDiscount>1</AllowDiscount>
      <ItemStatus>1</ItemStatus>
      <ItemId>238571</ItemId>
    </Item>
    <Item>
      <PriceUpdateDate>2015-01-01 00:00:00</PriceUpdateDate>
      <ItemCode>7290011514488</ItemCode>
      <ItemType>0</ItemType>
      <ItemName>ספוג אמבטיה</ItemName>
      <ManufacturerName>,</ManufacturerName>
      <ManufactureCountry>לא ידוע</ManufactureCountry>
      <ManufacturerItemDescription>ספוג אמבטיה</ManufacturerItemDescription>
      <UnitQty>Unknown </UnitQty>
      <Quantity>0.00</Quantity>
      <UnitOfMeasure>Unknown </UnitOfMeasure>
      <bIsWeighted>0</bIsWeighted>
      <QtyInPackage>1</QtyInPackage>
      <ItemPrice>7.90</ItemPrice>
      <UnitOfMeasurePrice>0.0000</UnitOfMeasurePrice>
      <AllowDiscount>1</AllowDiscount>
      <ItemStatus>1</ItemStatus>
      <ItemId>238617</ItemId>
    </Item>
    <Item>
      <PriceUpdateDate>2015-01-01 00:00:00</PriceUpdateDate>
      <ItemCode>139340</ItemCode>
      <ItemType>0</ItemType>
      <ItemName>שלווה צבעוני קטנים 1</ItemName>
      <ManufacturerName>,</ManufacturerName>
      <ManufactureCountry>לא ידוע</ManufactureCountry>
      <ManufacturerItemDescription>שלווה צבעוני קטנים 1/30</ManufacturerItemDescription>
      <UnitQty>Unknown </UnitQty>
      <Quantity>0.00</Quantity>
      <UnitOfMeasure>Unknown </UnitOfMeasure>
      <bIsWeighted>0</bIsWeighted>
      <QtyInPackage>1</QtyInPackage>
      <ItemPrice>13.90</ItemPrice>
      <UnitOfMeasurePrice>0.0000</UnitOfMeasurePrice>
      <AllowDiscount>1</AllowDiscount>
      <ItemStatus>1</ItemStatus>
      <ItemId>238654</ItemId>
    </Item>
    <Item>
      <PriceUpdateDate>2015-09-09 15:21:59</PriceUpdateDate>
      <ItemCode>7290010237890</ItemCode>
      <ItemType>0</ItemType>
      <ItemName>בירה היינקן חוזר 500</ItemName>
      <ManufacturerName>טמפו</ManufacturerName>
      <ManufactureCountry>לא ידוע</ManufactureCountry>
      <ManufacturerItemDescription>בירה היינקן חוזר 500 מ"ל 5% אלכוהול</ManufacturerItemDescription>
      <UnitQty>מיליליטרים</UnitQty>
      <Quantity>500.00</Quantity>
      <UnitOfMeasure>100 מ"ל</UnitOfMeasure>
      <bIsWeighted>0</bIsWeighted>
      <QtyInPackage>1</QtyInPackage>
      <ItemPrice>8.90</ItemPrice>
      <UnitOfMeasurePrice>1.7800</UnitOfMeasurePrice>
      <AllowDiscount>1</AllowDiscount>
      <ItemStatus>1</ItemStatus>
      <ItemId>238664</ItemId>
    </Item>
    <Item>
      <PriceUpdateDate>2015-01-01 00:00:00</PriceUpdateDate>
      <ItemCode>7290014600669</ItemCode>
      <ItemType>0</ItemType>
      <ItemName>פתיבר שוקו 2 ק"ג כיב</ItemName>
      <ManufacturerName>,</ManufacturerName>
      <ManufactureCountry>לא ידוע</ManufactureCountry>
      <ManufacturerItemDescription>פתיבר שוקו 2 ק"ג כיבודים</ManufacturerItemDescription>
      <UnitQty>קילוגרמים</UnitQty>
      <Quantity>2.00</Quantity>
      <UnitOfMeasure>ק"ג     </UnitOfMeasure>
      <bIsWeighted>0</bIsWeighted>
      <QtyInPackage>1</QtyInPackage>
      <ItemPrice>19.90</ItemPrice>
      <UnitOfMeasurePrice>9.9500</UnitOfMeasurePrice>
      <AllowDiscount>1</AllowDiscount>
      <ItemStatus>1</ItemStatus>
      <ItemId>253153</ItemId>
    </Item>
    <Item>
      <PriceUpdateDate>2015-01-01 00:00:00</PriceUpdateDate>
      <ItemCode>2781912</ItemCode>
      <ItemType>0</ItemType>
      <ItemName>ריבת תות 820 גרם</ItemName>
      <ManufacturerName>מיטב</ManufacturerName>
      <ManufactureCountry>לא ידוע</ManufactureCountry>
      <ManufacturerItemDescription>ריבת תות 820 גרם</ManufacturerItemDescription>
      <UnitQty>גרמים</UnitQty>
      <Quantity>820.00</Quantity>
      <UnitOfMeasure>100 גרם</UnitOfMeasure>
      <bIsWeighted>0</bIsWeighted>
      <QtyInPackage>1</QtyInPackage>
      <ItemPrice>7.90</ItemPrice>
      <UnitOfMeasurePrice>0.9634</UnitOfMeasurePrice>
      <AllowDiscount>1</AllowDiscount>
      <ItemStatus>1</ItemStatus>
      <ItemId>238730</ItemId>
    </Item>
    <Item>
      <PriceUpdateDate>2015-01-01 00:00:00</PriceUpdateDate>
      <ItemCode>2781905</ItemCode>
      <ItemType>0</ItemType>
      <ItemName>ריבה מעורבת 820 גרם</ItemName>
      <ManufacturerName>מיטב</ManufacturerName>
      <ManufactureCountry>לא ידוע</ManufactureCountry>
      <ManufacturerItemDescription>ריבה מעורבת 820 גרם</ManufacturerItemDescription>
      <UnitQty>גרמים</UnitQty>
      <Quantity>820.00</Quantity>
      <UnitOfMeasure>100 גרם</UnitOfMeasure>
      <bIsWeighted>0</bIsWeighted>
      <QtyInPackage>1</QtyInPackage>
      <ItemPrice>7.90</ItemPrice>
      <UnitOfMeasurePrice>0.9634</UnitOfMeasurePrice>
      <AllowDiscount>1</AllowDiscount>
      <ItemStatus>1</ItemStatus>
      <ItemId>238731</ItemId>
    </Item>
    <Item>
      <PriceUpdateDate>2015-01-01 00:00:00</PriceUpdateDate>
      <ItemCode>2781776</ItemCode>
      <ItemType>0</ItemType>
      <ItemName>ריבת דובדבן 820 גרם</ItemName>
      <ManufacturerName>מיטב</ManufacturerName>
      <ManufactureCountry>לא ידוע</ManufactureCountry>
      <ManufacturerItemDescription>ריבת דובדבן 820 גרם</ManufacturerItemDescription>
      <UnitQty>גרמים</UnitQty>
      <Quantity>820.00</Quantity>
      <UnitOfMeasure>100 גרם</UnitOfMeasure>
      <bIsWeighted>0</bIsWeighted>
      <QtyInPackage>1</QtyInPackage>
      <ItemPrice>7.90</ItemPrice>
      <UnitOfMeasurePrice>0.9634</UnitOfMeasurePrice>
      <AllowDiscount>1</AllowDiscount>
      <ItemStatus>1</ItemStatus>
      <ItemId>238733</ItemId>
    </Item>
    <Item>
      <PriceUpdateDate>2015-01-01 00:00:00</PriceUpdateDate>
      <ItemCode>8183864</ItemCode>
      <ItemType>0</ItemType>
      <ItemName>קטשופ 1 ק"ג</ItemName>
      <ManufacturerName>מיטב</ManufacturerName>
      <ManufactureCountry>לא ידוע</ManufactureCountry>
      <ManufacturerItemDescription>קטשופ 1 ק"ג</ManufacturerItemDescription>
      <UnitQty>קילוגרמים</UnitQty>
      <Quantity>1.00</Quantity>
      <UnitOfMeasure>ק"ג     </UnitOfMeasure>
      <bIsWeighted>0</bIsWeighted>
      <QtyInPackage>1</QtyInPackage>
      <ItemPrice>4.90</ItemPrice>
      <UnitOfMeasurePrice>4.9000</UnitOfMeasurePrice>
      <AllowDiscount>1</AllowDiscount>
      <ItemStatus>1</ItemStatus>
      <ItemId>238735</ItemId>
    </Item>
    <Item>
      <PriceUpdateDate>2015-01-01 00:00:00</PriceUpdateDate>
      <ItemCode>2781264</ItemCode>
      <ItemType>0</ItemType>
      <ItemName>סירופ שוקולד 700 גרם</ItemName>
      <ManufacturerName>מיטב</ManufacturerName>
      <ManufactureCountry>לא ידוע</ManufactureCountry>
      <ManufacturerItemDescription>סירופ שוקולד 700 גרם</ManufacturerItemDescription>
      <UnitQty>גרמים</UnitQty>
      <Quantity>700.00</Quantity>
      <UnitOfMeasure>100 גרם</UnitOfMeasure>
      <bIsWeighted>0</bIsWeighted>
      <QtyInPackage>1</QtyInPackage>
      <ItemPrice>9.90</ItemPrice>
      <UnitOfMeasurePrice>1.4143</UnitOfMeasurePrice>
      <AllowDiscount>1</AllowDiscount>
      <ItemStatus>1</ItemStatus>
      <ItemId>238736</ItemId>
    </Item>
    <Item>
      <PriceUpdateDate>2015-01-01 00:00:00</PriceUpdateDate>
      <ItemCode>2781271</ItemCode>
      <ItemType>0</ItemType>
      <ItemName>סירופ מייפל 700 גרם</ItemName>
      <ManufacturerName>מיטב</ManufacturerName>
      <ManufactureCountry>לא ידוע</ManufactureCountry>
      <ManufacturerItemDescription>סירופ מייפל 700 גרם</ManufacturerItemDescription>
      <UnitQty>גרמים</UnitQty>
      <Quantity>700.00</Quantity>
      <UnitOfMeasure>100 גרם</UnitOfMeasure>
      <bIsWeighted>0</bIsWeighted>
      <QtyInPackage>1</QtyInPackage>
      <ItemPrice>9.90</ItemPrice>
      <UnitOfMeasurePrice>1.4143</UnitOfMeasurePrice>
      <AllowDiscount>1</AllowDiscount>
      <ItemStatus>1</ItemStatus>
      <ItemId>238737</ItemId>
    </Item>
    <Item>
      <PriceUpdateDate>2015-07-02 13:31:03</PriceUpdateDate>
      <ItemCode>2781691</ItemCode>
      <ItemType>0</ItemType>
      <ItemName>ממרח שוקולד 400 גרם</ItemName>
      <ManufacturerName>מיטב</ManufacturerName>
      <ManufactureCountry>לא ידוע</ManufactureCountry>
      <ManufacturerItemDescription>ממרח שוקולד 400 גרם</ManufacturerItemDescription>
      <UnitQty>גרמים</UnitQty>
      <Quantity>400.00</Quantity>
      <UnitOfMeasure>100 גרם</UnitOfMeasure>
      <bIsWeighted>0</bIsWeighted>
      <QtyInPackage>1</QtyInPackage>
      <ItemPrice>3.90</ItemPrice>
      <UnitOfMeasurePrice>0.9750</UnitOfMeasurePrice>
      <AllowDiscount>1</AllowDiscount>
      <ItemStatus>1</ItemStatus>
      <ItemId>238739</ItemId>
    </Item>
    <Item>
      <PriceUpdateDate>2015-01-01 00:00:00</PriceUpdateDate>
      <ItemCode>2781080</ItemCode>
      <ItemType>0</ItemType>
      <ItemName>ממרח חרדל 550 גרם</ItemName>
      <ManufacturerName>,</ManufacturerName>
      <ManufactureCountry>לא ידוע</ManufactureCountry>
      <ManufacturerItemDescription>ממרח חרדל 550 גרם</ManufacturerItemDescription>
      <UnitQty>גרמים</UnitQty>
      <Quantity>550.00</Quantity>
      <UnitOfMeasure>100 גרם</UnitOfMeasure>
      <bIsWeighted>0</bIsWeighted>
      <QtyInPackage>1</QtyInPackage>
      <ItemPrice>5.50</ItemPrice>
      <UnitOfMeasurePrice>1.0000</UnitOfMeasurePrice>
      <AllowDiscount>1</AllowDiscount>
      <ItemStatus>1</ItemStatus>
      <ItemId>238740</ItemId>
    </Item>
    <Item>
      <PriceUpdateDate>2015-01-01 00:00:00</PriceUpdateDate>
      <ItemCode>7290010777150</ItemCode>
      <ItemType>0</ItemType>
      <ItemName>פיתה בריבוע חיטה מלא</ItemName>
      <ManufacturerName>,</ManufacturerName>
      <ManufactureCountry>לא ידוע</ManufactureCountry>
      <ManufacturerItemDescription>פיתה בריבוע חיטה מלאה  10 יח</ManufacturerItemDescription>
      <UnitQty>Unknown </UnitQty>
      <Quantity>0.00</Quantity>
      <UnitOfMeasure>Unknown </UnitOfMeasure>
      <bIsWeighted>0</bIsWeighted>
      <QtyInPackage>1</QtyInPackage>
      <ItemPrice>11.90</ItemPrice>
      <UnitOfMeasurePrice>0.0000</UnitOfMeasurePrice>
      <AllowDiscount>1</AllowDiscount>
      <ItemStatus>1</ItemStatus>
      <ItemId>238765</ItemId>
    </Item>
    <Item>
      <PriceUpdateDate>2015-01-01 00:00:00</PriceUpdateDate>
      <ItemCode>710069016101</ItemCode>
      <ItemType>0</ItemType>
      <ItemName>חמאת בוטנים 510 גרם</ItemName>
      <ManufacturerName>,</ManufacturerName>
      <ManufactureCountry>לא ידוע</ManufactureCountry>
      <ManufacturerItemDescription>חמאת בוטנים קרמי 510 גרם</ManufacturerItemDescription>
      <UnitQty>גרמים</UnitQty>
      <Quantity>510.00</Quantity>
      <UnitOfMeasure>100 גרם</UnitOfMeasure>
      <bIsWeighted>0</bIsWeighted>
      <QtyInPackage>1</QtyInPackage>
      <ItemPrice>14.90</ItemPrice>
      <UnitOfMeasurePrice>2.9216</UnitOfMeasurePrice>
      <AllowDiscount>1</AllowDiscount>
      <ItemStatus>1</ItemStatus>
      <ItemId>238782</ItemId>
    </Item>
    <Item>
      <PriceUpdateDate>2015-07-29 08:14:20</PriceUpdateDate>
      <ItemCode>2039662</ItemCode>
      <ItemType>0</ItemType>
      <ItemName>שמן זית 100% 750 מ"ל</ItemName>
      <ManufacturerName>,</ManufacturerName>
      <ManufactureCountry>לא ידוע</ManufactureCountry>
      <ManufacturerItemDescription>שמן זית 100% 750 מ"ל</ManufacturerItemDescription>
      <UnitQty>גרמים</UnitQty>
      <Quantity>750.00</Quantity>
      <UnitOfMeasure>100 גרם</UnitOfMeasure>
      <bIsWeighted>0</bIsWeighted>
      <QtyInPackage>1</QtyInPackage>
      <ItemPrice>19.90</ItemPrice>
      <UnitOfMeasurePrice>2.6533</UnitOfMeasurePrice>
      <AllowDiscount>1</AllowDiscount>
      <ItemStatus>1</ItemStatus>
      <ItemId>238797</ItemId>
    </Item>
    <Item>
      <PriceUpdateDate>2015-01-01 00:00:00</PriceUpdateDate>
      <ItemCode>7290012884528</ItemCode>
      <ItemType>0</ItemType>
      <ItemName>טבעות בצל 600 גרם תפ</ItemName>
      <ManufacturerName>תפוגן</ManufacturerName>
      <ManufactureCountry>ישראל</ManufactureCountry>
      <ManufacturerItemDescription>טבעות בצל 600 גרם תפוגן</ManufacturerItemDescription>
      <UnitQty>גרמים</UnitQty>
      <Quantity>600.00</Quantity>
      <UnitOfMeasure>100 גרם</UnitOfMeasure>
      <bIsWeighted>0</bIsWeighted>
      <QtyInPackage>1</QtyInPackage>
      <ItemPrice>13.90</ItemPrice>
      <UnitOfMeasurePrice>2.3167</UnitOfMeasurePrice>
      <AllowDiscount>1</AllowDiscount>
      <ItemStatus>1</ItemStatus>
      <ItemId>238798</ItemId>
    </Item>
    <Item>
      <PriceUpdateDate>2015-01-01 00:00:00</PriceUpdateDate>
      <ItemCode>710069305182</ItemCode>
      <ItemType>0</ItemType>
      <ItemName>רסק תפוחים דובדבן גפ</ItemName>
      <ManufacturerName>,</ManufacturerName>
      <ManufactureCountry>לא ידוע</ManufactureCountry>
      <ManufacturerItemDescription>רסק תפוחים דובדבן גפן 6*112 גרם וואלאווע</ManufacturerItemDescription>
      <UnitQty>גרמים</UnitQty>
      <Quantity>672.00</Quantity>
      <UnitOfMeasure>100 גרם</UnitOfMeasure>
      <bIsWeighted>0</bIsWeighted>
      <QtyInPackage>1</QtyInPackage>
      <ItemPrice>16.90</ItemPrice>
      <UnitOfMeasurePrice>2.5149</UnitOfMeasurePrice>
      <AllowDiscount>1</AllowDiscount>
      <ItemStatus>1</ItemStatus>
      <ItemId>238840</ItemId>
    </Item>
    <Item>
      <PriceUpdateDate>2015-01-01 00:00:00</PriceUpdateDate>
      <ItemCode>710069105157</ItemCode>
      <ItemType>0</ItemType>
      <ItemName>רסק תפוחים ללא סוכר</ItemName>
      <ManufacturerName>,</ManufacturerName>
      <ManufactureCountry>לא ידוע</ManufactureCountry>
      <ManufacturerItemDescription>רסק תפוחים ללא סוכר 6*112 גרם וואלאווע</ManufacturerItemDescription>
      <UnitQty>גרמים</UnitQty>
      <Quantity>672.00</Quantity>
      <UnitOfMeasure>100 גרם</UnitOfMeasure>
      <bIsWeighted>0</bIsWeighted>
      <QtyInPackage>1</QtyInPackage>
      <ItemPrice>16.90</ItemPrice>
      <UnitOfMeasurePrice>2.5149</UnitOfMeasurePrice>
      <AllowDiscount>1</AllowDiscount>
      <ItemStatus>1</ItemStatus>
      <ItemId>238841</ItemId>
    </Item>
    <Item>
      <PriceUpdateDate>2016-08-16 17:40:32</PriceUpdateDate>
      <ItemCode>7290101869764</ItemCode>
      <ItemType>0</ItemType>
      <ItemName>אירוויק מבשם אוויר +</ItemName>
      <ManufacturerName>רקיט בנקיזר</ManufacturerName>
      <ManufactureCountry>לא ידוע</ManufactureCountry>
      <ManufacturerItemDescription>אירוויק מבשם אוויר + מכשיר</ManufacturerItemDescription>
      <UnitQty>Unknown </UnitQty>
      <Quantity>0.00</Quantity>
      <UnitOfMeasure>Unknown </UnitOfMeasure>
      <bIsWeighted>0</bIsWeighted>
      <QtyInPackage>1</QtyInPackage>
      <ItemPrice>44.90</ItemPrice>
      <UnitOfMeasurePrice>0.0000</UnitOfMeasurePrice>
      <AllowDiscount>1</AllowDiscount>
      <ItemStatus>1</ItemStatus>
      <ItemId>269685</ItemId>
    </Item>
    <Item>
      <PriceUpdateDate>2015-01-01 00:00:00</PriceUpdateDate>
      <ItemCode>710069305175</ItemCode>
      <ItemType>0</ItemType>
      <ItemName>רסק תפוחים פטל גפן 6</ItemName>
      <ManufacturerName>,</ManufacturerName>
      <ManufactureCountry>לא ידוע</ManufactureCountry>
      <ManufacturerItemDescription>רסק תפוחים פטל גפן 6*112 גרם וואלאווע</ManufacturerItemDescription>
      <UnitQty>גרמים</UnitQty>
      <Quantity>672.00</Quantity>
      <UnitOfMeasure>100 גרם</UnitOfMeasure>
      <bIsWeighted>0</bIsWeighted>
      <QtyInPackage>1</QtyInPackage>
      <ItemPrice>16.90</ItemPrice>
      <UnitOfMeasurePrice>2.5149</UnitOfMeasurePrice>
      <AllowDiscount>1</AllowDiscount>
      <ItemStatus>1</ItemStatus>
      <ItemId>238842</ItemId>
    </Item>
    <Item>
      <PriceUpdateDate>2015-01-01 00:00:00</PriceUpdateDate>
      <ItemCode>710069105058</ItemCode>
      <ItemType>0</ItemType>
      <ItemName>רסק תפוחים גפן 6*112</ItemName>
      <ManufacturerName>,</ManufacturerName>
      <ManufactureCountry>לא ידוע</ManufactureCountry>
      <ManufacturerItemDescription>רסק תפוחים גפן 6*112 גרם וואלאווע</ManufacturerItemDescription>
      <UnitQty>גרמים</UnitQty>
      <Quantity>672.00</Quantity>
      <UnitOfMeasure>100 גרם</UnitOfMeasure>
      <bIsWeighted>0</bIsWeighted>
      <QtyInPackage>1</QtyInPackage>
      <ItemPrice>16.90</ItemPrice>
      <UnitOfMeasurePrice>2.5149</UnitOfMeasurePrice>
      <AllowDiscount>1</AllowDiscount>
      <ItemStatus>1</ItemStatus>
      <ItemId>238843</ItemId>
    </Item>
    <Item>
      <PriceUpdateDate>2015-01-01 00:00:00</PriceUpdateDate>
      <ItemCode>710069305168</ItemCode>
      <ItemType>0</ItemType>
      <ItemName>רסק תפוחים תות גפן 6</ItemName>
      <ManufacturerName>,</ManufacturerName>
      <ManufactureCountry>לא ידוע</ManufactureCountry>
      <ManufacturerItemDescription>רסק תפוחים תות גפן 6*112 גרם וואלאווע</ManufacturerItemDescription>
      <UnitQty>גרמים</UnitQty>
      <Quantity>672.00</Quantity>
      <UnitOfMeasure>100 גרם</UnitOfMeasure>
      <bIsWeighted>0</bIsWeighted>
      <QtyInPackage>1</QtyInPackage>
      <ItemPrice>16.90</ItemPrice>
      <UnitOfMeasurePrice>2.5149</UnitOfMeasurePrice>
      <AllowDiscount>1</AllowDiscount>
      <ItemStatus>1</ItemStatus>
      <ItemId>238844</ItemId>
    </Item>
    <Item>
      <PriceUpdateDate>2015-09-09 15:22:00</PriceUpdateDate>
      <ItemCode>5896439</ItemCode>
      <ItemType>0</ItemType>
      <ItemName>בירה מכבי חוזר 500 מ</ItemName>
      <ManufacturerName>טמפו</ManufacturerName>
      <ManufactureCountry>לא ידוע</ManufactureCountry>
      <ManufacturerItemDescription>בירה מכבי חוזר 500 מ"ל 5% אלכוהול</ManufacturerItemDescription>
      <UnitQty>מיליליטרים</UnitQty>
      <Quantity>500.00</Quantity>
      <UnitOfMeasure>100 מ"ל</UnitOfMeasure>
      <bIsWeighted>0</bIsWeighted>
      <QtyInPackage>1</QtyInPackage>
      <ItemPrice>6.90</ItemPrice>
      <UnitOfMeasurePrice>1.3800</UnitOfMeasurePrice>
      <AllowDiscount>1</AllowDiscount>
      <ItemStatus>1</ItemStatus>
      <ItemId>246033</ItemId>
    </Item>
    <Item>
      <PriceUpdateDate>2015-01-01 00:00:00</PriceUpdateDate>
      <ItemCode>710069040557</ItemCode>
      <ItemType>0</ItemType>
      <ItemName>מלית דובדבן 595 גרם</ItemName>
      <ManufacturerName>,</ManufacturerName>
      <ManufactureCountry>לא ידוע</ManufactureCountry>
      <ManufacturerItemDescription>מלית דובדבן 595 גרם</ManufacturerItemDescription>
      <UnitQty>גרמים</UnitQty>
      <Quantity>595.00</Quantity>
      <UnitOfMeasure>100 גרם</UnitOfMeasure>
      <bIsWeighted>0</bIsWeighted>
      <QtyInPackage>1</QtyInPackage>
      <ItemPrice>19.90</ItemPrice>
      <UnitOfMeasurePrice>3.3445</UnitOfMeasurePrice>
      <AllowDiscount>1</AllowDiscount>
      <ItemStatus>1</ItemStatus>
      <ItemId>238848</ItemId>
    </Item>
    <Item>
      <PriceUpdateDate>2015-01-01 00:00:00</PriceUpdateDate>
      <ItemCode>7290101866633</ItemCode>
      <ItemType>0</ItemType>
      <ItemName>וניש קליה גל 3 ליטר</ItemName>
      <ManufacturerName>,</ManufacturerName>
      <ManufactureCountry>לא ידוע</ManufactureCountry>
      <ManufacturerItemDescription>וניש קליה גל 3 ליטר</ManufacturerItemDescription>
      <UnitQty>ליטרים</UnitQty>
      <Quantity>3.00</Quantity>
      <UnitOfMeasure>ליטר    </UnitOfMeasure>
      <bIsWeighted>0</bIsWeighted>
      <QtyInPackage>1</QtyInPackage>
      <ItemPrice>24.90</ItemPrice>
      <UnitOfMeasurePrice>8.3000</UnitOfMeasurePrice>
      <AllowDiscount>1</AllowDiscount>
      <ItemStatus>1</ItemStatus>
      <ItemId>238857</ItemId>
    </Item>
    <Item>
      <PriceUpdateDate>2015-01-01 00:00:00</PriceUpdateDate>
      <ItemCode>2730811</ItemCode>
      <ItemType>0</ItemType>
      <ItemName>משחת שיניים קולגייט</ItemName>
      <ManufacturerName>קולגייט פלמוליב</ManufacturerName>
      <ManufactureCountry>פולין</ManufactureCountry>
      <ManufacturerItemDescription>משחת שיניים קולגייט גל</ManufacturerItemDescription>
      <UnitQty>גרמים</UnitQty>
      <Quantity>100.00</Quantity>
      <UnitOfMeasure>100 גרם</UnitOfMeasure>
      <bIsWeighted>0</bIsWeighted>
      <QtyInPackage>1</QtyInPackage>
      <ItemPrice>9.90</ItemPrice>
      <UnitOfMeasurePrice>9.9000</UnitOfMeasurePrice>
      <AllowDiscount>1</AllowDiscount>
      <ItemStatus>1</ItemStatus>
      <ItemId>238858</ItemId>
    </Item>
    <Item>
      <PriceUpdateDate>2015-01-01 00:00:00</PriceUpdateDate>
      <ItemCode>2730675</ItemCode>
      <ItemType>0</ItemType>
      <ItemName>משחת שיניים קולגייט</ItemName>
      <ManufacturerName>קולגייט פלמוליב</ManufacturerName>
      <ManufactureCountry>לא ידוע</ManufactureCountry>
      <ManufacturerItemDescription>משחת שיניים קולגייט אדומה משפחתית 100גר</ManufacturerItemDescription>
      <UnitQty>גרמים</UnitQty>
      <Quantity>100.00</Quantity>
      <UnitOfMeasure>100 גרם</UnitOfMeasure>
      <bIsWeighted>0</bIsWeighted>
      <QtyInPackage>1</QtyInPackage>
      <ItemPrice>9.90</ItemPrice>
      <UnitOfMeasurePrice>9.9000</UnitOfMeasurePrice>
      <AllowDiscount>1</AllowDiscount>
      <ItemStatus>1</ItemStatus>
      <ItemId>238860</ItemId>
    </Item>
    <Item>
      <PriceUpdateDate>2016-03-27 11:40:03</PriceUpdateDate>
      <ItemCode>835811006640</ItemCode>
      <ItemType>0</ItemType>
      <ItemName>צלחות קטנות בעיטור כ</ItemName>
      <ManufacturerName>,</ManufacturerName>
      <ManufactureCountry>לא ידוע</ManufactureCountry>
      <ManufacturerItemDescription>צלחות קטנות בעיטור כסף 10 יחידות</ManufacturerItemDescription>
      <UnitQty>Unknown </UnitQty>
      <Quantity>0.00</Quantity>
      <UnitOfMeasure>Unknown </UnitOfMeasure>
      <bIsWeighted>0</bIsWeighted>
      <QtyInPackage>1</QtyInPackage>
      <ItemPrice>14.90</ItemPrice>
      <UnitOfMeasurePrice>0.0000</UnitOfMeasurePrice>
      <AllowDiscount>1</AllowDiscount>
      <ItemStatus>1</ItemStatus>
      <ItemId>248039</ItemId>
    </Item>
    <Item>
      <PriceUpdateDate>2015-01-01 00:00:00</PriceUpdateDate>
      <ItemCode>2730668</ItemCode>
      <ItemType>0</ItemType>
      <ItemName>משחת שיניים קולגייט</ItemName>
      <ManufacturerName>קולגייט פלמוליב</ManufacturerName>
      <ManufactureCountry>פולין</ManufactureCountry>
      <ManufacturerItemDescription>משחת שיניים קולגייט טוטאל 100 מל</ManufacturerItemDescription>
      <UnitQty>גרמים</UnitQty>
      <Quantity>100.00</Quantity>
      <UnitOfMeasure>100 גרם</UnitOfMeasure>
      <bIsWeighted>0</bIsWeighted>
      <QtyInPackage>1</QtyInPackage>
      <ItemPrice>12.90</ItemPrice>
      <UnitOfMeasurePrice>12.9000</UnitOfMeasurePrice>
      <AllowDiscount>1</AllowDiscount>
      <ItemStatus>1</ItemStatus>
      <ItemId>238863</ItemId>
    </Item>
    <Item>
      <PriceUpdateDate>2015-06-17 18:06:02</PriceUpdateDate>
      <ItemCode>7290014791794</ItemCode>
      <ItemType>1</ItemType>
      <ItemName>פרוט ווטר בטעם תפוח</ItemName>
      <ManufacturerName>,</ManufacturerName>
      <ManufactureCountry>לא ידוע</ManufactureCountry>
      <ManufacturerItemDescription>שוופס פרוטס ווטר בטעם תפוח 1.5 ליטר</ManufacturerItemDescription>
      <UnitQty>ליטרים</UnitQty>
      <Quantity>1.50</Quantity>
      <UnitOfMeasure>ליטר    </UnitOfMeasure>
      <bIsWeighted>0</bIsWeighted>
      <QtyInPackage>1</QtyInPackage>
      <ItemPrice>6.90</ItemPrice>
      <UnitOfMeasurePrice>4.6000</UnitOfMeasurePrice>
      <AllowDiscount>1</AllowDiscount>
      <ItemStatus>1</ItemStatus>
      <ItemId>264194</ItemId>
    </Item>
    <Item>
      <PriceUpdateDate>2015-01-01 00:00:00</PriceUpdateDate>
      <ItemCode>5008153</ItemCode>
      <ItemType>0</ItemType>
      <ItemName>מברשת שיניים קולגייט</ItemName>
      <ManufacturerName>קולגייט פלמוליב</ManufacturerName>
      <ManufactureCountry>ויטנאם</ManufactureCountry>
      <ManufacturerItemDescription>מברשת שיניים קולגייט זיגזג מדיום שלישיה</ManufacturerItemDescription>
      <UnitQty>Unknown </UnitQty>
      <Quantity>0.00</Quantity>
      <UnitOfMeasure>Unknown </UnitOfMeasure>
      <bIsWeighted>0</bIsWeighted>
      <QtyInPackage>3</QtyInPackage>
      <ItemPrice>19.90</ItemPrice>
      <UnitOfMeasurePrice>0.0000</UnitOfMeasurePrice>
      <AllowDiscount>1</AllowDiscount>
      <ItemStatus>1</ItemStatus>
      <ItemId>238865</ItemId>
    </Item>
    <Item>
      <PriceUpdateDate>2015-05-28 17:13:56</PriceUpdateDate>
      <ItemCode>7290101488286</ItemCode>
      <ItemType>0</ItemType>
      <ItemName>דאודורנט ליידי ספיד</ItemName>
      <ManufacturerName>קולגייט פלמוליב</ManufacturerName>
      <ManufactureCountry>מקסיקו</ManufactureCountry>
      <ManufacturerItemDescription>דאודורנט ליידי ספיד סטיק 24/7 ספריי ורוד</ManufacturerItemDescription>
      <UnitQty>Unknown </UnitQty>
      <Quantity>0.00</Quantity>
      <UnitOfMeasure>Unknown </UnitOfMeasure>
      <bIsWeighted>0</bIsWeighted>
      <QtyInPackage>1</QtyInPackage>
      <ItemPrice>13.90</ItemPrice>
      <UnitOfMeasurePrice>0.0000</UnitOfMeasurePrice>
      <AllowDiscount>1</AllowDiscount>
      <ItemStatus>1</ItemStatus>
      <ItemId>238867</ItemId>
    </Item>
    <Item>
      <PriceUpdateDate>2015-07-15 08:39:17</PriceUpdateDate>
      <ItemCode>7290102396764</ItemCode>
      <ItemType>0</ItemType>
      <ItemName>משקה שוקו 2 ליטר קרט</ItemName>
      <ManufacturerName>טרה</ManufacturerName>
      <ManufactureCountry>לא ידוע</ManufactureCountry>
      <ManufacturerItemDescription>משקה שוקו 2 ליטר קרטון</ManufacturerItemDescription>
      <UnitQty>ליטרים</UnitQty>
      <Quantity>2.00</Quantity>
      <UnitOfMeasure>ליטר    </UnitOfMeasure>
      <bIsWeighted>0</bIsWeighted>
      <QtyInPackage>1</QtyInPackage>
      <ItemPrice>14.90</ItemPrice>
      <UnitOfMeasurePrice>7.4500</UnitOfMeasurePrice>
      <AllowDiscount>1</AllowDiscount>
      <ItemStatus>1</ItemStatus>
      <ItemId>253943</ItemId>
    </Item>
    <Item>
      <PriceUpdateDate>2015-05-28 17:13:56</PriceUpdateDate>
      <ItemCode>7290103121631</ItemCode>
      <ItemType>0</ItemType>
      <ItemName>דאודורנט ספיד סטיק ל</ItemName>
      <ManufacturerName>קולגייט פלמוליב</ManufacturerName>
      <ManufactureCountry>מקסיקו</ManufactureCountry>
      <ManufacturerItemDescription>דאודורנט ספיד סטיק לגבר 24/7 ספריי שחור</ManufacturerItemDescription>
      <UnitQty>Unknown </UnitQty>
      <Quantity>0.00</Quantity>
      <UnitOfMeasure>Unknown </UnitOfMeasure>
      <bIsWeighted>0</bIsWeighted>
      <QtyInPackage>1</QtyInPackage>
      <ItemPrice>13.90</ItemPrice>
      <UnitOfMeasurePrice>0.0000</UnitOfMeasurePrice>
      <AllowDiscount>1</AllowDiscount>
      <ItemStatus>1</ItemStatus>
      <ItemId>238869</ItemId>
    </Item>
    <Item>
      <PriceUpdateDate>2015-01-01 00:00:00</PriceUpdateDate>
      <ItemCode>3387205</ItemCode>
      <ItemType>0</ItemType>
      <ItemName>דאודורנט ספיד סטיק ל</ItemName>
      <ManufacturerName>קולגייט פלמוליב</ManufacturerName>
      <ManufactureCountry>ארצות הברית</ManufactureCountry>
      <ManufacturerItemDescription>דאודורנט ספיד סטיק לגבר ירוק רגיל</ManufacturerItemDescription>
      <UnitQty>Unknown </UnitQty>
      <Quantity>0.00</Quantity>
      <UnitOfMeasure>Unknown </UnitOfMeasure>
      <bIsWeighted>0</bIsWeighted>
      <QtyInPackage>1</QtyInPackage>
      <ItemPrice>17.90</ItemPrice>
      <UnitOfMeasurePrice>0.0000</UnitOfMeasurePrice>
      <AllowDiscount>1</AllowDiscount>
      <ItemStatus>1</ItemStatus>
      <ItemId>238870</ItemId>
    </Item>
    <Item>
      <PriceUpdateDate>2015-01-01 00:00:00</PriceUpdateDate>
      <ItemCode>5008498</ItemCode>
      <ItemType>0</ItemType>
      <ItemName>דאודורנט ספיד סטיק ג</ItemName>
      <ManufacturerName>קולגייט פלמוליב</ManufacturerName>
      <ManufactureCountry>לא ידוע</ManufactureCountry>
      <ManufacturerItemDescription>דאודורנט ספיד סטיק גל בסיסי פרש לגבר</ManufacturerItemDescription>
      <UnitQty>Unknown </UnitQty>
      <Quantity>0.00</Quantity>
      <UnitOfMeasure>Unknown </UnitOfMeasure>
      <bIsWeighted>0</bIsWeighted>
      <QtyInPackage>1</QtyInPackage>
      <ItemPrice>22.90</ItemPrice>
      <UnitOfMeasurePrice>0.0000</UnitOfMeasurePrice>
      <AllowDiscount>1</AllowDiscount>
      <ItemStatus>1</ItemStatus>
      <ItemId>238871</ItemId>
    </Item>
    <Item>
      <PriceUpdateDate>2016-05-22 14:20:57</PriceUpdateDate>
      <ItemCode>7290107931854</ItemCode>
      <ItemType>0</ItemType>
      <ItemName>קפה טורקי בקלייה איט</ItemName>
      <ManufacturerName>שטראוס</ManufacturerName>
      <ManufactureCountry>לא ידוע</ManufactureCountry>
      <ManufacturerItemDescription>קפה טורקי 100 גרם</ManufacturerItemDescription>
      <UnitQty>גרמים</UnitQty>
      <Quantity>100.00</Quantity>
      <UnitOfMeasure>100 גרם</UnitOfMeasure>
      <bIsWeighted>0</bIsWeighted>
      <QtyInPackage>1</QtyInPackage>
      <ItemPrice>6.90</ItemPrice>
      <UnitOfMeasurePrice>6.9000</UnitOfMeasurePrice>
      <AllowDiscount>1</AllowDiscount>
      <ItemStatus>1</ItemStatus>
      <ItemId>268294</ItemId>
    </Item>
    <Item>
      <PriceUpdateDate>2016-05-11 10:11:13</PriceUpdateDate>
      <ItemCode>7290108355000</ItemCode>
      <ItemType>0</ItemType>
      <ItemName>שמפו מיניונים נקה קי</ItemName>
      <ManufacturerName>נקה 7</ManufacturerName>
      <ManufactureCountry>לא ידוע</ManufactureCountry>
      <ManufacturerItemDescription>שמפו מיניונים נקה קידס 750 מ"ל</ManufacturerItemDescription>
      <UnitQty>מיליליטרים</UnitQty>
      <Quantity>750.00</Quantity>
      <UnitOfMeasure>100 מ"ל</UnitOfMeasure>
      <bIsWeighted>0</bIsWeighted>
      <QtyInPackage>1</QtyInPackage>
      <ItemPrice>9.90</ItemPrice>
      <UnitOfMeasurePrice>1.3200</UnitOfMeasurePrice>
      <AllowDiscount>1</AllowDiscount>
      <ItemStatus>1</ItemStatus>
      <ItemId>268104</ItemId>
    </Item>
    <Item>
      <PriceUpdateDate>2015-06-04 12:17:48</PriceUpdateDate>
      <ItemCode>7290105430496</ItemCode>
      <ItemType>0</ItemType>
      <ItemName>דאודורנט ספיד סטיק ס</ItemName>
      <ManufacturerName>,</ManufacturerName>
      <ManufactureCountry>לא ידוע</ManufactureCountry>
      <ManufacturerItemDescription>דאודורנט ספיד סטיק ספריי סטיין</ManufacturerItemDescription>
      <UnitQty>מיליליטרים</UnitQty>
      <Quantity>165.00</Quantity>
      <UnitOfMeasure>100 מ"ל</UnitOfMeasure>
      <bIsWeighted>0</bIsWeighted>
      <QtyInPackage>1</QtyInPackage>
      <ItemPrice>13.90</ItemPrice>
      <UnitOfMeasurePrice>8.4242</UnitOfMeasurePrice>
      <AllowDiscount>1</AllowDiscount>
      <ItemStatus>1</ItemStatus>
      <ItemId>246451</ItemId>
    </Item>
    <Item>
      <PriceUpdateDate>2015-01-01 00:00:00</PriceUpdateDate>
      <ItemCode>7290101488316</ItemCode>
      <ItemType>0</ItemType>
      <ItemName>דאודורנט ליידי ספיד</ItemName>
      <ManufacturerName>קולגייט פלמוליב</ManufacturerName>
      <ManufactureCountry>ארצות הברית</ManufactureCountry>
      <ManufacturerItemDescription>דאודורנט ליידי ספיד סטיק ללא סימן - ורוד</ManufacturerItemDescription>
      <UnitQty>Unknown </UnitQty>
      <Quantity>0.00</Quantity>
      <UnitOfMeasure>Unknown </UnitOfMeasure>
      <bIsWeighted>0</bIsWeighted>
      <QtyInPackage>1</QtyInPackage>
      <ItemPrice>17.90</ItemPrice>
      <UnitOfMeasurePrice>0.0000</UnitOfMeasurePrice>
      <AllowDiscount>1</AllowDiscount>
      <ItemStatus>1</ItemStatus>
      <ItemId>238873</ItemId>
    </Item>
    <Item>
      <PriceUpdateDate>2015-01-01 00:00:00</PriceUpdateDate>
      <ItemCode>7290100653593</ItemCode>
      <ItemType>0</ItemType>
      <ItemName>דאו ליידי ספיק סטיק</ItemName>
      <ManufacturerName>קולגייט פלמוליב</ManufacturerName>
      <ManufactureCountry>ארצות הברית</ManufactureCountry>
      <ManufacturerItemDescription>דאודורנט ליידי ספיק סטיק גל 24/7 ירוק</ManufacturerItemDescription>
      <UnitQty>Unknown </UnitQty>
      <Quantity>0.00</Quantity>
      <UnitOfMeasure>Unknown </UnitOfMeasure>
      <bIsWeighted>0</bIsWeighted>
      <QtyInPackage>1</QtyInPackage>
      <ItemPrice>19.90</ItemPrice>
      <UnitOfMeasurePrice>0.0000</UnitOfMeasurePrice>
      <AllowDiscount>1</AllowDiscount>
      <ItemStatus>1</ItemStatus>
      <ItemId>238875</ItemId>
    </Item>
    <Item>
      <PriceUpdateDate>2016-08-03 11:52:30</PriceUpdateDate>
      <ItemCode>692210</ItemCode>
      <ItemType>0</ItemType>
      <ItemName>אגקס ניקוי כללי לוונ</ItemName>
      <ManufacturerName>קולגייט פלמוליב</ManufacturerName>
      <ManufactureCountry>יוון</ManufactureCountry>
      <ManufacturerItemDescription>אגקס ניקוי כללי לוונדר 2 ליטר</ManufacturerItemDescription>
      <UnitQty>ליטרים</UnitQty>
      <Quantity>2.00</Quantity>
      <UnitOfMeasure>ליטר    </UnitOfMeasure>
      <bIsWeighted>0</bIsWeighted>
      <QtyInPackage>1</QtyInPackage>
      <ItemPrice>19.90</ItemPrice>
      <UnitOfMeasurePrice>9.9500</UnitOfMeasurePrice>
      <AllowDiscount>1</AllowDiscount>
      <ItemStatus>1</ItemStatus>
      <ItemId>238876</ItemId>
    </Item>
    <Item>
      <PriceUpdateDate>2016-08-03 11:52:30</PriceUpdateDate>
      <ItemCode>692302</ItemCode>
      <ItemType>0</ItemType>
      <ItemName>אגקס ניקוי כללי כחול</ItemName>
      <ManufacturerName>קולגייט פלמוליב</ManufacturerName>
      <ManufactureCountry>יוון</ManufactureCountry>
      <ManufacturerItemDescription>אגקס ניקוי כללי כחול 2 ליטר</ManufacturerItemDescription>
      <UnitQty>ליטרים</UnitQty>
      <Quantity>2.00</Quantity>
      <UnitOfMeasure>ליטר    </UnitOfMeasure>
      <bIsWeighted>0</bIsWeighted>
      <QtyInPackage>1</QtyInPackage>
      <ItemPrice>19.90</ItemPrice>
      <UnitOfMeasurePrice>9.9500</UnitOfMeasurePrice>
      <AllowDiscount>1</AllowDiscount>
      <ItemStatus>1</ItemStatus>
      <ItemId>238877</ItemId>
    </Item>
    <Item>
      <PriceUpdateDate>2016-08-03 11:52:30</PriceUpdateDate>
      <ItemCode>692203</ItemCode>
      <ItemType>0</ItemType>
      <ItemName>אגקס ניקוי כללי לימו</ItemName>
      <ManufacturerName>קולגייט פלמוליב</ManufacturerName>
      <ManufactureCountry>יוון</ManufactureCountry>
      <ManufacturerItemDescription>אגקס ניקוי כללי לימון 2 ליטר</ManufacturerItemDescription>
      <UnitQty>ליטרים</UnitQty>
      <Quantity>2.00</Quantity>
      <UnitOfMeasure>ליטר    </UnitOfMeasure>
      <bIsWeighted>0</bIsWeighted>
      <QtyInPackage>1</QtyInPackage>
      <ItemPrice>19.90</ItemPrice>
      <UnitOfMeasurePrice>9.9500</UnitOfMeasurePrice>
      <AllowDiscount>1</AllowDiscount>
      <ItemStatus>1</ItemStatus>
      <ItemId>238878</ItemId>
    </Item>
    <Item>
      <PriceUpdateDate>2015-07-08 09:36:43</PriceUpdateDate>
      <ItemCode>2543237</ItemCode>
      <ItemType>0</ItemType>
      <ItemName>קורנפלקס קלוגס 750 ג</ItemName>
      <ManufacturerName>קלוגס</ManufacturerName>
      <ManufactureCountry>לא ידוע</ManufactureCountry>
      <ManufacturerItemDescription>קורנפלקס קלוגס 750 גרם</ManufacturerItemDescription>
      <UnitQty>גרמים</UnitQty>
      <Quantity>750.00</Quantity>
      <UnitOfMeasure>100 גרם</UnitOfMeasure>
      <bIsWeighted>0</bIsWeighted>
      <QtyInPackage>1</QtyInPackage>
      <ItemPrice>14.90</ItemPrice>
      <UnitOfMeasurePrice>1.9867</UnitOfMeasurePrice>
      <AllowDiscount>1</AllowDiscount>
      <ItemStatus>1</ItemStatus>
      <ItemId>238880</ItemId>
    </Item>
    <Item>
      <PriceUpdateDate>2015-10-14 14:46:28</PriceUpdateDate>
      <ItemCode>7290106668225</ItemCode>
      <ItemType>0</ItemType>
      <ItemName>מיני מקופלת פרווה מג</ItemName>
      <ManufacturerName>שטראוס</ManufacturerName>
      <ManufactureCountry>ישראל</ManufactureCountry>
      <ManufacturerItemDescription>מיני מקופלת מגדים ללא גלוטן 400 גרם</ManufacturerItemDescription>
      <UnitQty>גרמים</UnitQty>
      <Quantity>400.00</Quantity>
      <UnitOfMeasure>100 גרם</UnitOfMeasure>
      <bIsWeighted>0</bIsWeighted>
      <QtyInPackage>1</QtyInPackage>
      <ItemPrice>21.90</ItemPrice>
      <UnitOfMeasurePrice>5.4750</UnitOfMeasurePrice>
      <AllowDiscount>1</AllowDiscount>
      <ItemStatus>1</ItemStatus>
      <ItemId>265447</ItemId>
    </Item>
    <Item>
      <PriceUpdateDate>2015-07-08 09:36:43</PriceUpdateDate>
      <ItemCode>2543046</ItemCode>
      <ItemType>0</ItemType>
      <ItemName>קלוגס פרוסטיס 750 גר</ItemName>
      <ManufacturerName>קלוגס</ManufacturerName>
      <ManufactureCountry>לא ידוע</ManufactureCountry>
      <ManufacturerItemDescription>קלוגס פרוסטיס 750 גרם</ManufacturerItemDescription>
      <UnitQty>גרמים</UnitQty>
      <Quantity>750.00</Quantity>
      <UnitOfMeasure>100 גרם</UnitOfMeasure>
      <bIsWeighted>0</bIsWeighted>
      <QtyInPackage>1</QtyInPackage>
      <ItemPrice>14.90</ItemPrice>
      <UnitOfMeasurePrice>1.9867</UnitOfMeasurePrice>
      <AllowDiscount>1</AllowDiscount>
      <ItemStatus>1</ItemStatus>
      <ItemId>238883</ItemId>
    </Item>
    <Item>
      <PriceUpdateDate>2015-01-01 00:00:00</PriceUpdateDate>
      <ItemCode>469638</ItemCode>
      <ItemType>0</ItemType>
      <ItemName>מריטו ספריי לגיהוץ ק</ItemName>
      <ManufacturerName>בולטון</ManufacturerName>
      <ManufactureCountry>איטליה</ManufactureCountry>
      <ManufacturerItemDescription>מריטו ספריי לגיהוץ קל</ManufacturerItemDescription>
      <UnitQty>מיליליטרים</UnitQty>
      <Quantity>500.00</Quantity>
      <UnitOfMeasure>100 מ"ל</UnitOfMeasure>
      <bIsWeighted>0</bIsWeighted>
      <QtyInPackage>1</QtyInPackage>
      <ItemPrice>19.90</ItemPrice>
      <UnitOfMeasurePrice>3.9800</UnitOfMeasurePrice>
      <AllowDiscount>1</AllowDiscount>
      <ItemStatus>1</ItemStatus>
      <ItemId>238885</ItemId>
    </Item>
    <Item>
      <PriceUpdateDate>2015-01-01 00:00:00</PriceUpdateDate>
      <ItemCode>2541370</ItemCode>
      <ItemType>0</ItemType>
      <ItemName>חלב סויה אלפרו סידן</ItemName>
      <ManufacturerName>אלפרו</ManufacturerName>
      <ManufactureCountry>בלגיה</ManufactureCountry>
      <ManufacturerItemDescription>חלב סויה אלפרו סידן 1 ליטר</ManufacturerItemDescription>
      <UnitQty>ליטרים</UnitQty>
      <Quantity>1.00</Quantity>
      <UnitOfMeasure>ליטר    </UnitOfMeasure>
      <bIsWeighted>0</bIsWeighted>
      <QtyInPackage>1</QtyInPackage>
      <ItemPrice>11.90</ItemPrice>
      <UnitOfMeasurePrice>11.9000</UnitOfMeasurePrice>
      <AllowDiscount>1</AllowDiscount>
      <ItemStatus>1</ItemStatus>
      <ItemId>238888</ItemId>
    </Item>
    <Item>
      <PriceUpdateDate>2015-01-01 00:00:00</PriceUpdateDate>
      <ItemCode>2541981</ItemCode>
      <ItemType>0</ItemType>
      <ItemName>חלב סויה אלפרו ללא ס</ItemName>
      <ManufacturerName>אלפרו</ManufacturerName>
      <ManufactureCountry>בלגיה</ManufactureCountry>
      <ManufacturerItemDescription>חלב סויה אלפרו ללא סוכר 1 ליטר</ManufacturerItemDescription>
      <UnitQty>ליטרים</UnitQty>
      <Quantity>1.00</Quantity>
      <UnitOfMeasure>ליטר    </UnitOfMeasure>
      <bIsWeighted>0</bIsWeighted>
      <QtyInPackage>1</QtyInPackage>
      <ItemPrice>11.90</ItemPrice>
      <UnitOfMeasurePrice>11.9000</UnitOfMeasurePrice>
      <AllowDiscount>1</AllowDiscount>
      <ItemStatus>1</ItemStatus>
      <ItemId>238889</ItemId>
    </Item>
    <Item>
      <PriceUpdateDate>2015-01-01 00:00:00</PriceUpdateDate>
      <ItemCode>5191602</ItemCode>
      <ItemType>0</ItemType>
      <ItemName>חלב סויה אלפרו סידן</ItemName>
      <ManufacturerName>אלפרו</ManufacturerName>
      <ManufactureCountry>בלגיה</ManufactureCountry>
      <ManufacturerItemDescription>חלב סויה אלפרו סידן שלישיות</ManufacturerItemDescription>
      <UnitQty>ליטרים</UnitQty>
      <Quantity>1.00</Quantity>
      <UnitOfMeasure>ליטר    </UnitOfMeasure>
      <bIsWeighted>0</bIsWeighted>
      <QtyInPackage>3</QtyInPackage>
      <ItemPrice>11.90</ItemPrice>
      <UnitOfMeasurePrice>11.9000</UnitOfMeasurePrice>
      <AllowDiscount>1</AllowDiscount>
      <ItemStatus>1</ItemStatus>
      <ItemId>238890</ItemId>
    </Item>
    <Item>
      <PriceUpdateDate>2016-02-01 12:54:18</PriceUpdateDate>
      <ItemCode>2541479</ItemCode>
      <ItemType>0</ItemType>
      <ItemName>חלב סויה אלפרו שוקו</ItemName>
      <ManufacturerName>אלפרו</ManufacturerName>
      <ManufactureCountry>בלגיה</ManufactureCountry>
      <ManufacturerItemDescription>חלב סויה אלפרו שוקו שלישיות</ManufacturerItemDescription>
      <UnitQty>ליטרים</UnitQty>
      <Quantity>1.00</Quantity>
      <UnitOfMeasure>ליטר    </UnitOfMeasure>
      <bIsWeighted>0</bIsWeighted>
      <QtyInPackage>3</QtyInPackage>
      <ItemPrice>12.90</ItemPrice>
      <UnitOfMeasurePrice>12.9000</UnitOfMeasurePrice>
      <AllowDiscount>1</AllowDiscount>
      <ItemStatus>1</ItemStatus>
      <ItemId>238891</ItemId>
    </Item>
    <Item>
      <PriceUpdateDate>2015-01-01 00:00:00</PriceUpdateDate>
      <ItemCode>54051140</ItemCode>
      <ItemType>0</ItemType>
      <ItemName>מעדן סויה אלפרו וניל</ItemName>
      <ManufacturerName>אלפרו</ManufacturerName>
      <ManufactureCountry>בלגיה</ManufactureCountry>
      <ManufacturerItemDescription>מעדן סויה אלפרו וניל 4 יח</ManufacturerItemDescription>
      <UnitQty>Unknown </UnitQty>
      <Quantity>0.00</Quantity>
      <UnitOfMeasure>Unknown </UnitOfMeasure>
      <bIsWeighted>0</bIsWeighted>
      <QtyInPackage>4</QtyInPackage>
      <ItemPrice>14.90</ItemPrice>
      <UnitOfMeasurePrice>0.0000</UnitOfMeasurePrice>
      <AllowDiscount>1</AllowDiscount>
      <ItemStatus>1</ItemStatus>
      <ItemId>238895</ItemId>
    </Item>
    <Item>
      <PriceUpdateDate>2015-01-01 00:00:00</PriceUpdateDate>
      <ItemCode>5411188094159</ItemCode>
      <ItemType>0</ItemType>
      <ItemName>מעדן סויה אלפרו שוקו</ItemName>
      <ManufacturerName>אלפרו</ManufacturerName>
      <ManufactureCountry>בלגיה</ManufactureCountry>
      <ManufacturerItemDescription>מעדן סויה אלפרו שוקו מריר 4 יח</ManufacturerItemDescription>
      <UnitQty>Unknown </UnitQty>
      <Quantity>0.00</Quantity>
      <UnitOfMeasure>Unknown </UnitOfMeasure>
      <bIsWeighted>0</bIsWeighted>
      <QtyInPackage>4</QtyInPackage>
      <ItemPrice>14.90</ItemPrice>
      <UnitOfMeasurePrice>0.0000</UnitOfMeasurePrice>
      <AllowDiscount>1</AllowDiscount>
      <ItemStatus>1</ItemStatus>
      <ItemId>238896</ItemId>
    </Item>
    <Item>
      <PriceUpdateDate>2015-01-01 00:00:00</PriceUpdateDate>
      <ItemCode>5680052</ItemCode>
      <ItemType>0</ItemType>
      <ItemName>אובה קלאסי סופר פלוס</ItemName>
      <ManufacturerName>גונסון</ManufacturerName>
      <ManufactureCountry>גרמניה</ManufactureCountry>
      <ManufacturerItemDescription>אובה קלאסי סופר פלוס 32 יח</ManufacturerItemDescription>
      <UnitQty>Unknown </UnitQty>
      <Quantity>0.00</Quantity>
      <UnitOfMeasure>Unknown </UnitOfMeasure>
      <bIsWeighted>0</bIsWeighted>
      <QtyInPackage>1</QtyInPackage>
      <ItemPrice>24.90</ItemPrice>
      <UnitOfMeasurePrice>0.0000</UnitOfMeasurePrice>
      <AllowDiscount>1</AllowDiscount>
      <ItemStatus>1</ItemStatus>
      <ItemId>238897</ItemId>
    </Item>
    <Item>
      <PriceUpdateDate>2015-01-01 00:00:00</PriceUpdateDate>
      <ItemCode>3574660089547</ItemCode>
      <ItemType>0</ItemType>
      <ItemName>אובה קלאסי נורמל 32</ItemName>
      <ManufacturerName>גונסון</ManufacturerName>
      <ManufactureCountry>גרמניה</ManufactureCountry>
      <ManufacturerItemDescription>אובה קלאסי נורמל 32 יח</ManufacturerItemDescription>
      <UnitQty>Unknown </UnitQty>
      <Quantity>0.00</Quantity>
      <UnitOfMeasure>Unknown </UnitOfMeasure>
      <bIsWeighted>0</bIsWeighted>
      <QtyInPackage>1</QtyInPackage>
      <ItemPrice>24.90</ItemPrice>
      <UnitOfMeasurePrice>0.0000</UnitOfMeasurePrice>
      <AllowDiscount>1</AllowDiscount>
      <ItemStatus>1</ItemStatus>
      <ItemId>238898</ItemId>
    </Item>
    <Item>
      <PriceUpdateDate>2015-01-01 00:00:00</PriceUpdateDate>
      <ItemCode>3574660239973</ItemCode>
      <ItemType>0</ItemType>
      <ItemName>אובה פרוקומפורט 32 י</ItemName>
      <ManufacturerName>גונסון</ManufacturerName>
      <ManufactureCountry>גרמניה</ManufactureCountry>
      <ManufacturerItemDescription>אובה פרוקומפורט 32 יח</ManufacturerItemDescription>
      <UnitQty>Unknown </UnitQty>
      <Quantity>0.00</Quantity>
      <UnitOfMeasure>Unknown </UnitOfMeasure>
      <bIsWeighted>0</bIsWeighted>
      <QtyInPackage>1</QtyInPackage>
      <ItemPrice>24.90</ItemPrice>
      <UnitOfMeasurePrice>0.0000</UnitOfMeasurePrice>
      <AllowDiscount>1</AllowDiscount>
      <ItemStatus>1</ItemStatus>
      <ItemId>238899</ItemId>
    </Item>
    <Item>
      <PriceUpdateDate>2015-01-01 00:00:00</PriceUpdateDate>
      <ItemCode>3574660115154</ItemCode>
      <ItemType>0</ItemType>
      <ItemName>אובה קלאסי סופר  32</ItemName>
      <ManufacturerName>גונסון</ManufacturerName>
      <ManufactureCountry>גרמניה</ManufactureCountry>
      <ManufacturerItemDescription>אובה קלאסי סופר  32 יח</ManufacturerItemDescription>
      <UnitQty>Unknown </UnitQty>
      <Quantity>0.00</Quantity>
      <UnitOfMeasure>Unknown </UnitOfMeasure>
      <bIsWeighted>0</bIsWeighted>
      <QtyInPackage>1</QtyInPackage>
      <ItemPrice>24.90</ItemPrice>
      <UnitOfMeasurePrice>0.0000</UnitOfMeasurePrice>
      <AllowDiscount>1</AllowDiscount>
      <ItemStatus>1</ItemStatus>
      <ItemId>238900</ItemId>
    </Item>
    <Item>
      <PriceUpdateDate>2015-01-01 00:00:00</PriceUpdateDate>
      <ItemCode>2730354</ItemCode>
      <ItemType>0</ItemType>
      <ItemName>וניה תחבושות הגייניו</ItemName>
      <ManufacturerName>גונסון</ManufacturerName>
      <ManufactureCountry>בלגיה</ManufactureCountry>
      <ManufacturerItemDescription>וניה תחבושות הגייניות מקסי 12 יח</ManufacturerItemDescription>
      <UnitQty>Unknown </UnitQty>
      <Quantity>0.00</Quantity>
      <UnitOfMeasure>Unknown </UnitOfMeasure>
      <bIsWeighted>0</bIsWeighted>
      <QtyInPackage>1</QtyInPackage>
      <ItemPrice>22.90</ItemPrice>
      <UnitOfMeasurePrice>0.0000</UnitOfMeasurePrice>
      <AllowDiscount>1</AllowDiscount>
      <ItemStatus>1</ItemStatus>
      <ItemId>238901</ItemId>
    </Item>
    <Item>
      <PriceUpdateDate>2015-01-01 00:00:00</PriceUpdateDate>
      <ItemCode>3574660322590</ItemCode>
      <ItemType>0</ItemType>
      <ItemName>מגן תחתון קרפרי כותו</ItemName>
      <ManufacturerName>,</ManufacturerName>
      <ManufactureCountry>לא ידוע</ManufactureCountry>
      <ManufacturerItemDescription>מגן תחתון קרפרי כותון אוורירי 58 יח</ManufacturerItemDescription>
      <UnitQty>Unknown </UnitQty>
      <Quantity>0.00</Quantity>
      <UnitOfMeasure>Unknown </UnitOfMeasure>
      <bIsWeighted>0</bIsWeighted>
      <QtyInPackage>1</QtyInPackage>
      <ItemPrice>18.90</ItemPrice>
      <UnitOfMeasurePrice>0.0000</UnitOfMeasurePrice>
      <AllowDiscount>1</AllowDiscount>
      <ItemStatus>1</ItemStatus>
      <ItemId>238905</ItemId>
    </Item>
    <Item>
      <PriceUpdateDate>2015-01-01 00:00:00</PriceUpdateDate>
      <ItemCode>7290014472587</ItemCode>
      <ItemType>0</ItemType>
      <ItemName>סוכריות גומי חמצוצים</ItemName>
      <ManufacturerName>,</ManufacturerName>
      <ManufactureCountry>לא ידוע</ManufactureCountry>
      <ManufacturerItemDescription>סוכריות גומי חמצוצים קולה 288 גרם</ManufacturerItemDescription>
      <UnitQty>גרמים</UnitQty>
      <Quantity>0.00</Quantity>
      <UnitOfMeasure>100 גרם</UnitOfMeasure>
      <bIsWeighted>0</bIsWeighted>
      <QtyInPackage>1</QtyInPackage>
      <ItemPrice>9.00</ItemPrice>
      <UnitOfMeasurePrice>0.0000</UnitOfMeasurePrice>
      <AllowDiscount>1</AllowDiscount>
      <ItemStatus>1</ItemStatus>
      <ItemId>249303</ItemId>
    </Item>
    <Item>
      <PriceUpdateDate>2015-09-21 08:27:39</PriceUpdateDate>
      <ItemCode>7290103124601</ItemCode>
      <ItemType>0</ItemType>
      <ItemName>סבון נוזלי פלמוליב ח</ItemName>
      <ManufacturerName>קולגייט פלמוליב</ManufacturerName>
      <ManufactureCountry>תאילנד</ManufactureCountry>
      <ManufacturerItemDescription>סבון נוזלי פלמוליב חלב ודבש 750 מל</ManufacturerItemDescription>
      <UnitQty>מיליליטרים</UnitQty>
      <Quantity>750.00</Quantity>
      <UnitOfMeasure>100 מ"ל</UnitOfMeasure>
      <bIsWeighted>0</bIsWeighted>
      <QtyInPackage>1</QtyInPackage>
      <ItemPrice>14.90</ItemPrice>
      <UnitOfMeasurePrice>1.9867</UnitOfMeasurePrice>
      <AllowDiscount>1</AllowDiscount>
      <ItemStatus>1</ItemStatus>
      <ItemId>238907</ItemId>
    </Item>
    <Item>
      <PriceUpdateDate>2015-09-21 08:27:39</PriceUpdateDate>
      <ItemCode>7290103124588</ItemCode>
      <ItemType>0</ItemType>
      <ItemName>סבון נוזלי פלמוליב א</ItemName>
      <ManufacturerName>קולגייט פלמוליב</ManufacturerName>
      <ManufactureCountry>תאילנד</ManufactureCountry>
      <ManufacturerItemDescription>סבון נוזלי פלמוליב ארומה סגול  750 מל</ManufacturerItemDescription>
      <UnitQty>מיליליטרים</UnitQty>
      <Quantity>750.00</Quantity>
      <UnitOfMeasure>100 מ"ל</UnitOfMeasure>
      <bIsWeighted>0</bIsWeighted>
      <QtyInPackage>1</QtyInPackage>
      <ItemPrice>14.90</ItemPrice>
      <UnitOfMeasurePrice>1.9867</UnitOfMeasurePrice>
      <AllowDiscount>1</AllowDiscount>
      <ItemStatus>1</ItemStatus>
      <ItemId>238908</ItemId>
    </Item>
    <Item>
      <PriceUpdateDate>2015-01-01 00:00:00</PriceUpdateDate>
      <ItemCode>3574660292794</ItemCode>
      <ItemType>0</ItemType>
      <ItemName>גונסונס בייבי שמן</ItemName>
      <ManufacturerName>גונסון</ManufacturerName>
      <ManufactureCountry>ישראל</ManufactureCountry>
      <ManufacturerItemDescription>גונסונס בייבי שמן 500 מל</ManufacturerItemDescription>
      <UnitQty>גרמים</UnitQty>
      <Quantity>500.00</Quantity>
      <UnitOfMeasure>100 גרם</UnitOfMeasure>
      <bIsWeighted>0</bIsWeighted>
      <QtyInPackage>1</QtyInPackage>
      <ItemPrice>29.90</ItemPrice>
      <UnitOfMeasurePrice>5.9800</UnitOfMeasurePrice>
      <AllowDiscount>1</AllowDiscount>
      <ItemStatus>1</ItemStatus>
      <ItemId>238914</ItemId>
    </Item>
    <Item>
      <PriceUpdateDate>2015-01-01 00:00:00</PriceUpdateDate>
      <ItemCode>4551513</ItemCode>
      <ItemType>0</ItemType>
      <ItemName>פקאן קלוף 100 גרם</ItemName>
      <ManufacturerName>,</ManufacturerName>
      <ManufactureCountry>לא ידוע</ManufactureCountry>
      <ManufacturerItemDescription>פקאן קלוף 100 גרם</ManufacturerItemDescription>
      <UnitQty>גרמים</UnitQty>
      <Quantity>100.00</Quantity>
      <UnitOfMeasure>100 גרם</UnitOfMeasure>
      <bIsWeighted>0</bIsWeighted>
      <QtyInPackage>1</QtyInPackage>
      <ItemPrice>11.90</ItemPrice>
      <UnitOfMeasurePrice>11.9000</UnitOfMeasurePrice>
      <AllowDiscount>1</AllowDiscount>
      <ItemStatus>1</ItemStatus>
      <ItemId>238921</ItemId>
    </Item>
    <Item>
      <PriceUpdateDate>2015-01-01 00:00:00</PriceUpdateDate>
      <ItemCode>3574660050219</ItemCode>
      <ItemType>0</ItemType>
      <ItemName>תחליב גונסונס בייבי</ItemName>
      <ManufacturerName>,</ManufacturerName>
      <ManufactureCountry>לא ידוע</ManufactureCountry>
      <ManufacturerItemDescription>תחליב גונסונס בייבי 500 מ"ל</ManufacturerItemDescription>
      <UnitQty>מיליליטרים</UnitQty>
      <Quantity>500.00</Quantity>
      <UnitOfMeasure>100 מ"ל</UnitOfMeasure>
      <bIsWeighted>0</bIsWeighted>
      <QtyInPackage>1</QtyInPackage>
      <ItemPrice>29.90</ItemPrice>
      <UnitOfMeasurePrice>5.9800</UnitOfMeasurePrice>
      <AllowDiscount>1</AllowDiscount>
      <ItemStatus>1</ItemStatus>
      <ItemId>238943</ItemId>
    </Item>
    <Item>
      <PriceUpdateDate>2016-08-01 16:50:34</PriceUpdateDate>
      <ItemCode>856591000154</ItemCode>
      <ItemType>1</ItemType>
      <ItemName>עוגיות עבאדי בצנצנת</ItemName>
      <ManufacturerName>,</ManufacturerName>
      <ManufactureCountry>לא ידוע</ManufactureCountry>
      <ManufacturerItemDescription>עוגיות עבאדי בצנצנת  1.5 ק"ג</ManufacturerItemDescription>
      <UnitQty>Unknown </UnitQty>
      <Quantity>0.00</Quantity>
      <UnitOfMeasure>Unknown </UnitOfMeasure>
      <bIsWeighted>0</bIsWeighted>
      <QtyInPackage>1</QtyInPackage>
      <ItemPrice>39.90</ItemPrice>
      <UnitOfMeasurePrice>0.0000</UnitOfMeasurePrice>
      <AllowDiscount>1</AllowDiscount>
      <ItemStatus>1</ItemStatus>
      <ItemId>269059</ItemId>
    </Item>
    <Item>
      <PriceUpdateDate>2015-01-01 00:00:00</PriceUpdateDate>
      <ItemCode>7290011091224</ItemCode>
      <ItemType>0</ItemType>
      <ItemName>רוזמרין 50 גרם</ItemName>
      <ManufacturerName>,</ManufacturerName>
      <ManufactureCountry>לא ידוע</ManufactureCountry>
      <ManufacturerItemDescription>רוזמרין 50 גרם</ManufacturerItemDescription>
      <UnitQty>גרמים</UnitQty>
      <Quantity>50.00</Quantity>
      <UnitOfMeasure>100 גרם</UnitOfMeasure>
      <bIsWeighted>0</bIsWeighted>
      <QtyInPackage>1</QtyInPackage>
      <ItemPrice>11.90</ItemPrice>
      <UnitOfMeasurePrice>23.8000</UnitOfMeasurePrice>
      <AllowDiscount>1</AllowDiscount>
      <ItemStatus>1</ItemStatus>
      <ItemId>238968</ItemId>
    </Item>
    <Item>
      <PriceUpdateDate>2016-07-12 10:46:38</PriceUpdateDate>
      <ItemCode>5610509</ItemCode>
      <ItemType>0</ItemType>
      <ItemName>צנוניות יח</ItemName>
      <ManufacturerName>,</ManufacturerName>
      <ManufactureCountry>לא ידוע</ManufactureCountry>
      <ManufacturerItemDescription>צנוניות יח</ManufacturerItemDescription>
      <UnitQty>Unknown </UnitQty>
      <Quantity>0.00</Quantity>
      <UnitOfMeasure>Unknown </UnitOfMeasure>
      <bIsWeighted>0</bIsWeighted>
      <QtyInPackage>1</QtyInPackage>
      <ItemPrice>4.90</ItemPrice>
      <UnitOfMeasurePrice>0.0000</UnitOfMeasurePrice>
      <AllowDiscount>1</AllowDiscount>
      <ItemStatus>1</ItemStatus>
      <ItemId>238969</ItemId>
    </Item>
    <Item>
      <PriceUpdateDate>2015-01-01 00:00:00</PriceUpdateDate>
      <ItemCode>8690777206051</ItemCode>
      <ItemType>0</ItemType>
      <ItemName>חצילים קלויים על האש</ItemName>
      <ManufacturerName>קורהאן</ManufacturerName>
      <ManufactureCountry>לא ידוע</ManufactureCountry>
      <ManufacturerItemDescription>חצילים קלויים על האש 650 גרם חת"ס</ManufacturerItemDescription>
      <UnitQty>גרמים</UnitQty>
      <Quantity>400.00</Quantity>
      <UnitOfMeasure>100 גרם</UnitOfMeasure>
      <bIsWeighted>0</bIsWeighted>
      <QtyInPackage>1</QtyInPackage>
      <ItemPrice>10.90</ItemPrice>
      <UnitOfMeasurePrice>2.7250</UnitOfMeasurePrice>
      <AllowDiscount>1</AllowDiscount>
      <ItemStatus>1</ItemStatus>
      <ItemId>239006</ItemId>
    </Item>
    <Item>
      <PriceUpdateDate>2015-01-01 00:00:00</PriceUpdateDate>
      <ItemCode>8690777203012</ItemCode>
      <ItemType>0</ItemType>
      <ItemName>פלפל ירוק כבוש לא חר</ItemName>
      <ManufacturerName>קורהאן</ManufacturerName>
      <ManufactureCountry>לא ידוע</ManufactureCountry>
      <ManufacturerItemDescription>פלפל ירוק כבוש לא חריף 600 גרם סרה חת"ס</ManufacturerItemDescription>
      <UnitQty>גרמים</UnitQty>
      <Quantity>600.00</Quantity>
      <UnitOfMeasure>100 גרם</UnitOfMeasure>
      <bIsWeighted>0</bIsWeighted>
      <QtyInPackage>1</QtyInPackage>
      <ItemPrice>10.90</ItemPrice>
      <UnitOfMeasurePrice>1.8167</UnitOfMeasurePrice>
      <AllowDiscount>1</AllowDiscount>
      <ItemStatus>1</ItemStatus>
      <ItemId>239008</ItemId>
    </Item>
    <Item>
      <PriceUpdateDate>2015-01-01 00:00:00</PriceUpdateDate>
      <ItemCode>7290014095960</ItemCode>
      <ItemType>0</ItemType>
      <ItemName>שיבולת שועל עבה 500</ItemName>
      <ManufacturerName>שקדיה</ManufacturerName>
      <ManufactureCountry>לא ידוע</ManufactureCountry>
      <ManufacturerItemDescription>שיבולת שועל עבה 500 גרם</ManufacturerItemDescription>
      <UnitQty>גרמים</UnitQty>
      <Quantity>500.00</Quantity>
      <UnitOfMeasure>100 גרם</UnitOfMeasure>
      <bIsWeighted>0</bIsWeighted>
      <QtyInPackage>1</QtyInPackage>
      <ItemPrice>4.90</ItemPrice>
      <UnitOfMeasurePrice>0.9800</UnitOfMeasurePrice>
      <AllowDiscount>1</AllowDiscount>
      <ItemStatus>1</ItemStatus>
      <ItemId>246679</ItemId>
    </Item>
    <Item>
      <PriceUpdateDate>2015-01-01 00:00:00</PriceUpdateDate>
      <ItemCode>8690777221405</ItemCode>
      <ItemType>0</ItemType>
      <ItemName>פלפל אדום קלוי על הא</ItemName>
      <ManufacturerName>קורהאן</ManufacturerName>
      <ManufactureCountry>לא ידוע</ManufactureCountry>
      <ManufacturerItemDescription>פלפל אדום קלוי על האש 650 גרם סרה חת"ס</ManufacturerItemDescription>
      <UnitQty>גרמים</UnitQty>
      <Quantity>650.00</Quantity>
      <UnitOfMeasure>100 גרם</UnitOfMeasure>
      <bIsWeighted>0</bIsWeighted>
      <QtyInPackage>1</QtyInPackage>
      <ItemPrice>10.90</ItemPrice>
      <UnitOfMeasurePrice>1.6769</UnitOfMeasurePrice>
      <AllowDiscount>1</AllowDiscount>
      <ItemStatus>1</ItemStatus>
      <ItemId>239010</ItemId>
    </Item>
    <Item>
      <PriceUpdateDate>2015-09-20 12:48:05</PriceUpdateDate>
      <ItemCode>8712561594608</ItemCode>
      <ItemType>0</ItemType>
      <ItemName>תחליב רחצה דאב להזנה</ItemName>
      <ManufacturerName>,</ManufacturerName>
      <ManufactureCountry>לא ידוע</ManufactureCountry>
      <ManufacturerItemDescription>תחליב רחצה דאב להזנה עמוקה 750 מ"ל</ManufacturerItemDescription>
      <UnitQty>מיליליטרים</UnitQty>
      <Quantity>750.00</Quantity>
      <UnitOfMeasure>100 מ"ל</UnitOfMeasure>
      <bIsWeighted>0</bIsWeighted>
      <QtyInPackage>1</QtyInPackage>
      <ItemPrice>16.90</ItemPrice>
      <UnitOfMeasurePrice>2.2533</UnitOfMeasurePrice>
      <AllowDiscount>1</AllowDiscount>
      <ItemStatus>1</ItemStatus>
      <ItemId>264729</ItemId>
    </Item>
    <Item>
      <PriceUpdateDate>2015-01-01 00:00:00</PriceUpdateDate>
      <ItemCode>8690777202015</ItemCode>
      <ItemType>0</ItemType>
      <ItemName>ירקות כבושים מעורבים</ItemName>
      <ManufacturerName>קורהאן</ManufacturerName>
      <ManufactureCountry>לא ידוע</ManufactureCountry>
      <ManufacturerItemDescription>ירקות כבושים מעורבים 700 גרם סרה חת"ס</ManufacturerItemDescription>
      <UnitQty>גרמים</UnitQty>
      <Quantity>650.00</Quantity>
      <UnitOfMeasure>100 גרם</UnitOfMeasure>
      <bIsWeighted>0</bIsWeighted>
      <QtyInPackage>1</QtyInPackage>
      <ItemPrice>10.90</ItemPrice>
      <UnitOfMeasurePrice>1.6769</UnitOfMeasurePrice>
      <AllowDiscount>1</AllowDiscount>
      <ItemStatus>1</ItemStatus>
      <ItemId>239011</ItemId>
    </Item>
    <Item>
      <PriceUpdateDate>2015-01-01 00:00:00</PriceUpdateDate>
      <ItemCode>7290013472199</ItemCode>
      <ItemType>0</ItemType>
      <ItemName>ערמונים קלופיים וקלו</ItemName>
      <ManufacturerName>הבי ליקראן</ManufacturerName>
      <ManufactureCountry>לא ידוע</ManufactureCountry>
      <ManufacturerItemDescription>ערמונים קלופיים וקלויים 105 גרם חת"ס</ManufacturerItemDescription>
      <UnitQty>גרמים</UnitQty>
      <Quantity>105.00</Quantity>
      <UnitOfMeasure>100 גרם</UnitOfMeasure>
      <bIsWeighted>0</bIsWeighted>
      <QtyInPackage>1</QtyInPackage>
      <ItemPrice>4.90</ItemPrice>
      <UnitOfMeasurePrice>4.6667</UnitOfMeasurePrice>
      <AllowDiscount>1</AllowDiscount>
      <ItemStatus>1</ItemStatus>
      <ItemId>239012</ItemId>
    </Item>
    <Item>
      <PriceUpdateDate>2015-01-01 00:00:00</PriceUpdateDate>
      <ItemCode>6511683</ItemCode>
      <ItemType>0</ItemType>
      <ItemName>פולי סויה קפואים 454</ItemName>
      <ManufacturerName>קו אל טי די קיאוניונ</ManufacturerName>
      <ManufactureCountry>לא ידוע</ManufactureCountry>
      <ManufacturerItemDescription>פולי סויה קפואים 454 גרם חת"ס</ManufacturerItemDescription>
      <UnitQty>גרמים</UnitQty>
      <Quantity>454.00</Quantity>
      <UnitOfMeasure>100 גרם</UnitOfMeasure>
      <bIsWeighted>0</bIsWeighted>
      <QtyInPackage>1</QtyInPackage>
      <ItemPrice>9.90</ItemPrice>
      <UnitOfMeasurePrice>2.1806</UnitOfMeasurePrice>
      <AllowDiscount>1</AllowDiscount>
      <ItemStatus>1</ItemStatus>
      <ItemId>239016</ItemId>
    </Item>
    <Item>
      <PriceUpdateDate>2016-05-30 13:39:12</PriceUpdateDate>
      <ItemCode>7290010259007</ItemCode>
      <ItemType>0</ItemType>
      <ItemName>בישקוטים 200 גרם</ItemName>
      <ManufacturerName>דן קייק</ManufacturerName>
      <ManufactureCountry>לא ידוע</ManufactureCountry>
      <ManufacturerItemDescription>בישקוטים 200 גרם KF</ManufacturerItemDescription>
      <UnitQty>גרמים</UnitQty>
      <Quantity>200.00</Quantity>
      <UnitOfMeasure>100 גרם</UnitOfMeasure>
      <bIsWeighted>0</bIsWeighted>
      <QtyInPackage>1</QtyInPackage>
      <ItemPrice>5.90</ItemPrice>
      <UnitOfMeasurePrice>2.9500</UnitOfMeasurePrice>
      <AllowDiscount>1</AllowDiscount>
      <ItemStatus>1</ItemStatus>
      <ItemId>239017</ItemId>
    </Item>
    <Item>
      <PriceUpdateDate>2015-01-01 00:00:00</PriceUpdateDate>
      <ItemCode>835811005407</ItemCode>
      <ItemType>0</ItemType>
      <ItemName>כוסות קפה לדרך ענק+מ</ItemName>
      <ManufacturerName>,</ManufacturerName>
      <ManufactureCountry>לא ידוע</ManufactureCountry>
      <ManufacturerItemDescription>כוסות קפה לדרך ענק+מכסה</ManufacturerItemDescription>
      <UnitQty>Unknown </UnitQty>
      <Quantity>0.00</Quantity>
      <UnitOfMeasure>Unknown </UnitOfMeasure>
      <bIsWeighted>0</bIsWeighted>
      <QtyInPackage>1</QtyInPackage>
      <ItemPrice>9.90</ItemPrice>
      <UnitOfMeasurePrice>0.0000</UnitOfMeasurePrice>
      <AllowDiscount>1</AllowDiscount>
      <ItemStatus>1</ItemStatus>
      <ItemId>239065</ItemId>
    </Item>
    <Item>
      <PriceUpdateDate>2015-01-01 00:00:00</PriceUpdateDate>
      <ItemCode>4943745</ItemCode>
      <ItemType>0</ItemType>
      <ItemName>חומוס מבושל 800 גרם</ItemName>
      <ManufacturerName>מילוטל</ManufacturerName>
      <ManufactureCountry>ישראל</ManufactureCountry>
      <ManufacturerItemDescription>חומוס מבושל 800 גרם מילוטל</ManufacturerItemDescription>
      <UnitQty>גרמים</UnitQty>
      <Quantity>800.00</Quantity>
      <UnitOfMeasure>100 גרם</UnitOfMeasure>
      <bIsWeighted>0</bIsWeighted>
      <QtyInPackage>1</QtyInPackage>
      <ItemPrice>9.90</ItemPrice>
      <UnitOfMeasurePrice>1.2375</UnitOfMeasurePrice>
      <AllowDiscount>1</AllowDiscount>
      <ItemStatus>1</ItemStatus>
      <ItemId>239070</ItemId>
    </Item>
    <Item>
      <PriceUpdateDate>2015-01-01 00:00:00</PriceUpdateDate>
      <ItemCode>4943288</ItemCode>
      <ItemType>0</ItemType>
      <ItemName>פול מילוטל 800 גרם</ItemName>
      <ManufacturerName>מילוטל</ManufacturerName>
      <ManufactureCountry>ישראל</ManufactureCountry>
      <ManufacturerItemDescription>פול מילוטל 800 גרם</ManufacturerItemDescription>
      <UnitQty>גרמים</UnitQty>
      <Quantity>800.00</Quantity>
      <UnitOfMeasure>100 גרם</UnitOfMeasure>
      <bIsWeighted>0</bIsWeighted>
      <QtyInPackage>1</QtyInPackage>
      <ItemPrice>14.50</ItemPrice>
      <UnitOfMeasurePrice>1.8125</UnitOfMeasurePrice>
      <AllowDiscount>1</AllowDiscount>
      <ItemStatus>1</ItemStatus>
      <ItemId>239074</ItemId>
    </Item>
    <Item>
      <PriceUpdateDate>2015-01-01 00:00:00</PriceUpdateDate>
      <ItemCode>4943196</ItemCode>
      <ItemType>0</ItemType>
      <ItemName>שעועית ירוקה חתוכה מ</ItemName>
      <ManufacturerName>מילוטל</ManufacturerName>
      <ManufactureCountry>ישראל</ManufactureCountry>
      <ManufacturerItemDescription>שעועית ירוקה חתוכה מילוטל 800 גרם</ManufacturerItemDescription>
      <UnitQty>גרמים</UnitQty>
      <Quantity>800.00</Quantity>
      <UnitOfMeasure>100 גרם</UnitOfMeasure>
      <bIsWeighted>0</bIsWeighted>
      <QtyInPackage>1</QtyInPackage>
      <ItemPrice>9.90</ItemPrice>
      <UnitOfMeasurePrice>1.2375</UnitOfMeasurePrice>
      <AllowDiscount>1</AllowDiscount>
      <ItemStatus>1</ItemStatus>
      <ItemId>239075</ItemId>
    </Item>
    <Item>
      <PriceUpdateDate>2015-01-01 00:00:00</PriceUpdateDate>
      <ItemCode>4943578</ItemCode>
      <ItemType>0</ItemType>
      <ItemName>לקט לקוסקוס 1.2 ק"ג</ItemName>
      <ManufacturerName>מילוטל</ManufacturerName>
      <ManufactureCountry>ישראל</ManufactureCountry>
      <ManufacturerItemDescription>לקט לקוסקוס 1.2 קג</ManufacturerItemDescription>
      <UnitQty>קילוגרמים</UnitQty>
      <Quantity>1.20</Quantity>
      <UnitOfMeasure>ק"ג     </UnitOfMeasure>
      <bIsWeighted>0</bIsWeighted>
      <QtyInPackage>1</QtyInPackage>
      <ItemPrice>16.90</ItemPrice>
      <UnitOfMeasurePrice>14.0833</UnitOfMeasurePrice>
      <AllowDiscount>1</AllowDiscount>
      <ItemStatus>1</ItemStatus>
      <ItemId>239078</ItemId>
    </Item>
    <Item>
      <PriceUpdateDate>2015-01-01 00:00:00</PriceUpdateDate>
      <ItemCode>6374653</ItemCode>
      <ItemType>0</ItemType>
      <ItemName>דבש לייט 350 גרם</ItemName>
      <ManufacturerName>יד מרדכי</ManufacturerName>
      <ManufactureCountry>ישראל</ManufactureCountry>
      <ManufacturerItemDescription>דבש לייט 350 גרם</ManufacturerItemDescription>
      <UnitQty>גרמים</UnitQty>
      <Quantity>350.00</Quantity>
      <UnitOfMeasure>100 גרם</UnitOfMeasure>
      <bIsWeighted>0</bIsWeighted>
      <QtyInPackage>1</QtyInPackage>
      <ItemPrice>24.90</ItemPrice>
      <UnitOfMeasurePrice>7.1143</UnitOfMeasurePrice>
      <AllowDiscount>1</AllowDiscount>
      <ItemStatus>1</ItemStatus>
      <ItemId>239090</ItemId>
    </Item>
    <Item>
      <PriceUpdateDate>2015-01-01 00:00:00</PriceUpdateDate>
      <ItemCode>7290100856253</ItemCode>
      <ItemType>0</ItemType>
      <ItemName>ממרח שוקולד פרה ללא</ItemName>
      <ManufacturerName>שטראוס</ManufacturerName>
      <ManufactureCountry>ישראל</ManufactureCountry>
      <ManufacturerItemDescription>ממרח שוקולד פרה ללא סוכר 300 גרם</ManufacturerItemDescription>
      <UnitQty>גרמים</UnitQty>
      <Quantity>300.00</Quantity>
      <UnitOfMeasure>100 גרם</UnitOfMeasure>
      <bIsWeighted>0</bIsWeighted>
      <QtyInPackage>1</QtyInPackage>
      <ItemPrice>15.90</ItemPrice>
      <UnitOfMeasurePrice>5.3000</UnitOfMeasurePrice>
      <AllowDiscount>1</AllowDiscount>
      <ItemStatus>1</ItemStatus>
      <ItemId>239097</ItemId>
    </Item>
    <Item>
      <PriceUpdateDate>2015-06-28 07:49:49</PriceUpdateDate>
      <ItemCode>7290103404017</ItemCode>
      <ItemType>0</ItemType>
      <ItemName>מאגדת אנרגי שייפ פיר</ItemName>
      <ManufacturerName>שטראוס</ManufacturerName>
      <ManufactureCountry>ישראל</ManufactureCountry>
      <ManufacturerItemDescription>מאגדת SHAPE חטיף פירות ללס 156 גרם</ManufacturerItemDescription>
      <UnitQty>גרמים</UnitQty>
      <Quantity>156.00</Quantity>
      <UnitOfMeasure>100 גרם</UnitOfMeasure>
      <bIsWeighted>0</bIsWeighted>
      <QtyInPackage>1</QtyInPackage>
      <ItemPrice>15.90</ItemPrice>
      <UnitOfMeasurePrice>10.1923</UnitOfMeasurePrice>
      <AllowDiscount>1</AllowDiscount>
      <ItemStatus>1</ItemStatus>
      <ItemId>239098</ItemId>
    </Item>
    <Item>
      <PriceUpdateDate>2015-06-28 07:49:50</PriceUpdateDate>
      <ItemCode>7290103403997</ItemCode>
      <ItemType>0</ItemType>
      <ItemName>מאגדת אנרגי שייפ אגו</ItemName>
      <ManufacturerName>שטראוס</ManufacturerName>
      <ManufactureCountry>ישראל</ManufactureCountry>
      <ManufacturerItemDescription>אנרגי שייפ מיקס אגוזים ושוקולד 156 גרם</ManufacturerItemDescription>
      <UnitQty>גרמים</UnitQty>
      <Quantity>156.00</Quantity>
      <UnitOfMeasure>100 גרם</UnitOfMeasure>
      <bIsWeighted>0</bIsWeighted>
      <QtyInPackage>1</QtyInPackage>
      <ItemPrice>15.90</ItemPrice>
      <UnitOfMeasurePrice>10.1923</UnitOfMeasurePrice>
      <AllowDiscount>1</AllowDiscount>
      <ItemStatus>1</ItemStatus>
      <ItemId>239099</ItemId>
    </Item>
    <Item>
      <PriceUpdateDate>2015-06-28 07:49:50</PriceUpdateDate>
      <ItemCode>7290103404024</ItemCode>
      <ItemType>0</ItemType>
      <ItemName>מאגדת אנרגי שייפ אגו</ItemName>
      <ManufacturerName>שטראוס</ManufacturerName>
      <ManufactureCountry>ישראל</ManufactureCountry>
      <ManufacturerItemDescription>מאגדת SHAPE חטיף אגוזים ללס 156 גרם</ManufacturerItemDescription>
      <UnitQty>גרמים</UnitQty>
      <Quantity>156.00</Quantity>
      <UnitOfMeasure>100 גרם</UnitOfMeasure>
      <bIsWeighted>0</bIsWeighted>
      <QtyInPackage>1</QtyInPackage>
      <ItemPrice>15.90</ItemPrice>
      <UnitOfMeasurePrice>10.1923</UnitOfMeasurePrice>
      <AllowDiscount>1</AllowDiscount>
      <ItemStatus>1</ItemStatus>
      <ItemId>239100</ItemId>
    </Item>
    <Item>
      <PriceUpdateDate>2015-07-21 17:08:16</PriceUpdateDate>
      <ItemCode>7290103403973</ItemCode>
      <ItemType>0</ItemType>
      <ItemName>מאגדת אנרגי שייפ אגו</ItemName>
      <ManufacturerName>שטראוס</ManufacturerName>
      <ManufactureCountry>ישראל</ManufactureCountry>
      <ManufacturerItemDescription>מאגדת SHAPE חטיף אגוזים 156 גרם</ManufacturerItemDescription>
      <UnitQty>גרמים</UnitQty>
      <Quantity>156.00</Quantity>
      <UnitOfMeasure>100 גרם</UnitOfMeasure>
      <bIsWeighted>0</bIsWeighted>
      <QtyInPackage>1</QtyInPackage>
      <ItemPrice>15.90</ItemPrice>
      <UnitOfMeasurePrice>10.1923</UnitOfMeasurePrice>
      <AllowDiscount>1</AllowDiscount>
      <ItemStatus>1</ItemStatus>
      <ItemId>239102</ItemId>
    </Item>
    <Item>
      <PriceUpdateDate>2015-10-14 16:25:52</PriceUpdateDate>
      <ItemCode>7290104855085</ItemCode>
      <ItemType>1</ItemType>
      <ItemName>צלחות קטנות 285 יח א</ItemName>
      <ManufacturerName>,</ManufacturerName>
      <ManufactureCountry>לא ידוע</ManufactureCountry>
      <ManufacturerItemDescription>צלחות קטנות 285 יח אושר עד</ManufacturerItemDescription>
      <UnitQty>Unknown </UnitQty>
      <Quantity>0.00</Quantity>
      <UnitOfMeasure>Unknown </UnitOfMeasure>
      <bIsWeighted>0</bIsWeighted>
      <QtyInPackage>1</QtyInPackage>
      <ItemPrice>19.90</ItemPrice>
      <UnitOfMeasurePrice>0.0000</UnitOfMeasurePrice>
      <AllowDiscount>1</AllowDiscount>
      <ItemStatus>1</ItemStatus>
      <ItemId>265450</ItemId>
    </Item>
    <Item>
      <PriceUpdateDate>2015-01-01 00:00:00</PriceUpdateDate>
      <ItemCode>7290010839865</ItemCode>
      <ItemType>0</ItemType>
      <ItemName>רוטב רימונים 320 גרם</ItemName>
      <ManufacturerName>,</ManufacturerName>
      <ManufactureCountry>לא ידוע</ManufactureCountry>
      <ManufacturerItemDescription>רוטב רימונים 320 גרם</ManufacturerItemDescription>
      <UnitQty>מיליליטרים</UnitQty>
      <Quantity>320.00</Quantity>
      <UnitOfMeasure>100 מ"ל</UnitOfMeasure>
      <bIsWeighted>0</bIsWeighted>
      <QtyInPackage>1</QtyInPackage>
      <ItemPrice>10.90</ItemPrice>
      <UnitOfMeasurePrice>3.4063</UnitOfMeasurePrice>
      <AllowDiscount>1</AllowDiscount>
      <ItemStatus>1</ItemStatus>
      <ItemId>239189</ItemId>
    </Item>
    <Item>
      <PriceUpdateDate>2015-01-01 00:00:00</PriceUpdateDate>
      <ItemCode>7290100249932</ItemCode>
      <ItemType>0</ItemType>
      <ItemName>דליפקאן 400 גרם בד"צ</ItemName>
      <ManufacturerName>יוניליוור</ManufacturerName>
      <ManufactureCountry>ישראל</ManufactureCountry>
      <ManufacturerItemDescription>דליפקאן 400 גרם בדצ</ManufacturerItemDescription>
      <UnitQty>גרמים</UnitQty>
      <Quantity>400.00</Quantity>
      <UnitOfMeasure>100 גרם</UnitOfMeasure>
      <bIsWeighted>0</bIsWeighted>
      <QtyInPackage>1</QtyInPackage>
      <ItemPrice>22.90</ItemPrice>
      <UnitOfMeasurePrice>5.7250</UnitOfMeasurePrice>
      <AllowDiscount>1</AllowDiscount>
      <ItemStatus>1</ItemStatus>
      <ItemId>239196</ItemId>
    </Item>
    <Item>
      <PriceUpdateDate>2016-03-02 06:51:00</PriceUpdateDate>
      <ItemCode>4026028</ItemCode>
      <ItemType>0</ItemType>
      <ItemName>סוכריות פרוט ביי דה</ItemName>
      <ManufacturerName>גנרל מילס</ManufacturerName>
      <ManufactureCountry>ארצות הברית</ManufactureCountry>
      <ManufacturerItemDescription>סוכריות פרוט ביי דה פוט תות חת"ס</ManufacturerItemDescription>
      <UnitQty>גרמים</UnitQty>
      <Quantity>105.00</Quantity>
      <UnitOfMeasure>100 גרם</UnitOfMeasure>
      <bIsWeighted>0</bIsWeighted>
      <QtyInPackage>1</QtyInPackage>
      <ItemPrice>9.90</ItemPrice>
      <UnitOfMeasurePrice>9.4286</UnitOfMeasurePrice>
      <AllowDiscount>1</AllowDiscount>
      <ItemStatus>1</ItemStatus>
      <ItemId>239263</ItemId>
    </Item>
    <Item>
      <PriceUpdateDate>2016-03-02 06:51:00</PriceUpdateDate>
      <ItemCode>4026035</ItemCode>
      <ItemType>0</ItemType>
      <ItemName>סוכריות פרוט ביי דה</ItemName>
      <ManufacturerName>גנרל מילס</ManufacturerName>
      <ManufactureCountry>ארצות הברית</ManufactureCountry>
      <ManufacturerItemDescription>סוכריות פרוט ביי דה פוט פירות יער</ManufacturerItemDescription>
      <UnitQty>גרמים</UnitQty>
      <Quantity>105.00</Quantity>
      <UnitOfMeasure>100 גרם</UnitOfMeasure>
      <bIsWeighted>0</bIsWeighted>
      <QtyInPackage>1</QtyInPackage>
      <ItemPrice>9.90</ItemPrice>
      <UnitOfMeasurePrice>9.4286</UnitOfMeasurePrice>
      <AllowDiscount>1</AllowDiscount>
      <ItemStatus>1</ItemStatus>
      <ItemId>239264</ItemId>
    </Item>
    <Item>
      <PriceUpdateDate>2016-03-02 06:51:00</PriceUpdateDate>
      <ItemCode>4026042</ItemCode>
      <ItemType>0</ItemType>
      <ItemName>סוכריות פרוט ביי דה</ItemName>
      <ManufacturerName>גנרל מילס</ManufacturerName>
      <ManufactureCountry>ארצות הברית</ManufactureCountry>
      <ManufacturerItemDescription>סוכריות פרוט ביי דה פוט בטעמים חת"ס</ManufacturerItemDescription>
      <UnitQty>גרמים</UnitQty>
      <Quantity>105.00</Quantity>
      <UnitOfMeasure>100 גרם</UnitOfMeasure>
      <bIsWeighted>0</bIsWeighted>
      <QtyInPackage>1</QtyInPackage>
      <ItemPrice>9.90</ItemPrice>
      <UnitOfMeasurePrice>9.4286</UnitOfMeasurePrice>
      <AllowDiscount>1</AllowDiscount>
      <ItemStatus>1</ItemStatus>
      <ItemId>239265</ItemId>
    </Item>
    <Item>
      <PriceUpdateDate>2015-09-06 12:38:22</PriceUpdateDate>
      <ItemCode>7290012697081</ItemCode>
      <ItemType>0</ItemType>
      <ItemName>סוכרזית מהטבע סטיווי</ItemName>
      <ManufacturerName>,</ManufacturerName>
      <ManufactureCountry>לא ידוע</ManufactureCountry>
      <ManufacturerItemDescription>סוכרזית מהטבע סטיוויה 100 שקיות</ManufacturerItemDescription>
      <UnitQty>גרמים</UnitQty>
      <Quantity>100.00</Quantity>
      <UnitOfMeasure>100 גרם</UnitOfMeasure>
      <bIsWeighted>0</bIsWeighted>
      <QtyInPackage>1</QtyInPackage>
      <ItemPrice>27.90</ItemPrice>
      <UnitOfMeasurePrice>27.9000</UnitOfMeasurePrice>
      <AllowDiscount>1</AllowDiscount>
      <ItemStatus>1</ItemStatus>
      <ItemId>239269</ItemId>
    </Item>
    <Item>
      <PriceUpdateDate>2015-06-17 18:06:02</PriceUpdateDate>
      <ItemCode>7290014791817</ItemCode>
      <ItemType>1</ItemType>
      <ItemName>פרוט ווטר בטעם אבטיח</ItemName>
      <ManufacturerName>,</ManufacturerName>
      <ManufactureCountry>לא ידוע</ManufactureCountry>
      <ManufacturerItemDescription>שוופס פרוטס ווטר בטעם אבטיח 1.5 ליטר</ManufacturerItemDescription>
      <UnitQty>ליטרים</UnitQty>
      <Quantity>1.50</Quantity>
      <UnitOfMeasure>ליטר    </UnitOfMeasure>
      <bIsWeighted>0</bIsWeighted>
      <QtyInPackage>1</QtyInPackage>
      <ItemPrice>6.90</ItemPrice>
      <UnitOfMeasurePrice>4.6000</UnitOfMeasurePrice>
      <AllowDiscount>1</AllowDiscount>
      <ItemStatus>1</ItemStatus>
      <ItemId>264196</ItemId>
    </Item>
    <Item>
      <PriceUpdateDate>2015-01-01 00:00:00</PriceUpdateDate>
      <ItemCode>7290106526822</ItemCode>
      <ItemType>0</ItemType>
      <ItemName>פריכיות אנרגי תחתית</ItemName>
      <ManufacturerName>שטראוס</ManufacturerName>
      <ManufactureCountry>ישראל</ManufactureCountry>
      <ManufacturerItemDescription>פריכיות אנרגי תחתית שוקולד חלב 80 גרם</ManufacturerItemDescription>
      <UnitQty>Unknown </UnitQty>
      <Quantity>0.00</Quantity>
      <UnitOfMeasure>Unknown </UnitOfMeasure>
      <bIsWeighted>0</bIsWeighted>
      <QtyInPackage>1</QtyInPackage>
      <ItemPrice>7.50</ItemPrice>
      <UnitOfMeasurePrice>0.0000</UnitOfMeasurePrice>
      <AllowDiscount>1</AllowDiscount>
      <ItemStatus>1</ItemStatus>
      <ItemId>253671</ItemId>
    </Item>
    <Item>
      <PriceUpdateDate>2015-01-01 00:00:00</PriceUpdateDate>
      <ItemCode>835811005339</ItemCode>
      <ItemType>0</ItemType>
      <ItemName>שקיות אוכל זוג 300 י</ItemName>
      <ManufacturerName>,</ManufacturerName>
      <ManufactureCountry>לא ידוע</ManufactureCountry>
      <ManufacturerItemDescription>שקיות אוכל זוג 300 יח</ManufacturerItemDescription>
      <UnitQty>Unknown </UnitQty>
      <Quantity>0.00</Quantity>
      <UnitOfMeasure>Unknown </UnitOfMeasure>
      <bIsWeighted>0</bIsWeighted>
      <QtyInPackage>1</QtyInPackage>
      <ItemPrice>5.90</ItemPrice>
      <UnitOfMeasurePrice>0.0000</UnitOfMeasurePrice>
      <AllowDiscount>1</AllowDiscount>
      <ItemStatus>1</ItemStatus>
      <ItemId>239331</ItemId>
    </Item>
    <Item>
      <PriceUpdateDate>2015-01-01 00:00:00</PriceUpdateDate>
      <ItemCode>7290012522581</ItemCode>
      <ItemType>0</ItemType>
      <ItemName>שניצל תירס ללא גלוטן</ItemName>
      <ManufacturerName>טבעול ישראל</ManufacturerName>
      <ManufactureCountry>לא ידוע</ManufactureCountry>
      <ManufacturerItemDescription>שניצל תירס ללא גלוטן 660 גרם</ManufacturerItemDescription>
      <UnitQty>גרמים</UnitQty>
      <Quantity>660.00</Quantity>
      <UnitOfMeasure>100 גרם</UnitOfMeasure>
      <bIsWeighted>0</bIsWeighted>
      <QtyInPackage>1</QtyInPackage>
      <ItemPrice>14.90</ItemPrice>
      <UnitOfMeasurePrice>2.2576</UnitOfMeasurePrice>
      <AllowDiscount>1</AllowDiscount>
      <ItemStatus>1</ItemStatus>
      <ItemId>239333</ItemId>
    </Item>
    <Item>
      <PriceUpdateDate>2015-01-01 00:00:00</PriceUpdateDate>
      <ItemCode>7290010259892</ItemCode>
      <ItemType>0</ItemType>
      <ItemName>מרגרינה ללא מלח 200</ItemName>
      <ManufacturerName>מרסה</ManufacturerName>
      <ManufactureCountry>לא ידוע</ManufactureCountry>
      <ManufacturerItemDescription>מרגרינה ללא מלח 200 גרם חת"ס ב"ב</ManufacturerItemDescription>
      <UnitQty>גרמים</UnitQty>
      <Quantity>200.00</Quantity>
      <UnitOfMeasure>100 גרם</UnitOfMeasure>
      <bIsWeighted>0</bIsWeighted>
      <QtyInPackage>1</QtyInPackage>
      <ItemPrice>3.80</ItemPrice>
      <UnitOfMeasurePrice>1.9000</UnitOfMeasurePrice>
      <AllowDiscount>1</AllowDiscount>
      <ItemStatus>1</ItemStatus>
      <ItemId>239340</ItemId>
    </Item>
    <Item>
      <PriceUpdateDate>2015-01-01 00:00:00</PriceUpdateDate>
      <ItemCode>7290011860325</ItemCode>
      <ItemType>0</ItemType>
      <ItemName>ביסבול תפו"א בצל 700</ItemName>
      <ManufacturerName>תפוגן</ManufacturerName>
      <ManufactureCountry>ישראל</ManufactureCountry>
      <ManufacturerItemDescription>ביסבול תפוא בצל 700 גרם</ManufacturerItemDescription>
      <UnitQty>גרמים</UnitQty>
      <Quantity>700.00</Quantity>
      <UnitOfMeasure>100 גרם</UnitOfMeasure>
      <bIsWeighted>0</bIsWeighted>
      <QtyInPackage>1</QtyInPackage>
      <ItemPrice>11.90</ItemPrice>
      <UnitOfMeasurePrice>1.7000</UnitOfMeasurePrice>
      <AllowDiscount>1</AllowDiscount>
      <ItemStatus>1</ItemStatus>
      <ItemId>241106</ItemId>
    </Item>
    <Item>
      <PriceUpdateDate>2015-01-01 00:00:00</PriceUpdateDate>
      <ItemCode>2739913</ItemCode>
      <ItemType>0</ItemType>
      <ItemName>שניצלוני עוף אמיתי</ItemName>
      <ManufacturerName>,</ManufacturerName>
      <ManufactureCountry>לא ידוע</ManufactureCountry>
      <ManufacturerItemDescription>שניצלוני עוף אמיתי  שומשום עטרה 600 גרם</ManufacturerItemDescription>
      <UnitQty>גרמים</UnitQty>
      <Quantity>600.00</Quantity>
      <UnitOfMeasure>100 גרם</UnitOfMeasure>
      <bIsWeighted>0</bIsWeighted>
      <QtyInPackage>1</QtyInPackage>
      <ItemPrice>24.90</ItemPrice>
      <UnitOfMeasurePrice>4.1500</UnitOfMeasurePrice>
      <AllowDiscount>1</AllowDiscount>
      <ItemStatus>1</ItemStatus>
      <ItemId>239398</ItemId>
    </Item>
    <Item>
      <PriceUpdateDate>2015-01-01 00:00:00</PriceUpdateDate>
      <ItemCode>1209073</ItemCode>
      <ItemType>0</ItemType>
      <ItemName>רולדה הודו עטרה</ItemName>
      <ManufacturerName>,</ManufacturerName>
      <ManufactureCountry>לא ידוע</ManufactureCountry>
      <ManufacturerItemDescription>רולדה הודו עטרה</ManufacturerItemDescription>
      <UnitQty>קילוגרמים</UnitQty>
      <Quantity>1.00</Quantity>
      <UnitOfMeasure>ק"ג</UnitOfMeasure>
      <bIsWeighted>1</bIsWeighted>
      <QtyInPackage>לא ידוע</QtyInPackage>
      <ItemPrice>9.90</ItemPrice>
      <UnitOfMeasurePrice>9.9000</UnitOfMeasurePrice>
      <AllowDiscount>1</AllowDiscount>
      <ItemStatus>1</ItemStatus>
      <ItemId>239399</ItemId>
    </Item>
    <Item>
      <PriceUpdateDate>2015-01-01 00:00:00</PriceUpdateDate>
      <ItemCode>2014454</ItemCode>
      <ItemType>0</ItemType>
      <ItemName>חציל במיונז מיקי 3 ק</ItemName>
      <ManufacturerName>מעדני מיקי תעשיות מז</ManufacturerName>
      <ManufactureCountry>ישראל</ManufactureCountry>
      <ManufacturerItemDescription>חציל במיונז מיקי 3 קג</ManufacturerItemDescription>
      <UnitQty>קילוגרמים</UnitQty>
      <Quantity>3.00</Quantity>
      <UnitOfMeasure>ק"ג     </UnitOfMeasure>
      <bIsWeighted>0</bIsWeighted>
      <QtyInPackage>1</QtyInPackage>
      <ItemPrice>25.90</ItemPrice>
      <UnitOfMeasurePrice>8.6333</UnitOfMeasurePrice>
      <AllowDiscount>1</AllowDiscount>
      <ItemStatus>1</ItemStatus>
      <ItemId>239407</ItemId>
    </Item>
    <Item>
      <PriceUpdateDate>2015-01-01 00:00:00</PriceUpdateDate>
      <ItemCode>2014492</ItemCode>
      <ItemType>0</ItemType>
      <ItemName>סלט תפו"א מיקי 3 ק"ג</ItemName>
      <ManufacturerName>מעדני מיקי תעשיות מז</ManufacturerName>
      <ManufactureCountry>ישראל</ManufactureCountry>
      <ManufacturerItemDescription>סלט תפוא מיקי 3 קג</ManufacturerItemDescription>
      <UnitQty>קילוגרמים</UnitQty>
      <Quantity>3.00</Quantity>
      <UnitOfMeasure>ק"ג     </UnitOfMeasure>
      <bIsWeighted>0</bIsWeighted>
      <QtyInPackage>1</QtyInPackage>
      <ItemPrice>25.90</ItemPrice>
      <UnitOfMeasurePrice>8.6333</UnitOfMeasurePrice>
      <AllowDiscount>1</AllowDiscount>
      <ItemStatus>1</ItemStatus>
      <ItemId>239408</ItemId>
    </Item>
    <Item>
      <PriceUpdateDate>2015-01-01 00:00:00</PriceUpdateDate>
      <ItemCode>3782055</ItemCode>
      <ItemType>0</ItemType>
      <ItemName>מטבוחה מיקי 3 ק"ג</ItemName>
      <ManufacturerName>מעדני מיקי תעשיות מז</ManufacturerName>
      <ManufactureCountry>לא ידוע</ManufactureCountry>
      <ManufacturerItemDescription>מטבוחה מיקי 3 ק"ג</ManufacturerItemDescription>
      <UnitQty>קילוגרמים</UnitQty>
      <Quantity>3.00</Quantity>
      <UnitOfMeasure>ק"ג     </UnitOfMeasure>
      <bIsWeighted>0</bIsWeighted>
      <QtyInPackage>1</QtyInPackage>
      <ItemPrice>25.90</ItemPrice>
      <UnitOfMeasurePrice>8.6333</UnitOfMeasurePrice>
      <AllowDiscount>1</AllowDiscount>
      <ItemStatus>1</ItemStatus>
      <ItemId>239409</ItemId>
    </Item>
    <Item>
      <PriceUpdateDate>2015-01-01 00:00:00</PriceUpdateDate>
      <ItemCode>7290104960970</ItemCode>
      <ItemType>0</ItemType>
      <ItemName>דאודורנט טיטניום מטא</ItemName>
      <ManufacturerName>אמיליה קוסמטיקס</ManufacturerName>
      <ManufactureCountry>לא ידוע</ManufactureCountry>
      <ManufacturerItemDescription>דאודורנט טיטניום מטאל 180מ"ל</ManufacturerItemDescription>
      <UnitQty>מיליליטרים</UnitQty>
      <Quantity>180.00</Quantity>
      <UnitOfMeasure>100 מ"ל</UnitOfMeasure>
      <bIsWeighted>0</bIsWeighted>
      <QtyInPackage>1</QtyInPackage>
      <ItemPrice>19.90</ItemPrice>
      <UnitOfMeasurePrice>11.0556</UnitOfMeasurePrice>
      <AllowDiscount>1</AllowDiscount>
      <ItemStatus>1</ItemStatus>
      <ItemId>239421</ItemId>
    </Item>
    <Item>
      <PriceUpdateDate>2015-01-01 00:00:00</PriceUpdateDate>
      <ItemCode>305691</ItemCode>
      <ItemType>0</ItemType>
      <ItemName>מארז טונה יונה בשמן</ItemName>
      <ManufacturerName>יונה</ManufacturerName>
      <ManufactureCountry>לא ידוע</ManufactureCountry>
      <ManufacturerItemDescription>מארז טונה יונה בשמן 4*110 גרם</ManufacturerItemDescription>
      <UnitQty>גרמים</UnitQty>
      <Quantity>440.00</Quantity>
      <UnitOfMeasure>100 גרם</UnitOfMeasure>
      <bIsWeighted>0</bIsWeighted>
      <QtyInPackage>1</QtyInPackage>
      <ItemPrice>22.90</ItemPrice>
      <UnitOfMeasurePrice>5.2045</UnitOfMeasurePrice>
      <AllowDiscount>1</AllowDiscount>
      <ItemStatus>1</ItemStatus>
      <ItemId>239479</ItemId>
    </Item>
    <Item>
      <PriceUpdateDate>2015-01-01 00:00:00</PriceUpdateDate>
      <ItemCode>44743</ItemCode>
      <ItemType>0</ItemType>
      <ItemName>פרילי אננס 500 מ"ל</ItemName>
      <ManufacturerName>תנובה מרכז שיתופי לש</ManufacturerName>
      <ManufactureCountry>לא ידוע</ManufactureCountry>
      <ManufacturerItemDescription>פרילי אננס 500 מ"ל</ManufacturerItemDescription>
      <UnitQty>מיליליטרים</UnitQty>
      <Quantity>500.00</Quantity>
      <UnitOfMeasure>100 מ"ל</UnitOfMeasure>
      <bIsWeighted>0</bIsWeighted>
      <QtyInPackage>1</QtyInPackage>
      <ItemPrice>9.90</ItemPrice>
      <UnitOfMeasurePrice>1.9800</UnitOfMeasurePrice>
      <AllowDiscount>1</AllowDiscount>
      <ItemStatus>1</ItemStatus>
      <ItemId>248721</ItemId>
    </Item>
    <Item>
      <PriceUpdateDate>2015-09-20 12:28:04</PriceUpdateDate>
      <ItemCode>7290013267566</ItemCode>
      <ItemType>0</ItemType>
      <ItemName>גלידת קרמיסימו בומבה</ItemName>
      <ManufacturerName>שטראוס</ManufacturerName>
      <ManufactureCountry>ישראל</ManufactureCountry>
      <ManufacturerItemDescription>גלידת קרמיסימו בומבה 1.33 ליטר</ManufacturerItemDescription>
      <UnitQty>ליטרים</UnitQty>
      <Quantity>1.33</Quantity>
      <UnitOfMeasure>ליטר    </UnitOfMeasure>
      <bIsWeighted>0</bIsWeighted>
      <QtyInPackage>1</QtyInPackage>
      <ItemPrice>15.90</ItemPrice>
      <UnitOfMeasurePrice>11.9549</UnitOfMeasurePrice>
      <AllowDiscount>1</AllowDiscount>
      <ItemStatus>1</ItemStatus>
      <ItemId>239528</ItemId>
    </Item>
    <Item>
      <PriceUpdateDate>2016-06-02 15:36:14</PriceUpdateDate>
      <ItemCode>7290016220049</ItemCode>
      <ItemType>1</ItemType>
      <ItemName>יוגורט בננה 3% 1 ליט</ItemName>
      <ManufacturerName>בר בכפר די אנד די</ManufacturerName>
      <ManufactureCountry>ישראל</ManufactureCountry>
      <ManufacturerItemDescription>יוגורט בננה 3% 1 ליטר</ManufacturerItemDescription>
      <UnitQty>ליטרים</UnitQty>
      <Quantity>1.00</Quantity>
      <UnitOfMeasure>ליטר    </UnitOfMeasure>
      <bIsWeighted>0</bIsWeighted>
      <QtyInPackage>1</QtyInPackage>
      <ItemPrice>12.90</ItemPrice>
      <UnitOfMeasurePrice>12.9000</UnitOfMeasurePrice>
      <AllowDiscount>1</AllowDiscount>
      <ItemStatus>1</ItemStatus>
      <ItemId>268364</ItemId>
    </Item>
    <Item>
      <PriceUpdateDate>2015-01-01 00:00:00</PriceUpdateDate>
      <ItemCode>7290013267665</ItemCode>
      <ItemType>0</ItemType>
      <ItemName>מאגדת סולרו פירות טר</ItemName>
      <ManufacturerName>שטראוס</ManufacturerName>
      <ManufactureCountry>ישראל</ManufactureCountry>
      <ManufacturerItemDescription>מאגדת סולרו פירות טרופיים</ManufacturerItemDescription>
      <UnitQty>גרמים</UnitQty>
      <Quantity>354.00</Quantity>
      <UnitOfMeasure>100 גרם</UnitOfMeasure>
      <bIsWeighted>0</bIsWeighted>
      <QtyInPackage>לא ידוע</QtyInPackage>
      <ItemPrice>22.90</ItemPrice>
      <UnitOfMeasurePrice>6.4689</UnitOfMeasurePrice>
      <AllowDiscount>1</AllowDiscount>
      <ItemStatus>1</ItemStatus>
      <ItemId>239531</ItemId>
    </Item>
    <Item>
      <PriceUpdateDate>2015-01-01 00:00:00</PriceUpdateDate>
      <ItemCode>7290012483455</ItemCode>
      <ItemType>0</ItemType>
      <ItemName>שפרוטים מעושנים בשמן</ItemName>
      <ManufacturerName>Briavais Vilns</ManufacturerName>
      <ManufactureCountry>לטביה</ManufactureCountry>
      <ManufacturerItemDescription>שפרוטים מעושנים בשמן ריגה 240 גרם</ManufacturerItemDescription>
      <UnitQty>גרמים</UnitQty>
      <Quantity>240.00</Quantity>
      <UnitOfMeasure>100 גרם</UnitOfMeasure>
      <bIsWeighted>0</bIsWeighted>
      <QtyInPackage>1</QtyInPackage>
      <ItemPrice>7.90</ItemPrice>
      <UnitOfMeasurePrice>3.2917</UnitOfMeasurePrice>
      <AllowDiscount>1</AllowDiscount>
      <ItemStatus>1</ItemStatus>
      <ItemId>239551</ItemId>
    </Item>
    <Item>
      <PriceUpdateDate>2015-01-01 00:00:00</PriceUpdateDate>
      <ItemCode>2133544</ItemCode>
      <ItemType>0</ItemType>
      <ItemName>גבינה צפתית במליחות</ItemName>
      <ManufacturerName>מחלבת השומרון</ManufacturerName>
      <ManufactureCountry>ישראל</ManufactureCountry>
      <ManufacturerItemDescription>גבינה צפתית במליחות עדינה 250 גרם</ManufacturerItemDescription>
      <UnitQty>גרמים</UnitQty>
      <Quantity>250.00</Quantity>
      <UnitOfMeasure>100 גרם</UnitOfMeasure>
      <bIsWeighted>0</bIsWeighted>
      <QtyInPackage>1</QtyInPackage>
      <ItemPrice>10.90</ItemPrice>
      <UnitOfMeasurePrice>4.3600</UnitOfMeasurePrice>
      <AllowDiscount>1</AllowDiscount>
      <ItemStatus>1</ItemStatus>
      <ItemId>239564</ItemId>
    </Item>
    <Item>
      <PriceUpdateDate>2015-01-01 00:00:00</PriceUpdateDate>
      <ItemCode>2133506</ItemCode>
      <ItemType>0</ItemType>
      <ItemName>יוגורט של פעם חלב עי</ItemName>
      <ManufacturerName>מחלבת השומרון</ManufacturerName>
      <ManufactureCountry>ישראל</ManufactureCountry>
      <ManufacturerItemDescription>יוגורט של פעם חלב עיזים 400 גרם</ManufacturerItemDescription>
      <UnitQty>גרמים</UnitQty>
      <Quantity>400.00</Quantity>
      <UnitOfMeasure>100 גרם</UnitOfMeasure>
      <bIsWeighted>0</bIsWeighted>
      <QtyInPackage>1</QtyInPackage>
      <ItemPrice>9.90</ItemPrice>
      <UnitOfMeasurePrice>2.4750</UnitOfMeasurePrice>
      <AllowDiscount>1</AllowDiscount>
      <ItemStatus>1</ItemStatus>
      <ItemId>239567</ItemId>
    </Item>
    <Item>
      <PriceUpdateDate>2015-01-01 00:00:00</PriceUpdateDate>
      <ItemCode>2133551</ItemCode>
      <ItemType>0</ItemType>
      <ItemName>לאבנה עם שמן וזעתר 5</ItemName>
      <ManufacturerName>מחלבת השומרון</ManufacturerName>
      <ManufactureCountry>לא ידוע</ManufactureCountry>
      <ManufacturerItemDescription>לאבנה עם שמן וזעתר 500 גרם</ManufacturerItemDescription>
      <UnitQty>גרמים</UnitQty>
      <Quantity>500.00</Quantity>
      <UnitOfMeasure>100 גרם</UnitOfMeasure>
      <bIsWeighted>0</bIsWeighted>
      <QtyInPackage>1</QtyInPackage>
      <ItemPrice>15.90</ItemPrice>
      <UnitOfMeasurePrice>3.1800</UnitOfMeasurePrice>
      <AllowDiscount>1</AllowDiscount>
      <ItemStatus>1</ItemStatus>
      <ItemId>239569</ItemId>
    </Item>
    <Item>
      <PriceUpdateDate>2015-01-01 00:00:00</PriceUpdateDate>
      <ItemCode>7290010829385</ItemCode>
      <ItemType>0</ItemType>
      <ItemName>מטליות לחות לרצפה</ItemName>
      <ManufacturerName>דינמיק</ManufacturerName>
      <ManufactureCountry>לא ידוע</ManufactureCountry>
      <ManufacturerItemDescription>מטליות לחות לרצפה</ManufacturerItemDescription>
      <UnitQty>Unknown </UnitQty>
      <Quantity>0.00</Quantity>
      <UnitOfMeasure>Unknown </UnitOfMeasure>
      <bIsWeighted>0</bIsWeighted>
      <QtyInPackage>1</QtyInPackage>
      <ItemPrice>6.90</ItemPrice>
      <UnitOfMeasurePrice>0.0000</UnitOfMeasurePrice>
      <AllowDiscount>1</AllowDiscount>
      <ItemStatus>1</ItemStatus>
      <ItemId>239587</ItemId>
    </Item>
    <Item>
      <PriceUpdateDate>2015-01-01 00:00:00</PriceUpdateDate>
      <ItemCode>7290103155582</ItemCode>
      <ItemType>0</ItemType>
      <ItemName>מכסים לתבנית בינוני</ItemName>
      <ManufacturerName>אופל</ManufacturerName>
      <ManufactureCountry>לא ידוע</ManufactureCountry>
      <ManufacturerItemDescription>מכסים לתבנית בינוני 15 יח</ManufacturerItemDescription>
      <UnitQty>Unknown </UnitQty>
      <Quantity>0.00</Quantity>
      <UnitOfMeasure>Unknown </UnitOfMeasure>
      <bIsWeighted>0</bIsWeighted>
      <QtyInPackage>1</QtyInPackage>
      <ItemPrice>5.90</ItemPrice>
      <UnitOfMeasurePrice>0.0000</UnitOfMeasurePrice>
      <AllowDiscount>1</AllowDiscount>
      <ItemStatus>1</ItemStatus>
      <ItemId>248998</ItemId>
    </Item>
    <Item>
      <PriceUpdateDate>2015-09-21 08:15:32</PriceUpdateDate>
      <ItemCode>6653857</ItemCode>
      <ItemType>0</ItemType>
      <ItemName>ארנבונים 40 גרם</ItemName>
      <ManufacturerName>אסם</ManufacturerName>
      <ManufactureCountry>לא ידוע</ManufactureCountry>
      <ManufacturerItemDescription>ארנבונים 40 גרם</ManufacturerItemDescription>
      <UnitQty>גרמים</UnitQty>
      <Quantity>40.00</Quantity>
      <UnitOfMeasure>100 גרם</UnitOfMeasure>
      <bIsWeighted>0</bIsWeighted>
      <QtyInPackage>1</QtyInPackage>
      <ItemPrice>3.90</ItemPrice>
      <UnitOfMeasurePrice>9.7500</UnitOfMeasurePrice>
      <AllowDiscount>1</AllowDiscount>
      <ItemStatus>1</ItemStatus>
      <ItemId>239595</ItemId>
    </Item>
    <Item>
      <PriceUpdateDate>2015-01-01 00:00:00</PriceUpdateDate>
      <ItemCode>2716242</ItemCode>
      <ItemType>0</ItemType>
      <ItemName>פלפל לבן 50 גרם</ItemName>
      <ManufacturerName>,</ManufacturerName>
      <ManufactureCountry>לא ידוע</ManufactureCountry>
      <ManufacturerItemDescription>פלפל לבן 50 גרם</ManufacturerItemDescription>
      <UnitQty>גרמים</UnitQty>
      <Quantity>100.00</Quantity>
      <UnitOfMeasure>100 גרם</UnitOfMeasure>
      <bIsWeighted>0</bIsWeighted>
      <QtyInPackage>1</QtyInPackage>
      <ItemPrice>8.90</ItemPrice>
      <UnitOfMeasurePrice>8.9000</UnitOfMeasurePrice>
      <AllowDiscount>1</AllowDiscount>
      <ItemStatus>1</ItemStatus>
      <ItemId>239602</ItemId>
    </Item>
    <Item>
      <PriceUpdateDate>2015-01-01 00:00:00</PriceUpdateDate>
      <ItemCode>8836036</ItemCode>
      <ItemType>0</ItemType>
      <ItemName>יין גרנש 1 ליטר מאז</ItemName>
      <ManufacturerName>יקב טפרברג 1870 בעמ</ManufacturerName>
      <ManufactureCountry>לא ידוע</ManufactureCountry>
      <ManufacturerItemDescription>יין גרנש 1 ליטר מאז ועד עולם</ManufacturerItemDescription>
      <UnitQty>ליטרים</UnitQty>
      <Quantity>1.00</Quantity>
      <UnitOfMeasure>ליטר    </UnitOfMeasure>
      <bIsWeighted>0</bIsWeighted>
      <QtyInPackage>1</QtyInPackage>
      <ItemPrice>17.90</ItemPrice>
      <UnitOfMeasurePrice>17.9000</UnitOfMeasurePrice>
      <AllowDiscount>1</AllowDiscount>
      <ItemStatus>1</ItemStatus>
      <ItemId>239605</ItemId>
    </Item>
    <Item>
      <PriceUpdateDate>2015-01-01 00:00:00</PriceUpdateDate>
      <ItemCode>8836425</ItemCode>
      <ItemType>0</ItemType>
      <ItemName>יין אפרת קל 1 ליטר</ItemName>
      <ManufacturerName>יקב טפרברג 1870 בעמ</ManufacturerName>
      <ManufactureCountry>לא ידוע</ManufactureCountry>
      <ManufacturerItemDescription>יין אפרת קל 1 ליטר</ManufacturerItemDescription>
      <UnitQty>ליטרים</UnitQty>
      <Quantity>1.00</Quantity>
      <UnitOfMeasure>ליטר    </UnitOfMeasure>
      <bIsWeighted>0</bIsWeighted>
      <QtyInPackage>1</QtyInPackage>
      <ItemPrice>16.90</ItemPrice>
      <UnitOfMeasurePrice>16.9000</UnitOfMeasurePrice>
      <AllowDiscount>1</AllowDiscount>
      <ItemStatus>1</ItemStatus>
      <ItemId>239609</ItemId>
    </Item>
    <Item>
      <PriceUpdateDate>2016-07-14 08:17:35</PriceUpdateDate>
      <ItemCode>6251275</ItemCode>
      <ItemType>0</ItemType>
      <ItemName>תה ירוק סיני 25 שקיק</ItemName>
      <ManufacturerName>ויסוצקי</ManufacturerName>
      <ManufactureCountry>ישראל</ManufactureCountry>
      <ManufacturerItemDescription>תה ירוק סיני 25 שקיקים</ManufacturerItemDescription>
      <UnitQty>גרמים</UnitQty>
      <Quantity>150.00</Quantity>
      <UnitOfMeasure>100 גרם</UnitOfMeasure>
      <bIsWeighted>0</bIsWeighted>
      <QtyInPackage>1</QtyInPackage>
      <ItemPrice>21.50</ItemPrice>
      <UnitOfMeasurePrice>14.3333</UnitOfMeasurePrice>
      <AllowDiscount>1</AllowDiscount>
      <ItemStatus>1</ItemStatus>
      <ItemId>239610</ItemId>
    </Item>
    <Item>
      <PriceUpdateDate>2016-07-14 08:17:35</PriceUpdateDate>
      <ItemCode>6251374</ItemCode>
      <ItemType>0</ItemType>
      <ItemName>תה ירוק לימונית וגינ</ItemName>
      <ManufacturerName>ויסוצקי</ManufacturerName>
      <ManufactureCountry>ישראל</ManufactureCountry>
      <ManufacturerItemDescription>תה ירוק לימונית וגינגר 25 שקיקים</ManufacturerItemDescription>
      <UnitQty>גרמים</UnitQty>
      <Quantity>38.00</Quantity>
      <UnitOfMeasure>100 גרם</UnitOfMeasure>
      <bIsWeighted>0</bIsWeighted>
      <QtyInPackage>1</QtyInPackage>
      <ItemPrice>21.50</ItemPrice>
      <UnitOfMeasurePrice>56.5789</UnitOfMeasurePrice>
      <AllowDiscount>1</AllowDiscount>
      <ItemStatus>1</ItemStatus>
      <ItemId>239612</ItemId>
    </Item>
    <Item>
      <PriceUpdateDate>2015-01-01 00:00:00</PriceUpdateDate>
      <ItemCode>3521340</ItemCode>
      <ItemType>0</ItemType>
      <ItemName>אל סבון קמיל בלו כחו</ItemName>
      <ManufacturerName>פישר מעבדות פרמצבטיו</ManufacturerName>
      <ManufactureCountry>ישראל</ManufactureCountry>
      <ManufacturerItemDescription>אל סבון קמיל בלו כחול 2 ליטר</ManufacturerItemDescription>
      <UnitQty>ליטרים</UnitQty>
      <Quantity>2.00</Quantity>
      <UnitOfMeasure>ליטר    </UnitOfMeasure>
      <bIsWeighted>0</bIsWeighted>
      <QtyInPackage>1</QtyInPackage>
      <ItemPrice>39.90</ItemPrice>
      <UnitOfMeasurePrice>19.9500</UnitOfMeasurePrice>
      <AllowDiscount>1</AllowDiscount>
      <ItemStatus>1</ItemStatus>
      <ItemId>245682</ItemId>
    </Item>
    <Item>
      <PriceUpdateDate>2016-07-14 15:35:32</PriceUpdateDate>
      <ItemCode>8005200156573</ItemCode>
      <ItemType>0</ItemType>
      <ItemName>נסטי בטעם ענבים 500</ItemName>
      <ManufacturerName>סן פלגרינו</ManufacturerName>
      <ManufactureCountry>לא ידוע</ManufactureCountry>
      <ManufacturerItemDescription>נסטי בטעם ענבים 500 מ"ל</ManufacturerItemDescription>
      <UnitQty>מיליליטרים</UnitQty>
      <Quantity>500.00</Quantity>
      <UnitOfMeasure>100 מ"ל</UnitOfMeasure>
      <bIsWeighted>0</bIsWeighted>
      <QtyInPackage>1</QtyInPackage>
      <ItemPrice>2.20</ItemPrice>
      <UnitOfMeasurePrice>0.4400</UnitOfMeasurePrice>
      <AllowDiscount>1</AllowDiscount>
      <ItemStatus>1</ItemStatus>
      <ItemId>268859</ItemId>
    </Item>
    <Item>
      <PriceUpdateDate>2016-07-14 08:17:35</PriceUpdateDate>
      <ItemCode>7290011126957</ItemCode>
      <ItemType>0</ItemType>
      <ItemName>תה ירוק ארל גריי 25</ItemName>
      <ManufacturerName>ויסוצקי</ManufacturerName>
      <ManufactureCountry>ישראל</ManufactureCountry>
      <ManufacturerItemDescription>תה ירוק ארל גריי 25 שקיקים</ManufacturerItemDescription>
      <UnitQty>גרמים</UnitQty>
      <Quantity>38.00</Quantity>
      <UnitOfMeasure>100 גרם</UnitOfMeasure>
      <bIsWeighted>0</bIsWeighted>
      <QtyInPackage>1</QtyInPackage>
      <ItemPrice>21.50</ItemPrice>
      <UnitOfMeasurePrice>56.5789</UnitOfMeasurePrice>
      <AllowDiscount>1</AllowDiscount>
      <ItemStatus>1</ItemStatus>
      <ItemId>239613</ItemId>
    </Item>
    <Item>
      <PriceUpdateDate>2015-10-14 16:25:52</PriceUpdateDate>
      <ItemCode>7290104855108</ItemCode>
      <ItemType>1</ItemType>
      <ItemName>צלחות גדולות 198 יח</ItemName>
      <ManufacturerName>,</ManufacturerName>
      <ManufactureCountry>לא ידוע</ManufactureCountry>
      <ManufacturerItemDescription>צלחות גדולות 198 יח אושר עד</ManufacturerItemDescription>
      <UnitQty>Unknown </UnitQty>
      <Quantity>0.00</Quantity>
      <UnitOfMeasure>Unknown </UnitOfMeasure>
      <bIsWeighted>0</bIsWeighted>
      <QtyInPackage>1</QtyInPackage>
      <ItemPrice>19.90</ItemPrice>
      <UnitOfMeasurePrice>0.0000</UnitOfMeasurePrice>
      <AllowDiscount>1</AllowDiscount>
      <ItemStatus>1</ItemStatus>
      <ItemId>265451</ItemId>
    </Item>
    <Item>
      <PriceUpdateDate>2015-01-01 00:00:00</PriceUpdateDate>
      <ItemCode>7290010656509</ItemCode>
      <ItemType>0</ItemType>
      <ItemName>יין קברנה סוביניון 7</ItemName>
      <ManufacturerName>יקב טפרברג 1870 בעמ</ManufacturerName>
      <ManufactureCountry>לא ידוע</ManufactureCountry>
      <ManufacturerItemDescription>יין קברנה סוביניון 750 מ"ל סילבר</ManufacturerItemDescription>
      <UnitQty>מיליליטרים</UnitQty>
      <Quantity>750.00</Quantity>
      <UnitOfMeasure>100 מ"ל</UnitOfMeasure>
      <bIsWeighted>0</bIsWeighted>
      <QtyInPackage>1</QtyInPackage>
      <ItemPrice>29.80</ItemPrice>
      <UnitOfMeasurePrice>3.9733</UnitOfMeasurePrice>
      <AllowDiscount>1</AllowDiscount>
      <ItemStatus>1</ItemStatus>
      <ItemId>239617</ItemId>
    </Item>
    <Item>
      <PriceUpdateDate>2015-01-01 00:00:00</PriceUpdateDate>
      <ItemCode>7290010656820</ItemCode>
      <ItemType>0</ItemType>
      <ItemName>יין סנגובזה 750 מ"ל</ItemName>
      <ManufacturerName>יקב טפרברג 1870 בעמ</ManufacturerName>
      <ManufactureCountry>לא ידוע</ManufactureCountry>
      <ManufacturerItemDescription>יין סנגובזה 750 מ"ל סילבר</ManufacturerItemDescription>
      <UnitQty>מיליליטרים</UnitQty>
      <Quantity>750.00</Quantity>
      <UnitOfMeasure>100 מ"ל</UnitOfMeasure>
      <bIsWeighted>0</bIsWeighted>
      <QtyInPackage>1</QtyInPackage>
      <ItemPrice>29.80</ItemPrice>
      <UnitOfMeasurePrice>3.9733</UnitOfMeasurePrice>
      <AllowDiscount>1</AllowDiscount>
      <ItemStatus>1</ItemStatus>
      <ItemId>239620</ItemId>
    </Item>
    <Item>
      <PriceUpdateDate>2016-03-30 19:21:09</PriceUpdateDate>
      <ItemCode>7290104856426</ItemCode>
      <ItemType>1</ItemType>
      <ItemName>מפיות אירוח 220 יח</ItemName>
      <ManufacturerName>,</ManufacturerName>
      <ManufactureCountry>לא ידוע</ManufactureCountry>
      <ManufacturerItemDescription>מפיות אירוח 220 יח</ManufacturerItemDescription>
      <UnitQty>Unknown </UnitQty>
      <Quantity>0.00</Quantity>
      <UnitOfMeasure>Unknown </UnitOfMeasure>
      <bIsWeighted>0</bIsWeighted>
      <QtyInPackage>1</QtyInPackage>
      <ItemPrice>9.90</ItemPrice>
      <UnitOfMeasurePrice>0.0000</UnitOfMeasurePrice>
      <AllowDiscount>1</AllowDiscount>
      <ItemStatus>1</ItemStatus>
      <ItemId>267650</ItemId>
    </Item>
    <Item>
      <PriceUpdateDate>2015-11-15 12:53:25</PriceUpdateDate>
      <ItemCode>2385738</ItemCode>
      <ItemType>0</ItemType>
      <ItemName>מנצגו משולשים במשקל</ItemName>
      <ManufacturerName>,</ManufacturerName>
      <ManufactureCountry>לא ידוע</ManufactureCountry>
      <ManufacturerItemDescription>מנצגו משולשים במשקל מהדרין</ManufacturerItemDescription>
      <UnitQty>קילוגרמים</UnitQty>
      <Quantity>1.00</Quantity>
      <UnitOfMeasure>ק"ג</UnitOfMeasure>
      <bIsWeighted>1</bIsWeighted>
      <QtyInPackage>לא ידוע</QtyInPackage>
      <ItemPrice>99.00</ItemPrice>
      <UnitOfMeasurePrice>99.0000</UnitOfMeasurePrice>
      <AllowDiscount>1</AllowDiscount>
      <ItemStatus>1</ItemStatus>
      <ItemId>239651</ItemId>
    </Item>
    <Item>
      <PriceUpdateDate>2015-01-01 00:00:00</PriceUpdateDate>
      <ItemCode>7290103153830</ItemCode>
      <ItemType>0</ItemType>
      <ItemName>צלחות גדולות 100 יח</ItemName>
      <ManufacturerName>ב פ תעשיות</ManufacturerName>
      <ManufactureCountry>לא ידוע</ManufactureCountry>
      <ManufacturerItemDescription>צלחות נעימות גדולות 100 יח זהב</ManufacturerItemDescription>
      <UnitQty>Unknown </UnitQty>
      <Quantity>0.00</Quantity>
      <UnitOfMeasure>Unknown </UnitOfMeasure>
      <bIsWeighted>0</bIsWeighted>
      <QtyInPackage>1</QtyInPackage>
      <ItemPrice>29.90</ItemPrice>
      <UnitOfMeasurePrice>0.0000</UnitOfMeasurePrice>
      <AllowDiscount>1</AllowDiscount>
      <ItemStatus>1</ItemStatus>
      <ItemId>239662</ItemId>
    </Item>
    <Item>
      <PriceUpdateDate>2015-01-01 00:00:00</PriceUpdateDate>
      <ItemCode>7290103153823</ItemCode>
      <ItemType>0</ItemType>
      <ItemName>צלחות נעימות קטנות 1</ItemName>
      <ManufacturerName>ב פ תעשיות</ManufacturerName>
      <ManufactureCountry>לא ידוע</ManufactureCountry>
      <ManufacturerItemDescription>צלחות נעימות קטנות 100 יח זהב</ManufacturerItemDescription>
      <UnitQty>Unknown </UnitQty>
      <Quantity>0.00</Quantity>
      <UnitOfMeasure>Unknown </UnitOfMeasure>
      <bIsWeighted>0</bIsWeighted>
      <QtyInPackage>1</QtyInPackage>
      <ItemPrice>19.90</ItemPrice>
      <UnitOfMeasurePrice>0.0000</UnitOfMeasurePrice>
      <AllowDiscount>1</AllowDiscount>
      <ItemStatus>1</ItemStatus>
      <ItemId>239665</ItemId>
    </Item>
    <Item>
      <PriceUpdateDate>2015-01-01 00:00:00</PriceUpdateDate>
      <ItemCode>7290103153847</ItemCode>
      <ItemType>0</ItemType>
      <ItemName>צלחות מרק 100 יח זהב</ItemName>
      <ManufacturerName>ב פ תעשיות</ManufacturerName>
      <ManufactureCountry>לא ידוע</ManufactureCountry>
      <ManufacturerItemDescription>צלחות מרק 100 יח זהב</ManufacturerItemDescription>
      <UnitQty>Unknown </UnitQty>
      <Quantity>0.00</Quantity>
      <UnitOfMeasure>Unknown </UnitOfMeasure>
      <bIsWeighted>0</bIsWeighted>
      <QtyInPackage>1</QtyInPackage>
      <ItemPrice>19.90</ItemPrice>
      <UnitOfMeasurePrice>0.0000</UnitOfMeasurePrice>
      <AllowDiscount>1</AllowDiscount>
      <ItemStatus>1</ItemStatus>
      <ItemId>239668</ItemId>
    </Item>
    <Item>
      <PriceUpdateDate>2015-01-01 00:00:00</PriceUpdateDate>
      <ItemCode>7290105960481</ItemCode>
      <ItemType>0</ItemType>
      <ItemName>ציטוס אריזה כפולה אי</ItemName>
      <ManufacturerName>,</ManufacturerName>
      <ManufactureCountry>לא ידוע</ManufactureCountry>
      <ManufacturerItemDescription>ציטוס אריזה כפולה איקס עגול</ManufacturerItemDescription>
      <UnitQty>גרמים</UnitQty>
      <Quantity>300.00</Quantity>
      <UnitOfMeasure>100 גרם</UnitOfMeasure>
      <bIsWeighted>0</bIsWeighted>
      <QtyInPackage>1</QtyInPackage>
      <ItemPrice>17.90</ItemPrice>
      <UnitOfMeasurePrice>5.9667</UnitOfMeasurePrice>
      <AllowDiscount>1</AllowDiscount>
      <ItemStatus>1</ItemStatus>
      <ItemId>239675</ItemId>
    </Item>
    <Item>
      <PriceUpdateDate>2015-01-01 00:00:00</PriceUpdateDate>
      <ItemCode>7290105360830</ItemCode>
      <ItemType>0</ItemType>
      <ItemName>ציטוס אריזה כפולה כא</ItemName>
      <ManufacturerName>,</ManufacturerName>
      <ManufactureCountry>לא ידוע</ManufactureCountry>
      <ManufacturerItemDescription>ציטוס אריזה כפולה כאפה</ManufacturerItemDescription>
      <UnitQty>גרמים</UnitQty>
      <Quantity>300.00</Quantity>
      <UnitOfMeasure>100 גרם</UnitOfMeasure>
      <bIsWeighted>0</bIsWeighted>
      <QtyInPackage>1</QtyInPackage>
      <ItemPrice>17.90</ItemPrice>
      <UnitOfMeasurePrice>5.9667</UnitOfMeasurePrice>
      <AllowDiscount>1</AllowDiscount>
      <ItemStatus>1</ItemStatus>
      <ItemId>239676</ItemId>
    </Item>
    <Item>
      <PriceUpdateDate>2015-01-01 00:00:00</PriceUpdateDate>
      <ItemCode>2108658</ItemCode>
      <ItemType>0</ItemType>
      <ItemName>בורקס גבינה 800 גרם</ItemName>
      <ManufacturerName>,</ManufacturerName>
      <ManufactureCountry>לא ידוע</ManufactureCountry>
      <ManufacturerItemDescription>בורקס גבינה 800 גרם שף הבצק</ManufacturerItemDescription>
      <UnitQty>גרמים</UnitQty>
      <Quantity>800.00</Quantity>
      <UnitOfMeasure>100 גרם</UnitOfMeasure>
      <bIsWeighted>0</bIsWeighted>
      <QtyInPackage>1</QtyInPackage>
      <ItemPrice>8.80</ItemPrice>
      <UnitOfMeasurePrice>1.1000</UnitOfMeasurePrice>
      <AllowDiscount>1</AllowDiscount>
      <ItemStatus>1</ItemStatus>
      <ItemId>239783</ItemId>
    </Item>
    <Item>
      <PriceUpdateDate>2015-01-01 00:00:00</PriceUpdateDate>
      <ItemCode>2108351</ItemCode>
      <ItemType>0</ItemType>
      <ItemName>מלוואח תימני 900 גרם</ItemName>
      <ManufacturerName>,</ManufacturerName>
      <ManufactureCountry>לא ידוע</ManufactureCountry>
      <ManufacturerItemDescription>מלוואח תימני 900 גרם שף הבצק</ManufacturerItemDescription>
      <UnitQty>גרמים</UnitQty>
      <Quantity>900.00</Quantity>
      <UnitOfMeasure>100 גרם</UnitOfMeasure>
      <bIsWeighted>0</bIsWeighted>
      <QtyInPackage>1</QtyInPackage>
      <ItemPrice>8.80</ItemPrice>
      <UnitOfMeasurePrice>0.9778</UnitOfMeasurePrice>
      <AllowDiscount>1</AllowDiscount>
      <ItemStatus>1</ItemStatus>
      <ItemId>239786</ItemId>
    </Item>
    <Item>
      <PriceUpdateDate>2015-07-14 08:26:02</PriceUpdateDate>
      <ItemCode>57118</ItemCode>
      <ItemType>0</ItemType>
      <ItemName>גבינת עמק 400 גרם סמ</ItemName>
      <ManufacturerName>תנובה מרכז שיתופי לש</ManufacturerName>
      <ManufactureCountry>לא ידוע</ManufactureCountry>
      <ManufacturerItemDescription>גבינת עמק 400 גרם סמי מעדניה</ManufacturerItemDescription>
      <UnitQty>גרמים</UnitQty>
      <Quantity>400.00</Quantity>
      <UnitOfMeasure>100 גרם</UnitOfMeasure>
      <bIsWeighted>0</bIsWeighted>
      <QtyInPackage>1</QtyInPackage>
      <ItemPrice>19.90</ItemPrice>
      <UnitOfMeasurePrice>4.9750</UnitOfMeasurePrice>
      <AllowDiscount>1</AllowDiscount>
      <ItemStatus>1</ItemStatus>
      <ItemId>239792</ItemId>
    </Item>
    <Item>
      <PriceUpdateDate>2015-01-01 00:00:00</PriceUpdateDate>
      <ItemCode>4015400057369</ItemCode>
      <ItemType>0</ItemType>
      <ItemName>תחבושות אולוויז עבה</ItemName>
      <ManufacturerName>פרוקטר</ManufacturerName>
      <ManufactureCountry>לא ידוע</ManufactureCountry>
      <ManufacturerItemDescription>תחבושות אולוויז עבה לילה 12 יח</ManufacturerItemDescription>
      <UnitQty>Unknown </UnitQty>
      <Quantity>0.00</Quantity>
      <UnitOfMeasure>Unknown </UnitOfMeasure>
      <bIsWeighted>0</bIsWeighted>
      <QtyInPackage>1</QtyInPackage>
      <ItemPrice>11.90</ItemPrice>
      <UnitOfMeasurePrice>0.0000</UnitOfMeasurePrice>
      <AllowDiscount>1</AllowDiscount>
      <ItemStatus>1</ItemStatus>
      <ItemId>245619</ItemId>
    </Item>
    <Item>
      <PriceUpdateDate>2016-03-30 19:21:09</PriceUpdateDate>
      <ItemCode>7290104856419</ItemCode>
      <ItemType>1</ItemType>
      <ItemName>מפיות אירוח 260 יח</ItemName>
      <ManufacturerName>,</ManufacturerName>
      <ManufactureCountry>לא ידוע</ManufactureCountry>
      <ManufacturerItemDescription>מפיות אירוח 260 יח</ManufacturerItemDescription>
      <UnitQty>Unknown </UnitQty>
      <Quantity>0.00</Quantity>
      <UnitOfMeasure>Unknown </UnitOfMeasure>
      <bIsWeighted>0</bIsWeighted>
      <QtyInPackage>1</QtyInPackage>
      <ItemPrice>9.90</ItemPrice>
      <UnitOfMeasurePrice>0.0000</UnitOfMeasurePrice>
      <AllowDiscount>1</AllowDiscount>
      <ItemStatus>1</ItemStatus>
      <ItemId>267651</ItemId>
    </Item>
    <Item>
      <PriceUpdateDate>2015-09-20 12:48:05</PriceUpdateDate>
      <ItemCode>8712561611411</ItemCode>
      <ItemType>0</ItemType>
      <ItemName>תחליב רחצה דאב מלפפו</ItemName>
      <ManufacturerName>,</ManufacturerName>
      <ManufactureCountry>לא ידוע</ManufactureCountry>
      <ManufacturerItemDescription>תחליב רחצה דאב מלפפונים ותה ירוק 750 מ"ל</ManufacturerItemDescription>
      <UnitQty>מיליליטרים</UnitQty>
      <Quantity>750.00</Quantity>
      <UnitOfMeasure>100 מ"ל</UnitOfMeasure>
      <bIsWeighted>0</bIsWeighted>
      <QtyInPackage>1</QtyInPackage>
      <ItemPrice>16.90</ItemPrice>
      <UnitOfMeasurePrice>2.2533</UnitOfMeasurePrice>
      <AllowDiscount>1</AllowDiscount>
      <ItemStatus>1</ItemStatus>
      <ItemId>264730</ItemId>
    </Item>
    <Item>
      <PriceUpdateDate>2015-01-01 00:00:00</PriceUpdateDate>
      <ItemCode>835811005322</ItemCode>
      <ItemType>0</ItemType>
      <ItemName>פחם דרום אמריקאי 2 ק</ItemName>
      <ManufacturerName>,</ManufacturerName>
      <ManufactureCountry>לא ידוע</ManufactureCountry>
      <ManufacturerItemDescription>פחם דרום אמריקאי 2 ק"ג</ManufacturerItemDescription>
      <UnitQty>קילוגרמים</UnitQty>
      <Quantity>2.00</Quantity>
      <UnitOfMeasure>ק"ג     </UnitOfMeasure>
      <bIsWeighted>0</bIsWeighted>
      <QtyInPackage>1</QtyInPackage>
      <ItemPrice>14.90</ItemPrice>
      <UnitOfMeasurePrice>7.4500</UnitOfMeasurePrice>
      <AllowDiscount>1</AllowDiscount>
      <ItemStatus>1</ItemStatus>
      <ItemId>239857</ItemId>
    </Item>
    <Item>
      <PriceUpdateDate>2015-10-14 16:25:52</PriceUpdateDate>
      <ItemCode>7290104855092</ItemCode>
      <ItemType>1</ItemType>
      <ItemName>צלחות מרק 125 יח אוש</ItemName>
      <ManufacturerName>,</ManufacturerName>
      <ManufactureCountry>לא ידוע</ManufactureCountry>
      <ManufacturerItemDescription>צלחות מרק 125 יח אושר עד</ManufacturerItemDescription>
      <UnitQty>Unknown </UnitQty>
      <Quantity>0.00</Quantity>
      <UnitOfMeasure>Unknown </UnitOfMeasure>
      <bIsWeighted>0</bIsWeighted>
      <QtyInPackage>1</QtyInPackage>
      <ItemPrice>19.90</ItemPrice>
      <UnitOfMeasurePrice>0.0000</UnitOfMeasurePrice>
      <AllowDiscount>1</AllowDiscount>
      <ItemStatus>1</ItemStatus>
      <ItemId>265452</ItemId>
    </Item>
    <Item>
      <PriceUpdateDate>2015-01-01 00:00:00</PriceUpdateDate>
      <ItemCode>4575823</ItemCode>
      <ItemType>0</ItemType>
      <ItemName>קינוחי גלידה פרח 8 י</ItemName>
      <ManufacturerName>גלידות ריאו ביח"ר לג</ManufacturerName>
      <ManufactureCountry>לא ידוע</ManufactureCountry>
      <ManufacturerItemDescription>קינוחי גלידה פרח 8 יח</ManufacturerItemDescription>
      <UnitQty>Unknown </UnitQty>
      <Quantity>0.00</Quantity>
      <UnitOfMeasure>Unknown </UnitOfMeasure>
      <bIsWeighted>0</bIsWeighted>
      <QtyInPackage>1</QtyInPackage>
      <ItemPrice>18.90</ItemPrice>
      <UnitOfMeasurePrice>0.0000</UnitOfMeasurePrice>
      <AllowDiscount>1</AllowDiscount>
      <ItemStatus>1</ItemStatus>
      <ItemId>239858</ItemId>
    </Item>
    <Item>
      <PriceUpdateDate>2015-01-01 00:00:00</PriceUpdateDate>
      <ItemCode>7290012483608</ItemCode>
      <ItemType>0</ItemType>
      <ItemName>אורז בסמטי 5 ק"ג</ItemName>
      <ManufacturerName>lt foods</ManufacturerName>
      <ManufactureCountry>הודו</ManufactureCountry>
      <ManufacturerItemDescription>אורז בסמטי 5 קג</ManufacturerItemDescription>
      <UnitQty>קילוגרמים</UnitQty>
      <Quantity>5.00</Quantity>
      <UnitOfMeasure>ק"ג     </UnitOfMeasure>
      <bIsWeighted>0</bIsWeighted>
      <QtyInPackage>1</QtyInPackage>
      <ItemPrice>49.90</ItemPrice>
      <UnitOfMeasurePrice>9.9800</UnitOfMeasurePrice>
      <AllowDiscount>1</AllowDiscount>
      <ItemStatus>1</ItemStatus>
      <ItemId>239862</ItemId>
    </Item>
    <Item>
      <PriceUpdateDate>2015-01-01 00:00:00</PriceUpdateDate>
      <ItemCode>8690637555084</ItemCode>
      <ItemType>0</ItemType>
      <ItemName>מרכך כביסה בדין אקסט</ItemName>
      <ManufacturerName>יוניליוור</ManufacturerName>
      <ManufactureCountry>לא ידוע</ManufactureCountry>
      <ManufacturerItemDescription>מ.כביסה בדין אקסטרא 960 מ"ל</ManufacturerItemDescription>
      <UnitQty>מיליליטרים</UnitQty>
      <Quantity>960.00</Quantity>
      <UnitOfMeasure>100 מ"ל</UnitOfMeasure>
      <bIsWeighted>0</bIsWeighted>
      <QtyInPackage>1</QtyInPackage>
      <ItemPrice>11.90</ItemPrice>
      <UnitOfMeasurePrice>1.2396</UnitOfMeasurePrice>
      <AllowDiscount>1</AllowDiscount>
      <ItemStatus>1</ItemStatus>
      <ItemId>239867</ItemId>
    </Item>
    <Item>
      <PriceUpdateDate>2015-01-01 00:00:00</PriceUpdateDate>
      <ItemCode>7290013268549</ItemCode>
      <ItemType>0</ItemType>
      <ItemName>דאודורנט קרמה מן סטי</ItemName>
      <ManufacturerName>קוסמופארם</ManufacturerName>
      <ManufactureCountry>לא ידוע</ManufactureCountry>
      <ManufacturerItemDescription>דאודורנט קרמה מן סטיק אולטימייט</ManufacturerItemDescription>
      <UnitQty>מיליליטרים</UnitQty>
      <Quantity>75.00</Quantity>
      <UnitOfMeasure>100 מ"ל</UnitOfMeasure>
      <bIsWeighted>0</bIsWeighted>
      <QtyInPackage>1</QtyInPackage>
      <ItemPrice>12.90</ItemPrice>
      <UnitOfMeasurePrice>17.2000</UnitOfMeasurePrice>
      <AllowDiscount>1</AllowDiscount>
      <ItemStatus>1</ItemStatus>
      <ItemId>239892</ItemId>
    </Item>
    <Item>
      <PriceUpdateDate>2015-01-01 00:00:00</PriceUpdateDate>
      <ItemCode>7290013269287</ItemCode>
      <ItemType>0</ItemType>
      <ItemName>גל כביסה סנו מקסימה</ItemName>
      <ManufacturerName>,</ManufacturerName>
      <ManufactureCountry>לא ידוע</ManufactureCountry>
      <ManufacturerItemDescription>גל כביסה סנו מקסימה  מאסק 3 ליטר</ManufacturerItemDescription>
      <UnitQty>ליטרים</UnitQty>
      <Quantity>3.00</Quantity>
      <UnitOfMeasure>ליטר    </UnitOfMeasure>
      <bIsWeighted>0</bIsWeighted>
      <QtyInPackage>1</QtyInPackage>
      <ItemPrice>34.90</ItemPrice>
      <UnitOfMeasurePrice>11.6333</UnitOfMeasurePrice>
      <AllowDiscount>1</AllowDiscount>
      <ItemStatus>1</ItemStatus>
      <ItemId>239895</ItemId>
    </Item>
    <Item>
      <PriceUpdateDate>2015-01-01 00:00:00</PriceUpdateDate>
      <ItemCode>5013965747656</ItemCode>
      <ItemType>0</ItemType>
      <ItemName>מרכך הד&amp;שולדרס 400 מ</ItemName>
      <ManufacturerName>פרוקטר</ManufacturerName>
      <ManufactureCountry>לא ידוע</ManufactureCountry>
      <ManufacturerItemDescription>מרכך הד&amp;שולדרס 400 מ"ל קלאסי</ManufacturerItemDescription>
      <UnitQty>מיליליטרים</UnitQty>
      <Quantity>400.00</Quantity>
      <UnitOfMeasure>100 מ"ל</UnitOfMeasure>
      <bIsWeighted>0</bIsWeighted>
      <QtyInPackage>1</QtyInPackage>
      <ItemPrice>19.90</ItemPrice>
      <UnitOfMeasurePrice>4.9750</UnitOfMeasurePrice>
      <AllowDiscount>1</AllowDiscount>
      <ItemStatus>1</ItemStatus>
      <ItemId>239901</ItemId>
    </Item>
    <Item>
      <PriceUpdateDate>2015-01-01 00:00:00</PriceUpdateDate>
      <ItemCode>4131845</ItemCode>
      <ItemType>0</ItemType>
      <ItemName>לאבנה 750 גרם</ItemName>
      <ManufacturerName>,</ManufacturerName>
      <ManufactureCountry>לא ידוע</ManufactureCountry>
      <ManufacturerItemDescription>לאבנה 750 גרם</ManufacturerItemDescription>
      <UnitQty>גרמים</UnitQty>
      <Quantity>750.00</Quantity>
      <UnitOfMeasure>100 גרם</UnitOfMeasure>
      <bIsWeighted>0</bIsWeighted>
      <QtyInPackage>1</QtyInPackage>
      <ItemPrice>19.90</ItemPrice>
      <UnitOfMeasurePrice>2.6533</UnitOfMeasurePrice>
      <AllowDiscount>1</AllowDiscount>
      <ItemStatus>1</ItemStatus>
      <ItemId>239912</ItemId>
    </Item>
    <Item>
      <PriceUpdateDate>2015-01-01 00:00:00</PriceUpdateDate>
      <ItemCode>7290105691415</ItemCode>
      <ItemType>0</ItemType>
      <ItemName>בייגלה שמיניות ללא ג</ItemName>
      <ManufacturerName>אסם</ManufacturerName>
      <ManufactureCountry>לא ידוע</ManufactureCountry>
      <ManufacturerItemDescription>בייגלה שמיניות ללא גלוטן 250 גרם</ManufacturerItemDescription>
      <UnitQty>גרמים</UnitQty>
      <Quantity>250.00</Quantity>
      <UnitOfMeasure>100 גרם</UnitOfMeasure>
      <bIsWeighted>0</bIsWeighted>
      <QtyInPackage>1</QtyInPackage>
      <ItemPrice>6.90</ItemPrice>
      <UnitOfMeasurePrice>2.7600</UnitOfMeasurePrice>
      <AllowDiscount>1</AllowDiscount>
      <ItemStatus>1</ItemStatus>
      <ItemId>239919</ItemId>
    </Item>
    <Item>
      <PriceUpdateDate>2015-01-01 00:00:00</PriceUpdateDate>
      <ItemCode>289366</ItemCode>
      <ItemType>0</ItemType>
      <ItemName>סנו רהיט מרסס 500 מ"</ItemName>
      <ManufacturerName>,</ManufacturerName>
      <ManufactureCountry>לא ידוע</ManufactureCountry>
      <ManufacturerItemDescription>סנו רהיט מרסס 500 מ"ל + שקית מילוי</ManufacturerItemDescription>
      <UnitQty>ליטרים</UnitQty>
      <Quantity>1.00</Quantity>
      <UnitOfMeasure>ליטר    </UnitOfMeasure>
      <bIsWeighted>0</bIsWeighted>
      <QtyInPackage>1</QtyInPackage>
      <ItemPrice>29.90</ItemPrice>
      <UnitOfMeasurePrice>29.9000</UnitOfMeasurePrice>
      <AllowDiscount>1</AllowDiscount>
      <ItemStatus>1</ItemStatus>
      <ItemId>239932</ItemId>
    </Item>
    <Item>
      <PriceUpdateDate>2015-01-01 00:00:00</PriceUpdateDate>
      <ItemCode>7290105180247</ItemCode>
      <ItemType>0</ItemType>
      <ItemName>פלסטרים מיקס 100 יח</ItemName>
      <ManufacturerName>,</ManufacturerName>
      <ManufactureCountry>לא ידוע</ManufactureCountry>
      <ManufacturerItemDescription>פלסטרים מיקס 100 יח</ManufacturerItemDescription>
      <UnitQty>Unknown </UnitQty>
      <Quantity>0.00</Quantity>
      <UnitOfMeasure>Unknown </UnitOfMeasure>
      <bIsWeighted>0</bIsWeighted>
      <QtyInPackage>1</QtyInPackage>
      <ItemPrice>10.90</ItemPrice>
      <UnitOfMeasurePrice>0.0000</UnitOfMeasurePrice>
      <AllowDiscount>1</AllowDiscount>
      <ItemStatus>1</ItemStatus>
      <ItemId>239938</ItemId>
    </Item>
    <Item>
      <PriceUpdateDate>2015-01-01 00:00:00</PriceUpdateDate>
      <ItemCode>7290105180230</ItemCode>
      <ItemType>0</ItemType>
      <ItemName>פלסטרים מצויירים ליל</ItemName>
      <ManufacturerName>,</ManufacturerName>
      <ManufactureCountry>לא ידוע</ManufactureCountry>
      <ManufacturerItemDescription>פלסטרים מצויירים לילדים 30 יח</ManufacturerItemDescription>
      <UnitQty>Unknown </UnitQty>
      <Quantity>0.00</Quantity>
      <UnitOfMeasure>Unknown </UnitOfMeasure>
      <bIsWeighted>0</bIsWeighted>
      <QtyInPackage>1</QtyInPackage>
      <ItemPrice>6.90</ItemPrice>
      <UnitOfMeasurePrice>0.0000</UnitOfMeasurePrice>
      <AllowDiscount>1</AllowDiscount>
      <ItemStatus>1</ItemStatus>
      <ItemId>239939</ItemId>
    </Item>
    <Item>
      <PriceUpdateDate>2015-01-01 00:00:00</PriceUpdateDate>
      <ItemCode>7290105180216</ItemCode>
      <ItemType>0</ItemType>
      <ItemName>פלסטרים שקופים 100 י</ItemName>
      <ManufacturerName>,</ManufacturerName>
      <ManufactureCountry>לא ידוע</ManufactureCountry>
      <ManufacturerItemDescription>פלסטרים שקופים 100 יחידות</ManufacturerItemDescription>
      <UnitQty>Unknown </UnitQty>
      <Quantity>0.00</Quantity>
      <UnitOfMeasure>Unknown </UnitOfMeasure>
      <bIsWeighted>0</bIsWeighted>
      <QtyInPackage>1</QtyInPackage>
      <ItemPrice>10.90</ItemPrice>
      <UnitOfMeasurePrice>0.0000</UnitOfMeasurePrice>
      <AllowDiscount>1</AllowDiscount>
      <ItemStatus>1</ItemStatus>
      <ItemId>239940</ItemId>
    </Item>
    <Item>
      <PriceUpdateDate>2015-01-01 00:00:00</PriceUpdateDate>
      <ItemCode>7290105180179</ItemCode>
      <ItemType>0</ItemType>
      <ItemName>בקבוק צר 125 מ"ל ללא</ItemName>
      <ManufacturerName>אריסטוקרט</ManufacturerName>
      <ManufactureCountry>ישראל</ManufactureCountry>
      <ManufacturerItemDescription>בקבוק צר 125 מל ללא ביספינול</ManufacturerItemDescription>
      <UnitQty>Unknown </UnitQty>
      <Quantity>0.00</Quantity>
      <UnitOfMeasure>Unknown </UnitOfMeasure>
      <bIsWeighted>0</bIsWeighted>
      <QtyInPackage>1</QtyInPackage>
      <ItemPrice>6.90</ItemPrice>
      <UnitOfMeasurePrice>0.0000</UnitOfMeasurePrice>
      <AllowDiscount>1</AllowDiscount>
      <ItemStatus>1</ItemStatus>
      <ItemId>239945</ItemId>
    </Item>
    <Item>
      <PriceUpdateDate>2015-01-01 00:00:00</PriceUpdateDate>
      <ItemCode>2108436</ItemCode>
      <ItemType>0</ItemType>
      <ItemName>גחנון 800 גרם שף הבצ</ItemName>
      <ManufacturerName>,</ManufacturerName>
      <ManufactureCountry>לא ידוע</ManufactureCountry>
      <ManufacturerItemDescription>גחנון 800 גרם שף הבצק</ManufacturerItemDescription>
      <UnitQty>גרמים</UnitQty>
      <Quantity>800.00</Quantity>
      <UnitOfMeasure>100 גרם</UnitOfMeasure>
      <bIsWeighted>0</bIsWeighted>
      <QtyInPackage>1</QtyInPackage>
      <ItemPrice>8.80</ItemPrice>
      <UnitOfMeasurePrice>1.1000</UnitOfMeasurePrice>
      <AllowDiscount>1</AllowDiscount>
      <ItemStatus>1</ItemStatus>
      <ItemId>239946</ItemId>
    </Item>
    <Item>
      <PriceUpdateDate>2016-02-11 13:41:49</PriceUpdateDate>
      <ItemCode>55206</ItemCode>
      <ItemType>0</ItemType>
      <ItemName>גבינה לבנה בטעם בצל</ItemName>
      <ManufacturerName>תנובה מרכז שיתופי לש</ManufacturerName>
      <ManufactureCountry>לא ידוע</ManufactureCountry>
      <ManufacturerItemDescription>גבינה לבנה בטעם בצל מטוגן 5% 250 גרם מהד</ManufacturerItemDescription>
      <UnitQty>גרמים</UnitQty>
      <Quantity>250.00</Quantity>
      <UnitOfMeasure>100 גרם</UnitOfMeasure>
      <bIsWeighted>0</bIsWeighted>
      <QtyInPackage>1</QtyInPackage>
      <ItemPrice>5.30</ItemPrice>
      <UnitOfMeasurePrice>2.1200</UnitOfMeasurePrice>
      <AllowDiscount>1</AllowDiscount>
      <ItemStatus>1</ItemStatus>
      <ItemId>239989</ItemId>
    </Item>
    <Item>
      <PriceUpdateDate>2016-02-11 13:41:50</PriceUpdateDate>
      <ItemCode>56272</ItemCode>
      <ItemType>0</ItemType>
      <ItemName>גבינה לבנה עם זיתים</ItemName>
      <ManufacturerName>תנובה מרכז שיתופי לש</ManufacturerName>
      <ManufactureCountry>לא ידוע</ManufactureCountry>
      <ManufacturerItemDescription>גבינה לבנה עם זיתים  5% 250 גרם מהדרין</ManufacturerItemDescription>
      <UnitQty>גרמים</UnitQty>
      <Quantity>250.00</Quantity>
      <UnitOfMeasure>100 גרם</UnitOfMeasure>
      <bIsWeighted>0</bIsWeighted>
      <QtyInPackage>1</QtyInPackage>
      <ItemPrice>5.30</ItemPrice>
      <UnitOfMeasurePrice>2.1200</UnitOfMeasurePrice>
      <AllowDiscount>1</AllowDiscount>
      <ItemStatus>1</ItemStatus>
      <ItemId>239991</ItemId>
    </Item>
    <Item>
      <PriceUpdateDate>2016-03-14 13:41:18</PriceUpdateDate>
      <ItemCode>8714789177229</ItemCode>
      <ItemType>0</ItemType>
      <ItemName>מברשת שיניים אקסטרא</ItemName>
      <ManufacturerName>קולגייט פלמוליב</ManufacturerName>
      <ManufactureCountry>ויטנאם</ManufactureCountry>
      <ManufacturerItemDescription>מברשת שיניים אקסטרא קלין רביעיה</ManufacturerItemDescription>
      <UnitQty>Unknown </UnitQty>
      <Quantity>0.00</Quantity>
      <UnitOfMeasure>Unknown </UnitOfMeasure>
      <bIsWeighted>0</bIsWeighted>
      <QtyInPackage>4</QtyInPackage>
      <ItemPrice>9.90</ItemPrice>
      <UnitOfMeasurePrice>0.0000</UnitOfMeasurePrice>
      <AllowDiscount>1</AllowDiscount>
      <ItemStatus>1</ItemStatus>
      <ItemId>240006</ItemId>
    </Item>
    <Item>
      <PriceUpdateDate>2015-12-11 08:07:19</PriceUpdateDate>
      <ItemCode>7290100925966</ItemCode>
      <ItemType>0</ItemType>
      <ItemName>מ.כביסה סוד מקס כחול</ItemName>
      <ManufacturerName>הנקל סוד</ManufacturerName>
      <ManufactureCountry>לא ידוע</ManufactureCountry>
      <ManufacturerItemDescription>מ.כביסה סוד מקס כחול 1 ליטר</ManufacturerItemDescription>
      <UnitQty>ליטרים</UnitQty>
      <Quantity>1.00</Quantity>
      <UnitOfMeasure>ליטר    </UnitOfMeasure>
      <bIsWeighted>0</bIsWeighted>
      <QtyInPackage>1</QtyInPackage>
      <ItemPrice>9.90</ItemPrice>
      <UnitOfMeasurePrice>9.9000</UnitOfMeasurePrice>
      <AllowDiscount>1</AllowDiscount>
      <ItemStatus>1</ItemStatus>
      <ItemId>240012</ItemId>
    </Item>
    <Item>
      <PriceUpdateDate>2015-12-11 08:07:20</PriceUpdateDate>
      <ItemCode>7290100925973</ItemCode>
      <ItemType>0</ItemType>
      <ItemName>מ.כביסה סוד מקס ורוד</ItemName>
      <ManufacturerName>הנקל סוד</ManufacturerName>
      <ManufactureCountry>לא ידוע</ManufactureCountry>
      <ManufacturerItemDescription>מ.כביסה סוד מקס ורוד 1 ליטר</ManufacturerItemDescription>
      <UnitQty>ליטרים</UnitQty>
      <Quantity>1.00</Quantity>
      <UnitOfMeasure>ליטר    </UnitOfMeasure>
      <bIsWeighted>0</bIsWeighted>
      <QtyInPackage>1</QtyInPackage>
      <ItemPrice>9.90</ItemPrice>
      <UnitOfMeasurePrice>9.9000</UnitOfMeasurePrice>
      <AllowDiscount>1</AllowDiscount>
      <ItemStatus>1</ItemStatus>
      <ItemId>240013</ItemId>
    </Item>
    <Item>
      <PriceUpdateDate>2015-01-01 00:00:00</PriceUpdateDate>
      <ItemCode>56777</ItemCode>
      <ItemType>0</ItemType>
      <ItemName>גבינת עמק פרוס 200 ג</ItemName>
      <ManufacturerName>תנובה מרכז שיתופי לש</ManufacturerName>
      <ManufactureCountry>לא ידוע</ManufactureCountry>
      <ManufacturerItemDescription>גבינת עמק פרוס 200 גרם 9%</ManufacturerItemDescription>
      <UnitQty>גרמים</UnitQty>
      <Quantity>200.00</Quantity>
      <UnitOfMeasure>100 גרם</UnitOfMeasure>
      <bIsWeighted>0</bIsWeighted>
      <QtyInPackage>1</QtyInPackage>
      <ItemPrice>15.90</ItemPrice>
      <UnitOfMeasurePrice>7.9500</UnitOfMeasurePrice>
      <AllowDiscount>1</AllowDiscount>
      <ItemStatus>1</ItemStatus>
      <ItemId>242457</ItemId>
    </Item>
    <Item>
      <PriceUpdateDate>2015-01-01 00:00:00</PriceUpdateDate>
      <ItemCode>7290105360809</ItemCode>
      <ItemType>0</ItemType>
      <ItemName>מארז שוש 4*80 גרם</ItemName>
      <ManufacturerName>,</ManufacturerName>
      <ManufactureCountry>לא ידוע</ManufactureCountry>
      <ManufacturerItemDescription>מארז שוש 4*80 גרם</ManufacturerItemDescription>
      <UnitQty>גרמים</UnitQty>
      <Quantity>320.00</Quantity>
      <UnitOfMeasure>100 גרם</UnitOfMeasure>
      <bIsWeighted>0</bIsWeighted>
      <QtyInPackage>1</QtyInPackage>
      <ItemPrice>7.90</ItemPrice>
      <UnitOfMeasurePrice>2.4688</UnitOfMeasurePrice>
      <AllowDiscount>1</AllowDiscount>
      <ItemStatus>1</ItemStatus>
      <ItemId>240018</ItemId>
    </Item>
    <Item>
      <PriceUpdateDate>2016-04-07 15:15:53</PriceUpdateDate>
      <ItemCode>7290105692511</ItemCode>
      <ItemType>0</ItemType>
      <ItemName>עוגת שיש 350 גרם</ItemName>
      <ManufacturerName>אסם</ManufacturerName>
      <ManufactureCountry>לא ידוע</ManufactureCountry>
      <ManufacturerItemDescription>עוגת שיש 350 גרם</ManufacturerItemDescription>
      <UnitQty>גרמים</UnitQty>
      <Quantity>350.00</Quantity>
      <UnitOfMeasure>100 גרם</UnitOfMeasure>
      <bIsWeighted>0</bIsWeighted>
      <QtyInPackage>1</QtyInPackage>
      <ItemPrice>8.90</ItemPrice>
      <UnitOfMeasurePrice>2.5429</UnitOfMeasurePrice>
      <AllowDiscount>1</AllowDiscount>
      <ItemStatus>1</ItemStatus>
      <ItemId>240060</ItemId>
    </Item>
    <Item>
      <PriceUpdateDate>2015-01-01 00:00:00</PriceUpdateDate>
      <ItemCode>7290012522734</ItemCode>
      <ItemType>0</ItemType>
      <ItemName>טחון מן הצומח 400 גר</ItemName>
      <ManufacturerName>טבעול ישראל</ManufacturerName>
      <ManufactureCountry>ישראל</ManufactureCountry>
      <ManufacturerItemDescription>טחון מן הצומח 400 גרם</ManufacturerItemDescription>
      <UnitQty>גרמים</UnitQty>
      <Quantity>400.00</Quantity>
      <UnitOfMeasure>100 גרם</UnitOfMeasure>
      <bIsWeighted>0</bIsWeighted>
      <QtyInPackage>1</QtyInPackage>
      <ItemPrice>20.90</ItemPrice>
      <UnitOfMeasurePrice>5.2250</UnitOfMeasurePrice>
      <AllowDiscount>1</AllowDiscount>
      <ItemStatus>1</ItemStatus>
      <ItemId>240081</ItemId>
    </Item>
    <Item>
      <PriceUpdateDate>2016-06-02 15:36:14</PriceUpdateDate>
      <ItemCode>7290016220032</ItemCode>
      <ItemType>1</ItemType>
      <ItemName>יוגורט אננס 3% 1 ליט</ItemName>
      <ManufacturerName>בר בכפר די אנד די</ManufacturerName>
      <ManufactureCountry>ישראל</ManufactureCountry>
      <ManufacturerItemDescription>יוגורט אננס 3% 1 ליטר</ManufacturerItemDescription>
      <UnitQty>ליטרים</UnitQty>
      <Quantity>1.00</Quantity>
      <UnitOfMeasure>ליטר    </UnitOfMeasure>
      <bIsWeighted>0</bIsWeighted>
      <QtyInPackage>1</QtyInPackage>
      <ItemPrice>12.90</ItemPrice>
      <UnitOfMeasurePrice>12.9000</UnitOfMeasurePrice>
      <AllowDiscount>1</AllowDiscount>
      <ItemStatus>1</ItemStatus>
      <ItemId>268365</ItemId>
    </Item>
    <Item>
      <PriceUpdateDate>2016-04-13 08:24:06</PriceUpdateDate>
      <ItemCode>6779861</ItemCode>
      <ItemType>0</ItemType>
      <ItemName>תירוש ענבים בטעם אננ</ItemName>
      <ManufacturerName>,</ManufacturerName>
      <ManufactureCountry>לא ידוע</ManufactureCountry>
      <ManufacturerItemDescription>תירוש ענבים בטעם אננס 1 ליטר</ManufacturerItemDescription>
      <UnitQty>ליטרים</UnitQty>
      <Quantity>1.00</Quantity>
      <UnitOfMeasure>ליטר    </UnitOfMeasure>
      <bIsWeighted>0</bIsWeighted>
      <QtyInPackage>1</QtyInPackage>
      <ItemPrice>12.90</ItemPrice>
      <UnitOfMeasurePrice>12.9000</UnitOfMeasurePrice>
      <AllowDiscount>1</AllowDiscount>
      <ItemStatus>1</ItemStatus>
      <ItemId>267779</ItemId>
    </Item>
    <Item>
      <PriceUpdateDate>2015-01-01 00:00:00</PriceUpdateDate>
      <ItemCode>7290012738067</ItemCode>
      <ItemType>0</ItemType>
      <ItemName>קמח מצה לציפוי פירור</ItemName>
      <ManufacturerName>מצות יהודה</ManufacturerName>
      <ManufactureCountry>ישראל</ManufactureCountry>
      <ManufacturerItemDescription>קמח מצה לציפוי פירור גס 400 גרם כשלפ</ManufacturerItemDescription>
      <UnitQty>גרמים</UnitQty>
      <Quantity>400.00</Quantity>
      <UnitOfMeasure>100 גרם</UnitOfMeasure>
      <bIsWeighted>0</bIsWeighted>
      <QtyInPackage>1</QtyInPackage>
      <ItemPrice>8.90</ItemPrice>
      <UnitOfMeasurePrice>2.2250</UnitOfMeasurePrice>
      <AllowDiscount>1</AllowDiscount>
      <ItemStatus>1</ItemStatus>
      <ItemId>240089</ItemId>
    </Item>
    <Item>
      <PriceUpdateDate>2016-04-03 09:41:22</PriceUpdateDate>
      <ItemCode>7290012738074</ItemCode>
      <ItemType>0</ItemType>
      <ItemName>מארז 3 מצות שמורות</ItemName>
      <ManufacturerName>,</ManufacturerName>
      <ManufactureCountry>לא ידוע</ManufactureCountry>
      <ManufacturerItemDescription>מארז 3 מצות שמורות</ManufacturerItemDescription>
      <UnitQty>Unknown </UnitQty>
      <Quantity>0.00</Quantity>
      <UnitOfMeasure>Unknown </UnitOfMeasure>
      <bIsWeighted>0</bIsWeighted>
      <QtyInPackage>1</QtyInPackage>
      <ItemPrice>14.90</ItemPrice>
      <UnitOfMeasurePrice>0.0000</UnitOfMeasurePrice>
      <AllowDiscount>1</AllowDiscount>
      <ItemStatus>1</ItemStatus>
      <ItemId>240090</ItemId>
    </Item>
    <Item>
      <PriceUpdateDate>2016-04-03 11:26:02</PriceUpdateDate>
      <ItemCode>7290104856259</ItemCode>
      <ItemType>0</ItemType>
      <ItemName>כוס יין קריסטל 200 מ</ItemName>
      <ManufacturerName>HANTRONIX</ManufacturerName>
      <ManufactureCountry>לא ידוע</ManufactureCountry>
      <ManufacturerItemDescription>כוס יין קריסטל 200 מ"ל 8 יח</ManufacturerItemDescription>
      <UnitQty>Unknown </UnitQty>
      <Quantity>0.00</Quantity>
      <UnitOfMeasure>Unknown </UnitOfMeasure>
      <bIsWeighted>0</bIsWeighted>
      <QtyInPackage>1</QtyInPackage>
      <ItemPrice>12.90</ItemPrice>
      <UnitOfMeasurePrice>0.0000</UnitOfMeasurePrice>
      <AllowDiscount>1</AllowDiscount>
      <ItemStatus>1</ItemStatus>
      <ItemId>267697</ItemId>
    </Item>
    <Item>
      <PriceUpdateDate>2016-04-03 09:41:31</PriceUpdateDate>
      <ItemCode>8285001</ItemCode>
      <ItemType>0</ItemType>
      <ItemName>מצות שמורה עבודת יד</ItemName>
      <ManufacturerName>,</ManufacturerName>
      <ManufactureCountry>לא ידוע</ManufactureCountry>
      <ManufacturerItemDescription>מצות שמורה עבודת יד 1 ק"ג מחפוד</ManufacturerItemDescription>
      <UnitQty>קילוגרמים</UnitQty>
      <Quantity>1.00</Quantity>
      <UnitOfMeasure>ק"ג     </UnitOfMeasure>
      <bIsWeighted>0</bIsWeighted>
      <QtyInPackage>1</QtyInPackage>
      <ItemPrice>64.90</ItemPrice>
      <UnitOfMeasurePrice>64.9000</UnitOfMeasurePrice>
      <AllowDiscount>1</AllowDiscount>
      <ItemStatus>1</ItemStatus>
      <ItemId>240099</ItemId>
    </Item>
    <Item>
      <PriceUpdateDate>2016-04-03 09:41:39</PriceUpdateDate>
      <ItemCode>7290014281028</ItemCode>
      <ItemType>0</ItemType>
      <ItemName>מצות מכונה שמורה 2 ק</ItemName>
      <ManufacturerName>,</ManufacturerName>
      <ManufactureCountry>לא ידוע</ManufactureCountry>
      <ManufacturerItemDescription>מצות מכונה שמורה 2 ק"ג בד"צ העדה"ח</ManufacturerItemDescription>
      <UnitQty>קילוגרמים</UnitQty>
      <Quantity>2.00</Quantity>
      <UnitOfMeasure>ק"ג     </UnitOfMeasure>
      <bIsWeighted>0</bIsWeighted>
      <QtyInPackage>1</QtyInPackage>
      <ItemPrice>69.90</ItemPrice>
      <UnitOfMeasurePrice>34.9500</UnitOfMeasurePrice>
      <AllowDiscount>1</AllowDiscount>
      <ItemStatus>1</ItemStatus>
      <ItemId>240102</ItemId>
    </Item>
    <Item>
      <PriceUpdateDate>2015-12-11 08:10:13</PriceUpdateDate>
      <ItemCode>2016816</ItemCode>
      <ItemType>0</ItemType>
      <ItemName>ממרח לימון כבוש  צנצ</ItemName>
      <ManufacturerName>,</ManufacturerName>
      <ManufactureCountry>לא ידוע</ManufactureCountry>
      <ManufacturerItemDescription>ממרח לימון כבוש  צנצנת 230 גרם OU</ManufacturerItemDescription>
      <UnitQty>גרמים</UnitQty>
      <Quantity>230.00</Quantity>
      <UnitOfMeasure>100 גרם</UnitOfMeasure>
      <bIsWeighted>0</bIsWeighted>
      <QtyInPackage>1</QtyInPackage>
      <ItemPrice>12.90</ItemPrice>
      <UnitOfMeasurePrice>5.6087</UnitOfMeasurePrice>
      <AllowDiscount>1</AllowDiscount>
      <ItemStatus>1</ItemStatus>
      <ItemId>245944</ItemId>
    </Item>
    <Item>
      <PriceUpdateDate>2015-10-14 16:25:52</PriceUpdateDate>
      <ItemCode>7290104855078</ItemCode>
      <ItemType>1</ItemType>
      <ItemName>צלחות ענק 170 יח אוש</ItemName>
      <ManufacturerName>,</ManufacturerName>
      <ManufactureCountry>לא ידוע</ManufactureCountry>
      <ManufacturerItemDescription>צלחות ענק 170 יח אושר עד</ManufacturerItemDescription>
      <UnitQty>Unknown </UnitQty>
      <Quantity>0.00</Quantity>
      <UnitOfMeasure>Unknown </UnitOfMeasure>
      <bIsWeighted>0</bIsWeighted>
      <QtyInPackage>1</QtyInPackage>
      <ItemPrice>19.90</ItemPrice>
      <UnitOfMeasurePrice>0.0000</UnitOfMeasurePrice>
      <AllowDiscount>1</AllowDiscount>
      <ItemStatus>1</ItemStatus>
      <ItemId>265453</ItemId>
    </Item>
    <Item>
      <PriceUpdateDate>2015-01-01 00:00:00</PriceUpdateDate>
      <ItemCode>7290012309366</ItemCode>
      <ItemType>0</ItemType>
      <ItemName>אורז בסמטי הודי שקדי</ItemName>
      <ManufacturerName>,</ManufacturerName>
      <ManufactureCountry>לא ידוע</ManufactureCountry>
      <ManufacturerItemDescription>אורז בסמטי הודי שקדיה 5 ק"ג</ManufacturerItemDescription>
      <UnitQty>קילוגרמים</UnitQty>
      <Quantity>5.00</Quantity>
      <UnitOfMeasure>ק"ג     </UnitOfMeasure>
      <bIsWeighted>0</bIsWeighted>
      <QtyInPackage>1</QtyInPackage>
      <ItemPrice>39.90</ItemPrice>
      <UnitOfMeasurePrice>7.9800</UnitOfMeasurePrice>
      <AllowDiscount>1</AllowDiscount>
      <ItemStatus>1</ItemStatus>
      <ItemId>240136</ItemId>
    </Item>
    <Item>
      <PriceUpdateDate>2015-01-01 00:00:00</PriceUpdateDate>
      <ItemCode>2319146</ItemCode>
      <ItemType>0</ItemType>
      <ItemName>שעועית אדומה 500 גרם</ItemName>
      <ManufacturerName>מיה תעשיות מזון בעמ</ManufacturerName>
      <ManufactureCountry>ישראל</ManufactureCountry>
      <ManufacturerItemDescription>שעועית אדומה 500 גרם</ManufacturerItemDescription>
      <UnitQty>גרמים</UnitQty>
      <Quantity>500.00</Quantity>
      <UnitOfMeasure>100 גרם</UnitOfMeasure>
      <bIsWeighted>0</bIsWeighted>
      <QtyInPackage>1</QtyInPackage>
      <ItemPrice>9.90</ItemPrice>
      <UnitOfMeasurePrice>1.9800</UnitOfMeasurePrice>
      <AllowDiscount>1</AllowDiscount>
      <ItemStatus>1</ItemStatus>
      <ItemId>241778</ItemId>
    </Item>
    <Item>
      <PriceUpdateDate>2015-01-01 00:00:00</PriceUpdateDate>
      <ItemCode>3574660619652</ItemCode>
      <ItemType>0</ItemType>
      <ItemName>גונסון בייבי אל סבון</ItemName>
      <ManufacturerName>גונסון</ManufacturerName>
      <ManufactureCountry>איטליה</ManufactureCountry>
      <ManufacturerItemDescription>גונסון בייבי אל סבון מועשר בלחות 750 מל</ManufacturerItemDescription>
      <UnitQty>מיליליטרים</UnitQty>
      <Quantity>750.00</Quantity>
      <UnitOfMeasure>100 מ"ל</UnitOfMeasure>
      <bIsWeighted>0</bIsWeighted>
      <QtyInPackage>1</QtyInPackage>
      <ItemPrice>16.90</ItemPrice>
      <UnitOfMeasurePrice>2.2533</UnitOfMeasurePrice>
      <AllowDiscount>1</AllowDiscount>
      <ItemStatus>1</ItemStatus>
      <ItemId>240300</ItemId>
    </Item>
    <Item>
      <PriceUpdateDate>2015-01-01 00:00:00</PriceUpdateDate>
      <ItemCode>3574660620436</ItemCode>
      <ItemType>0</ItemType>
      <ItemName>גונסון בייבי אל סבון</ItemName>
      <ManufacturerName>גונסון</ManufacturerName>
      <ManufactureCountry>איטליה</ManufactureCountry>
      <ManufacturerItemDescription>גונסון בייבי אל סבון לפני השינה 750 מל</ManufacturerItemDescription>
      <UnitQty>מיליליטרים</UnitQty>
      <Quantity>750.00</Quantity>
      <UnitOfMeasure>100 מ"ל</UnitOfMeasure>
      <bIsWeighted>0</bIsWeighted>
      <QtyInPackage>1</QtyInPackage>
      <ItemPrice>16.90</ItemPrice>
      <UnitOfMeasurePrice>2.2533</UnitOfMeasurePrice>
      <AllowDiscount>1</AllowDiscount>
      <ItemStatus>1</ItemStatus>
      <ItemId>240301</ItemId>
    </Item>
    <Item>
      <PriceUpdateDate>2016-05-22 15:36:25</PriceUpdateDate>
      <ItemCode>2077725</ItemCode>
      <ItemType>0</ItemType>
      <ItemName>סלמון נורווגי מעושן</ItemName>
      <ManufacturerName>דלידג</ManufacturerName>
      <ManufactureCountry>לא ידוע</ManufactureCountry>
      <ManufacturerItemDescription>סלמון נורווגי מעושן מצונן 100 גרם VKING</ManufacturerItemDescription>
      <UnitQty>גרמים</UnitQty>
      <Quantity>100.00</Quantity>
      <UnitOfMeasure>100 גרם</UnitOfMeasure>
      <bIsWeighted>0</bIsWeighted>
      <QtyInPackage>1</QtyInPackage>
      <ItemPrice>14.90</ItemPrice>
      <UnitOfMeasurePrice>14.9000</UnitOfMeasurePrice>
      <AllowDiscount>1</AllowDiscount>
      <ItemStatus>1</ItemStatus>
      <ItemId>240303</ItemId>
    </Item>
    <Item>
      <PriceUpdateDate>2015-01-01 00:00:00</PriceUpdateDate>
      <ItemCode>6730398</ItemCode>
      <ItemType>0</ItemType>
      <ItemName>טרופיק קש 40 יח</ItemName>
      <ManufacturerName>קלית סיטבון בעמ</ManufacturerName>
      <ManufactureCountry>לא ידוע</ManufactureCountry>
      <ManufacturerItemDescription>טרופיק קש 40 יח</ManufacturerItemDescription>
      <UnitQty>Unknown </UnitQty>
      <Quantity>0.00</Quantity>
      <UnitOfMeasure>Unknown </UnitOfMeasure>
      <bIsWeighted>0</bIsWeighted>
      <QtyInPackage>1</QtyInPackage>
      <ItemPrice>19.90</ItemPrice>
      <UnitOfMeasurePrice>0.0000</UnitOfMeasurePrice>
      <AllowDiscount>1</AllowDiscount>
      <ItemStatus>1</ItemStatus>
      <ItemId>240307</ItemId>
    </Item>
    <Item>
      <PriceUpdateDate>2015-01-01 00:00:00</PriceUpdateDate>
      <ItemCode>2781257</ItemCode>
      <ItemType>0</ItemType>
      <ItemName>חומץ 1 ליטר</ItemName>
      <ManufacturerName>מיטב</ManufacturerName>
      <ManufactureCountry>לא ידוע</ManufactureCountry>
      <ManufacturerItemDescription>חומץ 1 ליטר</ManufacturerItemDescription>
      <UnitQty>ליטרים</UnitQty>
      <Quantity>1.00</Quantity>
      <UnitOfMeasure>ליטר    </UnitOfMeasure>
      <bIsWeighted>0</bIsWeighted>
      <QtyInPackage>1</QtyInPackage>
      <ItemPrice>2.90</ItemPrice>
      <UnitOfMeasurePrice>2.9000</UnitOfMeasurePrice>
      <AllowDiscount>1</AllowDiscount>
      <ItemStatus>1</ItemStatus>
      <ItemId>240328</ItemId>
    </Item>
    <Item>
      <PriceUpdateDate>2015-01-01 00:00:00</PriceUpdateDate>
      <ItemCode>2781240</ItemCode>
      <ItemType>0</ItemType>
      <ItemName>מיץ לימון 1 ליטר כשל</ItemName>
      <ManufacturerName>מיטב</ManufacturerName>
      <ManufactureCountry>לא ידוע</ManufactureCountry>
      <ManufacturerItemDescription>מיץ לימון 1 ליטר כשל"פ</ManufacturerItemDescription>
      <UnitQty>ליטרים</UnitQty>
      <Quantity>1.00</Quantity>
      <UnitOfMeasure>ליטר    </UnitOfMeasure>
      <bIsWeighted>0</bIsWeighted>
      <QtyInPackage>1</QtyInPackage>
      <ItemPrice>3.50</ItemPrice>
      <UnitOfMeasurePrice>3.5000</UnitOfMeasurePrice>
      <AllowDiscount>1</AllowDiscount>
      <ItemStatus>1</ItemStatus>
      <ItemId>240329</ItemId>
    </Item>
    <Item>
      <PriceUpdateDate>2015-01-01 00:00:00</PriceUpdateDate>
      <ItemCode>7290014339057</ItemCode>
      <ItemType>0</ItemType>
      <ItemName>מארז פיצה משפחתית 3*</ItemName>
      <ManufacturerName>,</ManufacturerName>
      <ManufactureCountry>לא ידוע</ManufactureCountry>
      <ManufacturerItemDescription>מארז פיצה משפחתית 3*500 גרם שף הבצק</ManufacturerItemDescription>
      <UnitQty>קילוגרמים</UnitQty>
      <Quantity>1.50</Quantity>
      <UnitOfMeasure>ק"ג     </UnitOfMeasure>
      <bIsWeighted>0</bIsWeighted>
      <QtyInPackage>1</QtyInPackage>
      <ItemPrice>24.90</ItemPrice>
      <UnitOfMeasurePrice>16.6000</UnitOfMeasurePrice>
      <AllowDiscount>1</AllowDiscount>
      <ItemStatus>1</ItemStatus>
      <ItemId>240333</ItemId>
    </Item>
    <Item>
      <PriceUpdateDate>2015-01-01 00:00:00</PriceUpdateDate>
      <ItemCode>2108061</ItemCode>
      <ItemType>0</ItemType>
      <ItemName>מעדן זיוה 750 גרם שף</ItemName>
      <ManufacturerName>,</ManufacturerName>
      <ManufactureCountry>לא ידוע</ManufactureCountry>
      <ManufacturerItemDescription>מעדן זיוה 750 גרם שף הבצק</ManufacturerItemDescription>
      <UnitQty>גרמים</UnitQty>
      <Quantity>750.00</Quantity>
      <UnitOfMeasure>100 גרם</UnitOfMeasure>
      <bIsWeighted>0</bIsWeighted>
      <QtyInPackage>1</QtyInPackage>
      <ItemPrice>12.50</ItemPrice>
      <UnitOfMeasurePrice>1.6667</UnitOfMeasurePrice>
      <AllowDiscount>1</AllowDiscount>
      <ItemStatus>1</ItemStatus>
      <ItemId>240334</ItemId>
    </Item>
    <Item>
      <PriceUpdateDate>2015-01-01 00:00:00</PriceUpdateDate>
      <ItemCode>2108214</ItemCode>
      <ItemType>0</ItemType>
      <ItemName>גחנון אפוי 700 גרם ש</ItemName>
      <ManufacturerName>,</ManufacturerName>
      <ManufactureCountry>לא ידוע</ManufactureCountry>
      <ManufacturerItemDescription>גחנון אפוי 700 גרם שף הבצק</ManufacturerItemDescription>
      <UnitQty>גרמים</UnitQty>
      <Quantity>700.00</Quantity>
      <UnitOfMeasure>100 גרם</UnitOfMeasure>
      <bIsWeighted>0</bIsWeighted>
      <QtyInPackage>1</QtyInPackage>
      <ItemPrice>12.50</ItemPrice>
      <UnitOfMeasurePrice>1.7857</UnitOfMeasurePrice>
      <AllowDiscount>1</AllowDiscount>
      <ItemStatus>1</ItemStatus>
      <ItemId>240335</ItemId>
    </Item>
    <Item>
      <PriceUpdateDate>2015-01-01 00:00:00</PriceUpdateDate>
      <ItemCode>2108382</ItemCode>
      <ItemType>0</ItemType>
      <ItemName>חטיפי שף הבצק 700 גר</ItemName>
      <ManufacturerName>,</ManufacturerName>
      <ManufactureCountry>לא ידוע</ManufactureCountry>
      <ManufacturerItemDescription>חטיפי שף הבצק 700 גרם</ManufacturerItemDescription>
      <UnitQty>גרמים</UnitQty>
      <Quantity>700.00</Quantity>
      <UnitOfMeasure>100 גרם</UnitOfMeasure>
      <bIsWeighted>0</bIsWeighted>
      <QtyInPackage>1</QtyInPackage>
      <ItemPrice>12.50</ItemPrice>
      <UnitOfMeasurePrice>1.7857</UnitOfMeasurePrice>
      <AllowDiscount>1</AllowDiscount>
      <ItemStatus>1</ItemStatus>
      <ItemId>240336</ItemId>
    </Item>
    <Item>
      <PriceUpdateDate>2015-01-01 00:00:00</PriceUpdateDate>
      <ItemCode>5818622</ItemCode>
      <ItemType>0</ItemType>
      <ItemName>חומוס יפו מיקי 3 ק"ג</ItemName>
      <ManufacturerName>מעדני מיקי תעשיות מז</ManufacturerName>
      <ManufactureCountry>לא ידוע</ManufactureCountry>
      <ManufacturerItemDescription>חומוס יפו מיקי 3 ק"ג</ManufacturerItemDescription>
      <UnitQty>קילוגרמים</UnitQty>
      <Quantity>3.00</Quantity>
      <UnitOfMeasure>ק"ג     </UnitOfMeasure>
      <bIsWeighted>0</bIsWeighted>
      <QtyInPackage>1</QtyInPackage>
      <ItemPrice>25.90</ItemPrice>
      <UnitOfMeasurePrice>8.6333</UnitOfMeasurePrice>
      <AllowDiscount>1</AllowDiscount>
      <ItemStatus>1</ItemStatus>
      <ItemId>240344</ItemId>
    </Item>
    <Item>
      <PriceUpdateDate>2015-01-01 00:00:00</PriceUpdateDate>
      <ItemCode>5818639</ItemCode>
      <ItemType>0</ItemType>
      <ItemName>טחינה יפו מיקי 3 ק"ג</ItemName>
      <ManufacturerName>מעדני מיקי תעשיות מז</ManufacturerName>
      <ManufactureCountry>לא ידוע</ManufactureCountry>
      <ManufacturerItemDescription>טחינה יפו מיקי 3 ק"ג</ManufacturerItemDescription>
      <UnitQty>קילוגרמים</UnitQty>
      <Quantity>3.00</Quantity>
      <UnitOfMeasure>ק"ג     </UnitOfMeasure>
      <bIsWeighted>0</bIsWeighted>
      <QtyInPackage>1</QtyInPackage>
      <ItemPrice>25.90</ItemPrice>
      <UnitOfMeasurePrice>8.6333</UnitOfMeasurePrice>
      <AllowDiscount>1</AllowDiscount>
      <ItemStatus>1</ItemStatus>
      <ItemId>240345</ItemId>
    </Item>
    <Item>
      <PriceUpdateDate>2015-01-01 00:00:00</PriceUpdateDate>
      <ItemCode>7290011202729</ItemCode>
      <ItemType>0</ItemType>
      <ItemName>כורכום 80 גרם בקופסא</ItemName>
      <ManufacturerName>,</ManufacturerName>
      <ManufactureCountry>לא ידוע</ManufactureCountry>
      <ManufacturerItemDescription>כורכום 80 גרם בקופסא</ManufacturerItemDescription>
      <UnitQty>Unknown </UnitQty>
      <Quantity>0.00</Quantity>
      <UnitOfMeasure>Unknown </UnitOfMeasure>
      <bIsWeighted>0</bIsWeighted>
      <QtyInPackage>1</QtyInPackage>
      <ItemPrice>5.80</ItemPrice>
      <UnitOfMeasurePrice>0.0000</UnitOfMeasurePrice>
      <AllowDiscount>1</AllowDiscount>
      <ItemStatus>1</ItemStatus>
      <ItemId>240443</ItemId>
    </Item>
    <Item>
      <PriceUpdateDate>2015-01-01 00:00:00</PriceUpdateDate>
      <ItemCode>7290011202736</ItemCode>
      <ItemType>0</ItemType>
      <ItemName>אורגנו 40 גרם בקופסא</ItemName>
      <ManufacturerName>,</ManufacturerName>
      <ManufactureCountry>לא ידוע</ManufactureCountry>
      <ManufacturerItemDescription>אורגנו 40 גרם בקופסא</ManufacturerItemDescription>
      <UnitQty>Unknown </UnitQty>
      <Quantity>0.00</Quantity>
      <UnitOfMeasure>Unknown </UnitOfMeasure>
      <bIsWeighted>0</bIsWeighted>
      <QtyInPackage>1</QtyInPackage>
      <ItemPrice>5.80</ItemPrice>
      <UnitOfMeasurePrice>0.0000</UnitOfMeasurePrice>
      <AllowDiscount>1</AllowDiscount>
      <ItemStatus>1</ItemStatus>
      <ItemId>240444</ItemId>
    </Item>
    <Item>
      <PriceUpdateDate>2015-01-01 00:00:00</PriceUpdateDate>
      <ItemCode>7290011202767</ItemCode>
      <ItemType>0</ItemType>
      <ItemName>זעתר 80 גרם בקופסא</ItemName>
      <ManufacturerName>,</ManufacturerName>
      <ManufactureCountry>לא ידוע</ManufactureCountry>
      <ManufacturerItemDescription>זעתר 80 גרם בקופסא</ManufacturerItemDescription>
      <UnitQty>Unknown </UnitQty>
      <Quantity>0.00</Quantity>
      <UnitOfMeasure>Unknown </UnitOfMeasure>
      <bIsWeighted>0</bIsWeighted>
      <QtyInPackage>1</QtyInPackage>
      <ItemPrice>5.80</ItemPrice>
      <UnitOfMeasurePrice>0.0000</UnitOfMeasurePrice>
      <AllowDiscount>1</AllowDiscount>
      <ItemStatus>1</ItemStatus>
      <ItemId>240447</ItemId>
    </Item>
    <Item>
      <PriceUpdateDate>2015-01-01 00:00:00</PriceUpdateDate>
      <ItemCode>7290011202781</ItemCode>
      <ItemType>0</ItemType>
      <ItemName>שבבי בצל 50 גרם בקופ</ItemName>
      <ManufacturerName>,</ManufacturerName>
      <ManufactureCountry>לא ידוע</ManufactureCountry>
      <ManufacturerItemDescription>שבבי בצל 50 גרם בקופסא</ManufacturerItemDescription>
      <UnitQty>Unknown </UnitQty>
      <Quantity>0.00</Quantity>
      <UnitOfMeasure>Unknown </UnitOfMeasure>
      <bIsWeighted>0</bIsWeighted>
      <QtyInPackage>1</QtyInPackage>
      <ItemPrice>5.80</ItemPrice>
      <UnitOfMeasurePrice>0.0000</UnitOfMeasurePrice>
      <AllowDiscount>1</AllowDiscount>
      <ItemStatus>1</ItemStatus>
      <ItemId>240449</ItemId>
    </Item>
    <Item>
      <PriceUpdateDate>2015-01-01 00:00:00</PriceUpdateDate>
      <ItemCode>7290100688618</ItemCode>
      <ItemType>0</ItemType>
      <ItemName>גביעי גלידה ממותק שו</ItemName>
      <ManufacturerName>גילרו</ManufacturerName>
      <ManufactureCountry>לא ידוע</ManufactureCountry>
      <ManufacturerItemDescription>גביעי גלידה ממותק שוקו 24 יח</ManufacturerItemDescription>
      <UnitQty>גרמים</UnitQty>
      <Quantity>160.00</Quantity>
      <UnitOfMeasure>100 גרם</UnitOfMeasure>
      <bIsWeighted>0</bIsWeighted>
      <QtyInPackage>1</QtyInPackage>
      <ItemPrice>14.90</ItemPrice>
      <UnitOfMeasurePrice>9.3125</UnitOfMeasurePrice>
      <AllowDiscount>1</AllowDiscount>
      <ItemStatus>1</ItemStatus>
      <ItemId>240468</ItemId>
    </Item>
    <Item>
      <PriceUpdateDate>2015-01-01 00:00:00</PriceUpdateDate>
      <ItemCode>7290104508202</ItemCode>
      <ItemType>0</ItemType>
      <ItemName>גביעי גלידה אמריקאים</ItemName>
      <ManufacturerName>גילרו</ManufacturerName>
      <ManufactureCountry>לא ידוע</ManufactureCountry>
      <ManufacturerItemDescription>גביעי גלידה אמריקאים</ManufacturerItemDescription>
      <UnitQty>גרמים</UnitQty>
      <Quantity>120.00</Quantity>
      <UnitOfMeasure>100 גרם</UnitOfMeasure>
      <bIsWeighted>0</bIsWeighted>
      <QtyInPackage>1</QtyInPackage>
      <ItemPrice>11.90</ItemPrice>
      <UnitOfMeasurePrice>9.9167</UnitOfMeasurePrice>
      <AllowDiscount>1</AllowDiscount>
      <ItemStatus>1</ItemStatus>
      <ItemId>240469</ItemId>
    </Item>
    <Item>
      <PriceUpdateDate>2015-01-01 00:00:00</PriceUpdateDate>
      <ItemCode>7290101487470</ItemCode>
      <ItemType>0</ItemType>
      <ItemName>דאודורנט ליידי ספיק</ItemName>
      <ManufacturerName>קולגייט פלמוליב</ManufacturerName>
      <ManufactureCountry>לא ידוע</ManufactureCountry>
      <ManufacturerItemDescription>דאודורנט ליידי ספיק סטיק אלוורה בייבי</ManufacturerItemDescription>
      <UnitQty>Unknown </UnitQty>
      <Quantity>0.00</Quantity>
      <UnitOfMeasure>Unknown </UnitOfMeasure>
      <bIsWeighted>0</bIsWeighted>
      <QtyInPackage>1</QtyInPackage>
      <ItemPrice>17.90</ItemPrice>
      <UnitOfMeasurePrice>0.0000</UnitOfMeasurePrice>
      <AllowDiscount>1</AllowDiscount>
      <ItemStatus>1</ItemStatus>
      <ItemId>240491</ItemId>
    </Item>
    <Item>
      <PriceUpdateDate>2015-01-01 00:00:00</PriceUpdateDate>
      <ItemCode>272351</ItemCode>
      <ItemType>0</ItemType>
      <ItemName>סירופ ענבים 2 ליטר ע</ItemName>
      <ManufacturerName>בית השיטה עסיס תעשיו</ManufacturerName>
      <ManufactureCountry>לא ידוע</ManufactureCountry>
      <ManufacturerItemDescription>סירופ ענבים 2 ליטר עסיס</ManufacturerItemDescription>
      <UnitQty>ליטרים</UnitQty>
      <Quantity>2.00</Quantity>
      <UnitOfMeasure>ליטר    </UnitOfMeasure>
      <bIsWeighted>0</bIsWeighted>
      <QtyInPackage>1</QtyInPackage>
      <ItemPrice>22.90</ItemPrice>
      <UnitOfMeasurePrice>11.4500</UnitOfMeasurePrice>
      <AllowDiscount>1</AllowDiscount>
      <ItemStatus>1</ItemStatus>
      <ItemId>254679</ItemId>
    </Item>
    <Item>
      <PriceUpdateDate>2015-01-01 00:00:00</PriceUpdateDate>
      <ItemCode>7290105368928</ItemCode>
      <ItemType>0</ItemType>
      <ItemName>שמנת 9% 200 גרם מהדר</ItemName>
      <ManufacturerName>שטראוס</ManufacturerName>
      <ManufactureCountry>ישראל</ManufactureCountry>
      <ManufacturerItemDescription>שמנת 9% 200 גרם מהדרין</ManufacturerItemDescription>
      <UnitQty>מיליליטרים</UnitQty>
      <Quantity>200.00</Quantity>
      <UnitOfMeasure>100 מ"ל</UnitOfMeasure>
      <bIsWeighted>0</bIsWeighted>
      <QtyInPackage>1</QtyInPackage>
      <ItemPrice>2.90</ItemPrice>
      <UnitOfMeasurePrice>1.4500</UnitOfMeasurePrice>
      <AllowDiscount>1</AllowDiscount>
      <ItemStatus>1</ItemStatus>
      <ItemId>240509</ItemId>
    </Item>
    <Item>
      <PriceUpdateDate>2015-07-09 11:42:34</PriceUpdateDate>
      <ItemCode>7290105961181</ItemCode>
      <ItemType>0</ItemType>
      <ItemName>משקה פונץ בננה יטבתה</ItemName>
      <ManufacturerName>יטבתה</ManufacturerName>
      <ManufactureCountry>לא ידוע</ManufactureCountry>
      <ManufacturerItemDescription>משקה פונץ בננה יטבתה 1 ליטר בקבוק מהדרין</ManufacturerItemDescription>
      <UnitQty>ליטרים</UnitQty>
      <Quantity>1.00</Quantity>
      <UnitOfMeasure>ליטר    </UnitOfMeasure>
      <bIsWeighted>0</bIsWeighted>
      <QtyInPackage>1</QtyInPackage>
      <ItemPrice>11.50</ItemPrice>
      <UnitOfMeasurePrice>11.5000</UnitOfMeasurePrice>
      <AllowDiscount>1</AllowDiscount>
      <ItemStatus>1</ItemStatus>
      <ItemId>240511</ItemId>
    </Item>
    <Item>
      <PriceUpdateDate>2016-02-11 13:39:49</PriceUpdateDate>
      <ItemCode>7290105362339</ItemCode>
      <ItemType>0</ItemType>
      <ItemName>שמנת לבישול 15% שומן</ItemName>
      <ManufacturerName>שטראוס</ManufacturerName>
      <ManufactureCountry>ישראל</ManufactureCountry>
      <ManufacturerItemDescription>שמנת לבישול 15% שומן 250 מל מהדרין</ManufacturerItemDescription>
      <UnitQty>מיליליטרים</UnitQty>
      <Quantity>250.00</Quantity>
      <UnitOfMeasure>100 מ"ל</UnitOfMeasure>
      <bIsWeighted>0</bIsWeighted>
      <QtyInPackage>1</QtyInPackage>
      <ItemPrice>7.60</ItemPrice>
      <UnitOfMeasurePrice>3.0400</UnitOfMeasurePrice>
      <AllowDiscount>1</AllowDiscount>
      <ItemStatus>1</ItemStatus>
      <ItemId>240512</ItemId>
    </Item>
    <Item>
      <PriceUpdateDate>2016-06-05 08:35:12</PriceUpdateDate>
      <ItemCode>7290107940252</ItemCode>
      <ItemType>0</ItemType>
      <ItemName>שוקו יטבתה 1 ליטר לל</ItemName>
      <ManufacturerName>יטבתה</ManufacturerName>
      <ManufactureCountry>ישראל</ManufactureCountry>
      <ManufacturerItemDescription>משקה שוקו יטבתה 1 ליטר ללא תוספת סוכר</ManufacturerItemDescription>
      <UnitQty>ליטרים</UnitQty>
      <Quantity>1.00</Quantity>
      <UnitOfMeasure>ליטר    </UnitOfMeasure>
      <bIsWeighted>0</bIsWeighted>
      <QtyInPackage>1</QtyInPackage>
      <ItemPrice>11.50</ItemPrice>
      <UnitOfMeasurePrice>11.5000</UnitOfMeasurePrice>
      <AllowDiscount>1</AllowDiscount>
      <ItemStatus>1</ItemStatus>
      <ItemId>268375</ItemId>
    </Item>
    <Item>
      <PriceUpdateDate>2015-01-01 00:00:00</PriceUpdateDate>
      <ItemCode>7290105368898</ItemCode>
      <ItemType>0</ItemType>
      <ItemName>לבן בטעם אפרסק 100 מ</ItemName>
      <ManufacturerName>שטראוס</ManufacturerName>
      <ManufactureCountry>ישראל</ManufactureCountry>
      <ManufacturerItemDescription>לבן בטעם אפרסק 100 מל מהדרין</ManufacturerItemDescription>
      <UnitQty>מיליליטרים</UnitQty>
      <Quantity>100.00</Quantity>
      <UnitOfMeasure>100 מ"ל</UnitOfMeasure>
      <bIsWeighted>0</bIsWeighted>
      <QtyInPackage>1</QtyInPackage>
      <ItemPrice>1.20</ItemPrice>
      <UnitOfMeasurePrice>1.2000</UnitOfMeasurePrice>
      <AllowDiscount>1</AllowDiscount>
      <ItemStatus>1</ItemStatus>
      <ItemId>240513</ItemId>
    </Item>
    <Item>
      <PriceUpdateDate>2015-01-01 00:00:00</PriceUpdateDate>
      <ItemCode>2922094</ItemCode>
      <ItemType>0</ItemType>
      <ItemName>קבב עוף קהילות 500 ג</ItemName>
      <ManufacturerName>,</ManufacturerName>
      <ManufactureCountry>לא ידוע</ManufactureCountry>
      <ManufacturerItemDescription>קבב עוף קהילות 500 גרם</ManufacturerItemDescription>
      <UnitQty>גרמים</UnitQty>
      <Quantity>500.00</Quantity>
      <UnitOfMeasure>100 גרם</UnitOfMeasure>
      <bIsWeighted>0</bIsWeighted>
      <QtyInPackage>1</QtyInPackage>
      <ItemPrice>9.90</ItemPrice>
      <UnitOfMeasurePrice>1.9800</UnitOfMeasurePrice>
      <AllowDiscount>1</AllowDiscount>
      <ItemStatus>1</ItemStatus>
      <ItemId>240533</ItemId>
    </Item>
    <Item>
      <PriceUpdateDate>2015-01-01 00:00:00</PriceUpdateDate>
      <ItemCode>2922100</ItemCode>
      <ItemType>0</ItemType>
      <ItemName>המבורגר עוף קהילות 5</ItemName>
      <ManufacturerName>,</ManufacturerName>
      <ManufactureCountry>לא ידוע</ManufactureCountry>
      <ManufacturerItemDescription>המבורגר עוף קהילות 500 גרם</ManufacturerItemDescription>
      <UnitQty>גרמים</UnitQty>
      <Quantity>500.00</Quantity>
      <UnitOfMeasure>100 גרם</UnitOfMeasure>
      <bIsWeighted>0</bIsWeighted>
      <QtyInPackage>1</QtyInPackage>
      <ItemPrice>9.90</ItemPrice>
      <UnitOfMeasurePrice>1.9800</UnitOfMeasurePrice>
      <AllowDiscount>1</AllowDiscount>
      <ItemStatus>1</ItemStatus>
      <ItemId>240534</ItemId>
    </Item>
    <Item>
      <PriceUpdateDate>2015-01-01 00:00:00</PriceUpdateDate>
      <ItemCode>4460327</ItemCode>
      <ItemType>0</ItemType>
      <ItemName>קורנפלקס 1 ק"ג</ItemName>
      <ManufacturerName>,</ManufacturerName>
      <ManufactureCountry>לא ידוע</ManufactureCountry>
      <ManufacturerItemDescription>קורנפלקס 1 ק"ג בד"צ עד"ח</ManufacturerItemDescription>
      <UnitQty>קילוגרמים</UnitQty>
      <Quantity>1.00</Quantity>
      <UnitOfMeasure>ק"ג     </UnitOfMeasure>
      <bIsWeighted>0</bIsWeighted>
      <QtyInPackage>1</QtyInPackage>
      <ItemPrice>9.90</ItemPrice>
      <UnitOfMeasurePrice>9.9000</UnitOfMeasurePrice>
      <AllowDiscount>1</AllowDiscount>
      <ItemStatus>1</ItemStatus>
      <ItemId>240544</ItemId>
    </Item>
    <Item>
      <PriceUpdateDate>2015-01-01 00:00:00</PriceUpdateDate>
      <ItemCode>3574660536829</ItemCode>
      <ItemType>0</ItemType>
      <ItemName>גונסונס בייבי טלק 50</ItemName>
      <ManufacturerName>גונסון</ManufacturerName>
      <ManufactureCountry>איטליה</ManufactureCountry>
      <ManufacturerItemDescription>גונסונס בייבי טלק 500 מל</ManufacturerItemDescription>
      <UnitQty>גרמים</UnitQty>
      <Quantity>500.00</Quantity>
      <UnitOfMeasure>100 גרם</UnitOfMeasure>
      <bIsWeighted>0</bIsWeighted>
      <QtyInPackage>1</QtyInPackage>
      <ItemPrice>32.90</ItemPrice>
      <UnitOfMeasurePrice>6.5800</UnitOfMeasurePrice>
      <AllowDiscount>1</AllowDiscount>
      <ItemStatus>1</ItemStatus>
      <ItemId>240553</ItemId>
    </Item>
    <Item>
      <PriceUpdateDate>2015-01-01 00:00:00</PriceUpdateDate>
      <ItemCode>3069682</ItemCode>
      <ItemType>0</ItemType>
      <ItemName>בצק פילאס 500 גרם</ItemName>
      <ManufacturerName>שלושת האופים</ManufacturerName>
      <ManufactureCountry>לא ידוע</ManufactureCountry>
      <ManufacturerItemDescription>בצק פילאס 500 גרם</ManufacturerItemDescription>
      <UnitQty>גרמים</UnitQty>
      <Quantity>500.00</Quantity>
      <UnitOfMeasure>100 גרם</UnitOfMeasure>
      <bIsWeighted>0</bIsWeighted>
      <QtyInPackage>1</QtyInPackage>
      <ItemPrice>18.90</ItemPrice>
      <UnitOfMeasurePrice>3.7800</UnitOfMeasurePrice>
      <AllowDiscount>1</AllowDiscount>
      <ItemStatus>1</ItemStatus>
      <ItemId>240556</ItemId>
    </Item>
    <Item>
      <PriceUpdateDate>2015-01-01 00:00:00</PriceUpdateDate>
      <ItemCode>2133162</ItemCode>
      <ItemType>0</ItemType>
      <ItemName>גבינה בולגרית 5% 250</ItemName>
      <ManufacturerName>מחלבת השומרון</ManufacturerName>
      <ManufactureCountry>ישראל</ManufactureCountry>
      <ManufacturerItemDescription>גבינה בולגרית 5% 250 גרם</ManufacturerItemDescription>
      <UnitQty>גרמים</UnitQty>
      <Quantity>250.00</Quantity>
      <UnitOfMeasure>100 גרם</UnitOfMeasure>
      <bIsWeighted>0</bIsWeighted>
      <QtyInPackage>1</QtyInPackage>
      <ItemPrice>17.90</ItemPrice>
      <UnitOfMeasurePrice>7.1600</UnitOfMeasurePrice>
      <AllowDiscount>1</AllowDiscount>
      <ItemStatus>1</ItemStatus>
      <ItemId>240561</ItemId>
    </Item>
    <Item>
      <PriceUpdateDate>2015-01-01 00:00:00</PriceUpdateDate>
      <ItemCode>7290013848130</ItemCode>
      <ItemType>0</ItemType>
      <ItemName>תחליב רחצה כיף מילק</ItemName>
      <ManufacturerName>קוסמופארם</ManufacturerName>
      <ManufactureCountry>לא ידוע</ManufactureCountry>
      <ManufacturerItemDescription>תחליב רחצה כיף מילק אוקיינוס כחול 750</ManufacturerItemDescription>
      <UnitQty>מיליליטרים</UnitQty>
      <Quantity>750.00</Quantity>
      <UnitOfMeasure>100 מ"ל</UnitOfMeasure>
      <bIsWeighted>0</bIsWeighted>
      <QtyInPackage>1</QtyInPackage>
      <ItemPrice>12.90</ItemPrice>
      <UnitOfMeasurePrice>1.7200</UnitOfMeasurePrice>
      <AllowDiscount>1</AllowDiscount>
      <ItemStatus>1</ItemStatus>
      <ItemId>240571</ItemId>
    </Item>
    <Item>
      <PriceUpdateDate>2015-01-01 00:00:00</PriceUpdateDate>
      <ItemCode>7290105364791</ItemCode>
      <ItemType>0</ItemType>
      <ItemName>קפה נמס קר 400 גרם</ItemName>
      <ManufacturerName>שטראוס ישראל</ManufacturerName>
      <ManufactureCountry>ישראל</ManufactureCountry>
      <ManufacturerItemDescription>קפה נמס קר 400 גרם</ManufacturerItemDescription>
      <UnitQty>גרמים</UnitQty>
      <Quantity>400.00</Quantity>
      <UnitOfMeasure>100 גרם</UnitOfMeasure>
      <bIsWeighted>0</bIsWeighted>
      <QtyInPackage>1</QtyInPackage>
      <ItemPrice>19.90</ItemPrice>
      <UnitOfMeasurePrice>4.9750</UnitOfMeasurePrice>
      <AllowDiscount>1</AllowDiscount>
      <ItemStatus>1</ItemStatus>
      <ItemId>240576</ItemId>
    </Item>
    <Item>
      <PriceUpdateDate>2016-06-28 10:49:52</PriceUpdateDate>
      <ItemCode>7290013531797</ItemCode>
      <ItemType>1</ItemType>
      <ItemName>מארז שלישיית אפונה י</ItemName>
      <ManufacturerName>,</ManufacturerName>
      <ManufactureCountry>לא ידוע</ManufactureCountry>
      <ManufacturerItemDescription>מארז שלישיית אפונה יכין</ManufacturerItemDescription>
      <UnitQty>גרמים</UnitQty>
      <Quantity>600.00</Quantity>
      <UnitOfMeasure>100 גרם</UnitOfMeasure>
      <bIsWeighted>0</bIsWeighted>
      <QtyInPackage>1</QtyInPackage>
      <ItemPrice>7.90</ItemPrice>
      <UnitOfMeasurePrice>1.3167</UnitOfMeasurePrice>
      <AllowDiscount>1</AllowDiscount>
      <ItemStatus>1</ItemStatus>
      <ItemId>265431</ItemId>
    </Item>
    <Item>
      <PriceUpdateDate>2015-01-01 00:00:00</PriceUpdateDate>
      <ItemCode>7290013269690</ItemCode>
      <ItemType>0</ItemType>
      <ItemName>גל אסלה סנובון בניחו</ItemName>
      <ManufacturerName>NICOLS</ManufacturerName>
      <ManufactureCountry>לא ידוע</ManufactureCountry>
      <ManufacturerItemDescription>גל אסלה סנובון בניחוח לימון</ManufacturerItemDescription>
      <UnitQty>Unknown </UnitQty>
      <Quantity>0.00</Quantity>
      <UnitOfMeasure>Unknown </UnitOfMeasure>
      <bIsWeighted>0</bIsWeighted>
      <QtyInPackage>1</QtyInPackage>
      <ItemPrice>4.90</ItemPrice>
      <UnitOfMeasurePrice>0.0000</UnitOfMeasurePrice>
      <AllowDiscount>1</AllowDiscount>
      <ItemStatus>1</ItemStatus>
      <ItemId>240609</ItemId>
    </Item>
    <Item>
      <PriceUpdateDate>2015-01-01 00:00:00</PriceUpdateDate>
      <ItemCode>7290013269706</ItemCode>
      <ItemType>0</ItemType>
      <ItemName>גל אסלה סנובון בניחו</ItemName>
      <ManufacturerName>NICOLS</ManufacturerName>
      <ManufactureCountry>לא ידוע</ManufactureCountry>
      <ManufacturerItemDescription>גל אסלה סנובון בניחוח אוקיינוס</ManufacturerItemDescription>
      <UnitQty>Unknown </UnitQty>
      <Quantity>0.00</Quantity>
      <UnitOfMeasure>Unknown </UnitOfMeasure>
      <bIsWeighted>0</bIsWeighted>
      <QtyInPackage>1</QtyInPackage>
      <ItemPrice>4.90</ItemPrice>
      <UnitOfMeasurePrice>0.0000</UnitOfMeasurePrice>
      <AllowDiscount>1</AllowDiscount>
      <ItemStatus>1</ItemStatus>
      <ItemId>240610</ItemId>
    </Item>
    <Item>
      <PriceUpdateDate>2016-07-04 12:40:32</PriceUpdateDate>
      <ItemCode>7290014088610</ItemCode>
      <ItemType>1</ItemType>
      <ItemName>אבקת שוקולי 1.3 ק"ג</ItemName>
      <ManufacturerName>,</ManufacturerName>
      <ManufactureCountry>ישראל</ManufactureCountry>
      <ManufacturerItemDescription>אבקת שוקולי 1.3 ק"ג</ManufacturerItemDescription>
      <UnitQty>קילוגרמים</UnitQty>
      <Quantity>1.30</Quantity>
      <UnitOfMeasure>ק"ג     </UnitOfMeasure>
      <bIsWeighted>0</bIsWeighted>
      <QtyInPackage>1</QtyInPackage>
      <ItemPrice>9.90</ItemPrice>
      <UnitOfMeasurePrice>7.6154</UnitOfMeasurePrice>
      <AllowDiscount>1</AllowDiscount>
      <ItemStatus>1</ItemStatus>
      <ItemId>268765</ItemId>
    </Item>
    <Item>
      <PriceUpdateDate>2015-01-01 00:00:00</PriceUpdateDate>
      <ItemCode>7290013269669</ItemCode>
      <ItemType>0</ItemType>
      <ItemName>ריצפז פנטזיה 3 ליטר</ItemName>
      <ManufacturerName>סנו</ManufacturerName>
      <ManufactureCountry>לא ידוע</ManufactureCountry>
      <ManufacturerItemDescription>ריצפז פנטזיה 3 ליטר</ManufacturerItemDescription>
      <UnitQty>ליטרים</UnitQty>
      <Quantity>3.00</Quantity>
      <UnitOfMeasure>ליטר    </UnitOfMeasure>
      <bIsWeighted>0</bIsWeighted>
      <QtyInPackage>1</QtyInPackage>
      <ItemPrice>15.90</ItemPrice>
      <UnitOfMeasurePrice>5.3000</UnitOfMeasurePrice>
      <AllowDiscount>1</AllowDiscount>
      <ItemStatus>1</ItemStatus>
      <ItemId>240611</ItemId>
    </Item>
    <Item>
      <PriceUpdateDate>2015-07-22 13:55:45</PriceUpdateDate>
      <ItemCode>1901328</ItemCode>
      <ItemType>0</ItemType>
      <ItemName>רולדה גפילטע פיש ירו</ItemName>
      <ManufacturerName>,</ManufacturerName>
      <ManufactureCountry>לא ידוע</ManufactureCountry>
      <ManufacturerItemDescription>רולדה גפילטע פיש ירושלמי ק"ג</ManufacturerItemDescription>
      <UnitQty>קילוגרמים</UnitQty>
      <Quantity>1.00</Quantity>
      <UnitOfMeasure>ק"ג</UnitOfMeasure>
      <bIsWeighted>1</bIsWeighted>
      <QtyInPackage>לא ידוע</QtyInPackage>
      <ItemPrice>34.90</ItemPrice>
      <UnitOfMeasurePrice>34.9000</UnitOfMeasurePrice>
      <AllowDiscount>1</AllowDiscount>
      <ItemStatus>1</ItemStatus>
      <ItemId>264667</ItemId>
    </Item>
    <Item>
      <PriceUpdateDate>2015-01-01 00:00:00</PriceUpdateDate>
      <ItemCode>7290011993078</ItemCode>
      <ItemType>0</ItemType>
      <ItemName>קוביות חציל בטחינה 2</ItemName>
      <ManufacturerName>מעדני מיקי תעשיות מז</ManufacturerName>
      <ManufactureCountry>לא ידוע</ManufactureCountry>
      <ManufacturerItemDescription>קוביות חציל בטחינה 250 גרם</ManufacturerItemDescription>
      <UnitQty>גרמים</UnitQty>
      <Quantity>250.00</Quantity>
      <UnitOfMeasure>100 גרם</UnitOfMeasure>
      <bIsWeighted>0</bIsWeighted>
      <QtyInPackage>1</QtyInPackage>
      <ItemPrice>9.50</ItemPrice>
      <UnitOfMeasurePrice>3.8000</UnitOfMeasurePrice>
      <AllowDiscount>1</AllowDiscount>
      <ItemStatus>1</ItemStatus>
      <ItemId>240629</ItemId>
    </Item>
    <Item>
      <PriceUpdateDate>2015-01-01 00:00:00</PriceUpdateDate>
      <ItemCode>6931191500694</ItemCode>
      <ItemType>0</ItemType>
      <ItemName>ספוג רשת בודד</ItemName>
      <ManufacturerName>,</ManufacturerName>
      <ManufactureCountry>לא ידוע</ManufactureCountry>
      <ManufacturerItemDescription>ספוג רשת בודד</ManufacturerItemDescription>
      <UnitQty>Unknown </UnitQty>
      <Quantity>0.00</Quantity>
      <UnitOfMeasure>Unknown </UnitOfMeasure>
      <bIsWeighted>0</bIsWeighted>
      <QtyInPackage>1</QtyInPackage>
      <ItemPrice>4.90</ItemPrice>
      <UnitOfMeasurePrice>0.0000</UnitOfMeasurePrice>
      <AllowDiscount>1</AllowDiscount>
      <ItemStatus>1</ItemStatus>
      <ItemId>240663</ItemId>
    </Item>
    <Item>
      <PriceUpdateDate>2015-01-01 00:00:00</PriceUpdateDate>
      <ItemCode>6696649</ItemCode>
      <ItemType>0</ItemType>
      <ItemName>יין ישראלי זינפנדל 7</ItemName>
      <ManufacturerName>יקב טפרברג 1870 בעמ</ManufacturerName>
      <ManufactureCountry>לא ידוע</ManufactureCountry>
      <ManufacturerItemDescription>יין ישראלי זינפנדל 750 מ"ל</ManufacturerItemDescription>
      <UnitQty>מיליליטרים</UnitQty>
      <Quantity>750.00</Quantity>
      <UnitOfMeasure>100 מ"ל</UnitOfMeasure>
      <bIsWeighted>0</bIsWeighted>
      <QtyInPackage>1</QtyInPackage>
      <ItemPrice>17.90</ItemPrice>
      <UnitOfMeasurePrice>2.3867</UnitOfMeasurePrice>
      <AllowDiscount>1</AllowDiscount>
      <ItemStatus>1</ItemStatus>
      <ItemId>240680</ItemId>
    </Item>
    <Item>
      <PriceUpdateDate>2016-07-17 10:10:31</PriceUpdateDate>
      <ItemCode>6221048312816</ItemCode>
      <ItemType>1</ItemType>
      <ItemName>דאו אקס אפולו</ItemName>
      <ManufacturerName>,</ManufacturerName>
      <ManufactureCountry>לא ידוע</ManufactureCountry>
      <ManufacturerItemDescription>דאו אקס אפולו</ManufacturerItemDescription>
      <UnitQty>מיליליטרים</UnitQty>
      <Quantity>150.00</Quantity>
      <UnitOfMeasure>100 מ"ל</UnitOfMeasure>
      <bIsWeighted>0</bIsWeighted>
      <QtyInPackage>1</QtyInPackage>
      <ItemPrice>9.90</ItemPrice>
      <UnitOfMeasurePrice>6.6000</UnitOfMeasurePrice>
      <AllowDiscount>1</AllowDiscount>
      <ItemStatus>1</ItemStatus>
      <ItemId>268865</ItemId>
    </Item>
    <Item>
      <PriceUpdateDate>2015-01-01 00:00:00</PriceUpdateDate>
      <ItemCode>1476208</ItemCode>
      <ItemType>0</ItemType>
      <ItemName>ברי פקאן משולשים במש</ItemName>
      <ManufacturerName>,</ManufacturerName>
      <ManufactureCountry>לא ידוע</ManufactureCountry>
      <ManufacturerItemDescription>ברי פקאן משולשים במשקל</ManufacturerItemDescription>
      <UnitQty>קילוגרמים</UnitQty>
      <Quantity>1.00</Quantity>
      <UnitOfMeasure>ק"ג</UnitOfMeasure>
      <bIsWeighted>1</bIsWeighted>
      <QtyInPackage>לא ידוע</QtyInPackage>
      <ItemPrice>99.00</ItemPrice>
      <UnitOfMeasurePrice>99.0000</UnitOfMeasurePrice>
      <AllowDiscount>1</AllowDiscount>
      <ItemStatus>1</ItemStatus>
      <ItemId>240707</ItemId>
    </Item>
    <Item>
      <PriceUpdateDate>2015-01-01 00:00:00</PriceUpdateDate>
      <ItemCode>710069105003</ItemCode>
      <ItemType>0</ItemType>
      <ItemName>לפתן מנדרינות חתיכות</ItemName>
      <ManufacturerName>,</ManufacturerName>
      <ManufactureCountry>לא ידוע</ManufactureCountry>
      <ManufacturerItemDescription>לפתן מנדרינות חתיכות גפן 312 ג וואלאווע</ManufacturerItemDescription>
      <UnitQty>גרמים</UnitQty>
      <Quantity>312.00</Quantity>
      <UnitOfMeasure>100 גרם</UnitOfMeasure>
      <bIsWeighted>0</bIsWeighted>
      <QtyInPackage>1</QtyInPackage>
      <ItemPrice>4.90</ItemPrice>
      <UnitOfMeasurePrice>1.5705</UnitOfMeasurePrice>
      <AllowDiscount>1</AllowDiscount>
      <ItemStatus>1</ItemStatus>
      <ItemId>244364</ItemId>
    </Item>
    <Item>
      <PriceUpdateDate>2015-01-01 00:00:00</PriceUpdateDate>
      <ItemCode>710069113602</ItemCode>
      <ItemType>0</ItemType>
      <ItemName>טונה במים 170 גרם</ItemName>
      <ManufacturerName>,</ManufacturerName>
      <ManufactureCountry>לא ידוע</ManufactureCountry>
      <ManufacturerItemDescription>טונה במים 170 גרם</ManufacturerItemDescription>
      <UnitQty>גרמים</UnitQty>
      <Quantity>170.00</Quantity>
      <UnitOfMeasure>100 גרם</UnitOfMeasure>
      <bIsWeighted>0</bIsWeighted>
      <QtyInPackage>1</QtyInPackage>
      <ItemPrice>5.50</ItemPrice>
      <UnitOfMeasurePrice>3.2353</UnitOfMeasurePrice>
      <AllowDiscount>1</AllowDiscount>
      <ItemStatus>1</ItemStatus>
      <ItemId>240719</ItemId>
    </Item>
    <Item>
      <PriceUpdateDate>2015-01-01 00:00:00</PriceUpdateDate>
      <ItemCode>7290102395231</ItemCode>
      <ItemType>0</ItemType>
      <ItemName>מאגדת מולר ביאנקו נט</ItemName>
      <ManufacturerName>טרה</ManufacturerName>
      <ManufactureCountry>לא ידוע</ManufactureCountry>
      <ManufacturerItemDescription>מאגדת מולר ביאנקו נטורל 2.8% שמיניה</ManufacturerItemDescription>
      <UnitQty>ליטרים</UnitQty>
      <Quantity>1.20</Quantity>
      <UnitOfMeasure>ליטר    </UnitOfMeasure>
      <bIsWeighted>0</bIsWeighted>
      <QtyInPackage>1</QtyInPackage>
      <ItemPrice>15.90</ItemPrice>
      <UnitOfMeasurePrice>13.2500</UnitOfMeasurePrice>
      <AllowDiscount>1</AllowDiscount>
      <ItemStatus>1</ItemStatus>
      <ItemId>243815</ItemId>
    </Item>
    <Item>
      <PriceUpdateDate>2016-01-04 13:31:03</PriceUpdateDate>
      <ItemCode>7290103157081</ItemCode>
      <ItemType>1</ItemType>
      <ItemName>מגש עגול גדול</ItemName>
      <ManufacturerName>NINGBO</ManufacturerName>
      <ManufactureCountry>סין</ManufactureCountry>
      <ManufacturerItemDescription>מגש עגול גדול</ManufacturerItemDescription>
      <UnitQty>Unknown </UnitQty>
      <Quantity>0.00</Quantity>
      <UnitOfMeasure>Unknown </UnitOfMeasure>
      <bIsWeighted>0</bIsWeighted>
      <QtyInPackage>1</QtyInPackage>
      <ItemPrice>4.90</ItemPrice>
      <UnitOfMeasurePrice>0.0000</UnitOfMeasurePrice>
      <AllowDiscount>1</AllowDiscount>
      <ItemStatus>1</ItemStatus>
      <ItemId>266401</ItemId>
    </Item>
    <Item>
      <PriceUpdateDate>2016-01-03 12:24:27</PriceUpdateDate>
      <ItemCode>710069012219</ItemCode>
      <ItemType>0</ItemType>
      <ItemName>טונה בשמן 170 גרם</ItemName>
      <ManufacturerName>,</ManufacturerName>
      <ManufactureCountry>לא ידוע</ManufactureCountry>
      <ManufacturerItemDescription>טונה בשמן 170 גרם</ManufacturerItemDescription>
      <UnitQty>גרמים</UnitQty>
      <Quantity>170.00</Quantity>
      <UnitOfMeasure>100 גרם</UnitOfMeasure>
      <bIsWeighted>0</bIsWeighted>
      <QtyInPackage>1</QtyInPackage>
      <ItemPrice>5.50</ItemPrice>
      <UnitOfMeasurePrice>3.2353</UnitOfMeasurePrice>
      <AllowDiscount>1</AllowDiscount>
      <ItemStatus>1</ItemStatus>
      <ItemId>245213</ItemId>
    </Item>
    <Item>
      <PriceUpdateDate>2016-02-24 13:48:09</PriceUpdateDate>
      <ItemCode>7290011499822</ItemCode>
      <ItemType>0</ItemType>
      <ItemName>גבינה בולגרית 5% מעו</ItemName>
      <ManufacturerName>דשן</ManufacturerName>
      <ManufactureCountry>ישראל</ManufactureCountry>
      <ManufacturerItemDescription>גבינה בולגרית 5% מעודנת 250 גרם</ManufacturerItemDescription>
      <UnitQty>גרמים</UnitQty>
      <Quantity>250.00</Quantity>
      <UnitOfMeasure>100 גרם</UnitOfMeasure>
      <bIsWeighted>0</bIsWeighted>
      <QtyInPackage>1</QtyInPackage>
      <ItemPrice>16.90</ItemPrice>
      <UnitOfMeasurePrice>6.7600</UnitOfMeasurePrice>
      <AllowDiscount>1</AllowDiscount>
      <ItemStatus>1</ItemStatus>
      <ItemId>240723</ItemId>
    </Item>
    <Item>
      <PriceUpdateDate>2016-06-09 11:51:15</PriceUpdateDate>
      <ItemCode>5011417565421</ItemCode>
      <ItemType>0</ItemType>
      <ItemName>אייר וויק פיור</ItemName>
      <ManufacturerName>רקיט בנקיזר</ManufacturerName>
      <ManufactureCountry>אנגליה</ManufactureCountry>
      <ManufacturerItemDescription>אייר וויק פיור</ManufacturerItemDescription>
      <UnitQty>מיליליטרים</UnitQty>
      <Quantity>250.00</Quantity>
      <UnitOfMeasure>100 מ"ל</UnitOfMeasure>
      <bIsWeighted>0</bIsWeighted>
      <QtyInPackage>1</QtyInPackage>
      <ItemPrice>14.90</ItemPrice>
      <UnitOfMeasurePrice>5.9600</UnitOfMeasurePrice>
      <AllowDiscount>1</AllowDiscount>
      <ItemStatus>1</ItemStatus>
      <ItemId>268417</ItemId>
    </Item>
    <Item>
      <PriceUpdateDate>2015-06-15 10:31:16</PriceUpdateDate>
      <ItemCode>7290014761612</ItemCode>
      <ItemType>1</ItemType>
      <ItemName>מעדן YOLO שכבות שוקו</ItemName>
      <ManufacturerName>,</ManufacturerName>
      <ManufactureCountry>לא ידוע</ManufactureCountry>
      <ManufacturerItemDescription>מעדן YOLO שכבות שוקולד מריר ולבן</ManufacturerItemDescription>
      <UnitQty>גרמים</UnitQty>
      <Quantity>122.00</Quantity>
      <UnitOfMeasure>100 גרם</UnitOfMeasure>
      <bIsWeighted>0</bIsWeighted>
      <QtyInPackage>1</QtyInPackage>
      <ItemPrice>3.30</ItemPrice>
      <UnitOfMeasurePrice>2.7049</UnitOfMeasurePrice>
      <AllowDiscount>1</AllowDiscount>
      <ItemStatus>1</ItemStatus>
      <ItemId>264168</ItemId>
    </Item>
    <Item>
      <PriceUpdateDate>2015-11-01 18:55:50</PriceUpdateDate>
      <ItemCode>7290016083415</ItemCode>
      <ItemType>1</ItemType>
      <ItemName>נשיקות 100 גרם</ItemName>
      <ManufacturerName>,</ManufacturerName>
      <ManufactureCountry>לא ידוע</ManufactureCountry>
      <ManufacturerItemDescription>נשיקות מרנג 100 גרם</ManufacturerItemDescription>
      <UnitQty>גרמים</UnitQty>
      <Quantity>100.00</Quantity>
      <UnitOfMeasure>100 גרם</UnitOfMeasure>
      <bIsWeighted>0</bIsWeighted>
      <QtyInPackage>1</QtyInPackage>
      <ItemPrice>11.90</ItemPrice>
      <UnitOfMeasurePrice>11.9000</UnitOfMeasurePrice>
      <AllowDiscount>1</AllowDiscount>
      <ItemStatus>1</ItemStatus>
      <ItemId>265748</ItemId>
    </Item>
    <Item>
      <PriceUpdateDate>2016-03-01 11:17:27</PriceUpdateDate>
      <ItemCode>7290000908069</ItemCode>
      <ItemType>1</ItemType>
      <ItemName>לאפי טאפי ענבים 24 י</ItemName>
      <ManufacturerName>,</ManufacturerName>
      <ManufactureCountry>לא ידוע</ManufactureCountry>
      <ManufacturerItemDescription>לאפי טאפי ענבים 24 יח</ManufacturerItemDescription>
      <UnitQty>גרמים</UnitQty>
      <Quantity>551.00</Quantity>
      <UnitOfMeasure>100 גרם</UnitOfMeasure>
      <bIsWeighted>0</bIsWeighted>
      <QtyInPackage>1</QtyInPackage>
      <ItemPrice>14.90</ItemPrice>
      <UnitOfMeasurePrice>2.7042</UnitOfMeasurePrice>
      <AllowDiscount>1</AllowDiscount>
      <ItemStatus>1</ItemStatus>
      <ItemId>267054</ItemId>
    </Item>
    <Item>
      <PriceUpdateDate>2016-06-26 16:50:34</PriceUpdateDate>
      <ItemCode>7290107643689</ItemCode>
      <ItemType>0</ItemType>
      <ItemName>קליק פופקורן שוקולד</ItemName>
      <ManufacturerName>יוניליוור</ManufacturerName>
      <ManufactureCountry>ישראל</ManufactureCountry>
      <ManufacturerItemDescription>קליק פופקורן שוקולד לבן 68 גרם</ManufacturerItemDescription>
      <UnitQty>גרמים</UnitQty>
      <Quantity>68.00</Quantity>
      <UnitOfMeasure>100 גרם</UnitOfMeasure>
      <bIsWeighted>0</bIsWeighted>
      <QtyInPackage>1</QtyInPackage>
      <ItemPrice>3.90</ItemPrice>
      <UnitOfMeasurePrice>5.7353</UnitOfMeasurePrice>
      <AllowDiscount>1</AllowDiscount>
      <ItemStatus>1</ItemStatus>
      <ItemId>268666</ItemId>
    </Item>
    <Item>
      <PriceUpdateDate>2016-08-11 08:54:52</PriceUpdateDate>
      <ItemCode>7290003143146</ItemCode>
      <ItemType>1</ItemType>
      <ItemName>ממרח תמרים 450 גרם</ItemName>
      <ManufacturerName>טעמי הגליל</ManufacturerName>
      <ManufactureCountry>ישראל</ManufactureCountry>
      <ManufacturerItemDescription>ממרח תמרים 450 גרם</ManufacturerItemDescription>
      <UnitQty>גרמים</UnitQty>
      <Quantity>450.00</Quantity>
      <UnitOfMeasure>100 גרם</UnitOfMeasure>
      <bIsWeighted>0</bIsWeighted>
      <QtyInPackage>1</QtyInPackage>
      <ItemPrice>5.50</ItemPrice>
      <UnitOfMeasurePrice>1.2222</UnitOfMeasurePrice>
      <AllowDiscount>1</AllowDiscount>
      <ItemStatus>1</ItemStatus>
      <ItemId>265170</ItemId>
    </Item>
    <Item>
      <PriceUpdateDate>2015-01-01 00:00:00</PriceUpdateDate>
      <ItemCode>7290105368331</ItemCode>
      <ItemType>0</ItemType>
      <ItemName>מעדן מילקי תות 159 ג</ItemName>
      <ManufacturerName>שטראוס</ManufacturerName>
      <ManufactureCountry>לא ידוע</ManufactureCountry>
      <ManufacturerItemDescription>מילקי תות 159 גרם</ManufacturerItemDescription>
      <UnitQty>גרמים</UnitQty>
      <Quantity>159.00</Quantity>
      <UnitOfMeasure>100 גרם</UnitOfMeasure>
      <bIsWeighted>0</bIsWeighted>
      <QtyInPackage>1</QtyInPackage>
      <ItemPrice>2.80</ItemPrice>
      <UnitOfMeasurePrice>1.7610</UnitOfMeasurePrice>
      <AllowDiscount>1</AllowDiscount>
      <ItemStatus>1</ItemStatus>
      <ItemId>240791</ItemId>
    </Item>
    <Item>
      <PriceUpdateDate>2015-01-01 00:00:00</PriceUpdateDate>
      <ItemCode>7290011194840</ItemCode>
      <ItemType>0</ItemType>
      <ItemName>אקטיביה פירות יבשים</ItemName>
      <ManufacturerName>שטראוס</ManufacturerName>
      <ManufactureCountry>לא ידוע</ManufactureCountry>
      <ManufacturerItemDescription>אקטיביה פירות יבשים 1.5% 150 גרם</ManufacturerItemDescription>
      <UnitQty>מיליליטרים</UnitQty>
      <Quantity>150.00</Quantity>
      <UnitOfMeasure>100 מ"ל</UnitOfMeasure>
      <bIsWeighted>0</bIsWeighted>
      <QtyInPackage>1</QtyInPackage>
      <ItemPrice>4.80</ItemPrice>
      <UnitOfMeasurePrice>3.2000</UnitOfMeasurePrice>
      <AllowDiscount>1</AllowDiscount>
      <ItemStatus>1</ItemStatus>
      <ItemId>240798</ItemId>
    </Item>
    <Item>
      <PriceUpdateDate>2015-09-20 12:48:05</PriceUpdateDate>
      <ItemCode>8712561631570</ItemCode>
      <ItemType>0</ItemType>
      <ItemName>תחליב רחצה דאב חלב ק</ItemName>
      <ManufacturerName>,</ManufacturerName>
      <ManufactureCountry>לא ידוע</ManufactureCountry>
      <ManufacturerItemDescription>תחליב רחצה דאב חלב קוקוס 750 מ"ל</ManufacturerItemDescription>
      <UnitQty>מיליליטרים</UnitQty>
      <Quantity>750.00</Quantity>
      <UnitOfMeasure>100 מ"ל</UnitOfMeasure>
      <bIsWeighted>0</bIsWeighted>
      <QtyInPackage>1</QtyInPackage>
      <ItemPrice>16.90</ItemPrice>
      <UnitOfMeasurePrice>2.2533</UnitOfMeasurePrice>
      <AllowDiscount>1</AllowDiscount>
      <ItemStatus>1</ItemStatus>
      <ItemId>264732</ItemId>
    </Item>
    <Item>
      <PriceUpdateDate>2016-02-24 13:47:16</PriceUpdateDate>
      <ItemCode>7290014434813</ItemCode>
      <ItemType>0</ItemType>
      <ItemName>מאגדת טופי מרובע 8 י</ItemName>
      <ManufacturerName>סאדת גידה</ManufacturerName>
      <ManufactureCountry>לא ידוע</ManufactureCountry>
      <ManufacturerItemDescription>מאגדת טופי מרובע 8 יח בטעם תות</ManufacturerItemDescription>
      <UnitQty>Unknown </UnitQty>
      <Quantity>0.00</Quantity>
      <UnitOfMeasure>Unknown </UnitOfMeasure>
      <bIsWeighted>0</bIsWeighted>
      <QtyInPackage>1</QtyInPackage>
      <ItemPrice>9.90</ItemPrice>
      <UnitOfMeasurePrice>0.0000</UnitOfMeasurePrice>
      <AllowDiscount>1</AllowDiscount>
      <ItemStatus>1</ItemStatus>
      <ItemId>252092</ItemId>
    </Item>
    <Item>
      <PriceUpdateDate>2015-07-21 09:45:48</PriceUpdateDate>
      <ItemCode>7290106504479</ItemCode>
      <ItemType>0</ItemType>
      <ItemName>תחבושות אלוויז קוואט</ItemName>
      <ManufacturerName>פרוקטר</ManufacturerName>
      <ManufactureCountry>לא ידוע</ManufactureCountry>
      <ManufacturerItemDescription>תחבושות אלוויז קוואטרו לילה בטוח 36 יח</ManufacturerItemDescription>
      <UnitQty>Unknown </UnitQty>
      <Quantity>0.00</Quantity>
      <UnitOfMeasure>Unknown </UnitOfMeasure>
      <bIsWeighted>0</bIsWeighted>
      <QtyInPackage>1</QtyInPackage>
      <ItemPrice>37.90</ItemPrice>
      <UnitOfMeasurePrice>0.0000</UnitOfMeasurePrice>
      <AllowDiscount>1</AllowDiscount>
      <ItemStatus>1</ItemStatus>
      <ItemId>264643</ItemId>
    </Item>
    <Item>
      <PriceUpdateDate>2015-06-14 11:46:04</PriceUpdateDate>
      <ItemCode>7290015652070</ItemCode>
      <ItemType>0</ItemType>
      <ItemName>אגוזי קשיו קלויים 15</ItemName>
      <ManufacturerName>,</ManufacturerName>
      <ManufactureCountry>לא ידוע</ManufactureCountry>
      <ManufacturerItemDescription>אגוזי קשיו קלויים 150 גרם</ManufacturerItemDescription>
      <UnitQty>גרמים</UnitQty>
      <Quantity>150.00</Quantity>
      <UnitOfMeasure>100 גרם</UnitOfMeasure>
      <bIsWeighted>0</bIsWeighted>
      <QtyInPackage>1</QtyInPackage>
      <ItemPrice>9.90</ItemPrice>
      <UnitOfMeasurePrice>6.6000</UnitOfMeasurePrice>
      <AllowDiscount>1</AllowDiscount>
      <ItemStatus>1</ItemStatus>
      <ItemId>259846</ItemId>
    </Item>
    <Item>
      <PriceUpdateDate>2015-01-01 00:00:00</PriceUpdateDate>
      <ItemCode>712963003591</ItemCode>
      <ItemType>0</ItemType>
      <ItemName>שוקולד מריר פצפוצי א</ItemName>
      <ManufacturerName>,</ManufacturerName>
      <ManufactureCountry>לא ידוע</ManufactureCountry>
      <ManufacturerItemDescription>שוקולד מריר פצפוצי אורז 90 גרם</ManufacturerItemDescription>
      <UnitQty>גרמים</UnitQty>
      <Quantity>90.00</Quantity>
      <UnitOfMeasure>100 גרם</UnitOfMeasure>
      <bIsWeighted>0</bIsWeighted>
      <QtyInPackage>1</QtyInPackage>
      <ItemPrice>4.90</ItemPrice>
      <UnitOfMeasurePrice>5.4444</UnitOfMeasurePrice>
      <AllowDiscount>1</AllowDiscount>
      <ItemStatus>1</ItemStatus>
      <ItemId>253305</ItemId>
    </Item>
    <Item>
      <PriceUpdateDate>2016-06-29 11:25:32</PriceUpdateDate>
      <ItemCode>7290016096217</ItemCode>
      <ItemType>0</ItemType>
      <ItemName>מארז 4 נתחי טונה קטנ</ItemName>
      <ManufacturerName>תעשיות פילטונה</ManufacturerName>
      <ManufactureCountry>ישראל</ManufactureCountry>
      <ManufacturerItemDescription>מארז 4 נתחי טונה קטנה בשמן 560 גרם רייף</ManufacturerItemDescription>
      <UnitQty>גרמים</UnitQty>
      <Quantity>560.00</Quantity>
      <UnitOfMeasure>100 גרם</UnitOfMeasure>
      <bIsWeighted>0</bIsWeighted>
      <QtyInPackage>1</QtyInPackage>
      <ItemPrice>12.90</ItemPrice>
      <UnitOfMeasurePrice>2.3036</UnitOfMeasurePrice>
      <AllowDiscount>1</AllowDiscount>
      <ItemStatus>1</ItemStatus>
      <ItemId>268710</ItemId>
    </Item>
    <Item>
      <PriceUpdateDate>2016-04-14 07:41:05</PriceUpdateDate>
      <ItemCode>7702018271788</ItemCode>
      <ItemType>0</ItemType>
      <ItemName>דאודורנט קליר גל ספו</ItemName>
      <ManufacturerName>פרוקטר</ManufacturerName>
      <ManufactureCountry>לא ידוע</ManufactureCountry>
      <ManufacturerItemDescription>דאודורנט קליר גל ספורט</ManufacturerItemDescription>
      <UnitQty>גרמים</UnitQty>
      <Quantity>70.00</Quantity>
      <UnitOfMeasure>100 גרם</UnitOfMeasure>
      <bIsWeighted>0</bIsWeighted>
      <QtyInPackage>1</QtyInPackage>
      <ItemPrice>25.90</ItemPrice>
      <UnitOfMeasurePrice>37.0000</UnitOfMeasurePrice>
      <AllowDiscount>1</AllowDiscount>
      <ItemStatus>1</ItemStatus>
      <ItemId>267897</ItemId>
    </Item>
    <Item>
      <PriceUpdateDate>2015-01-01 00:00:00</PriceUpdateDate>
      <ItemCode>7290106654945</ItemCode>
      <ItemType>0</ItemType>
      <ItemName>תפוציפס אקסטרא ברביק</ItemName>
      <ManufacturerName>שטראוס</ManufacturerName>
      <ManufactureCountry>לא ידוע</ManufactureCountry>
      <ManufacturerItemDescription>תפוציפס אקסטרא ברביקיו 50 גרם</ManufacturerItemDescription>
      <UnitQty>גרמים</UnitQty>
      <Quantity>50.00</Quantity>
      <UnitOfMeasure>100 גרם</UnitOfMeasure>
      <bIsWeighted>0</bIsWeighted>
      <QtyInPackage>1</QtyInPackage>
      <ItemPrice>3.50</ItemPrice>
      <UnitOfMeasurePrice>7.0000</UnitOfMeasurePrice>
      <AllowDiscount>1</AllowDiscount>
      <ItemStatus>1</ItemStatus>
      <ItemId>248867</ItemId>
    </Item>
    <Item>
      <PriceUpdateDate>2016-02-11 13:41:51</PriceUpdateDate>
      <ItemCode>57477</ItemCode>
      <ItemType>0</ItemType>
      <ItemName>חלב בקרטון 3% 1.5 לי</ItemName>
      <ManufacturerName>תנובה מרכז שיתופי לש</ManufacturerName>
      <ManufactureCountry>לא ידוע</ManufactureCountry>
      <ManufacturerItemDescription>חלב בקרטון 3% 1.5 ליטר בד"צ</ManufacturerItemDescription>
      <UnitQty>ליטרים</UnitQty>
      <Quantity>1.50</Quantity>
      <UnitOfMeasure>ליטר    </UnitOfMeasure>
      <bIsWeighted>0</bIsWeighted>
      <QtyInPackage>1</QtyInPackage>
      <ItemPrice>8.60</ItemPrice>
      <UnitOfMeasurePrice>5.7333</UnitOfMeasurePrice>
      <AllowDiscount>1</AllowDiscount>
      <ItemStatus>1</ItemStatus>
      <ItemId>240837</ItemId>
    </Item>
    <Item>
      <PriceUpdateDate>2015-01-01 00:00:00</PriceUpdateDate>
      <ItemCode>7290106654921</ItemCode>
      <ItemType>0</ItemType>
      <ItemName>תפוציפס אקסטרא טבעי</ItemName>
      <ManufacturerName>,</ManufacturerName>
      <ManufactureCountry>לא ידוע</ManufactureCountry>
      <ManufacturerItemDescription>תפוציפס אקסטרא טבעי 50 גרם</ManufacturerItemDescription>
      <UnitQty>גרמים</UnitQty>
      <Quantity>50.00</Quantity>
      <UnitOfMeasure>100 גרם</UnitOfMeasure>
      <bIsWeighted>0</bIsWeighted>
      <QtyInPackage>1</QtyInPackage>
      <ItemPrice>3.50</ItemPrice>
      <UnitOfMeasurePrice>7.0000</UnitOfMeasurePrice>
      <AllowDiscount>1</AllowDiscount>
      <ItemStatus>1</ItemStatus>
      <ItemId>248868</ItemId>
    </Item>
    <Item>
      <PriceUpdateDate>2015-01-01 00:00:00</PriceUpdateDate>
      <ItemCode>7290102394845</ItemCode>
      <ItemType>0</ItemType>
      <ItemName>גבינה צהובה אדם 9% 2</ItemName>
      <ManufacturerName>טרה</ManufacturerName>
      <ManufactureCountry>לא ידוע</ManufactureCountry>
      <ManufacturerItemDescription>גבינה צהובה אדם 9% 200 גרם דק דק</ManufacturerItemDescription>
      <UnitQty>גרמים</UnitQty>
      <Quantity>200.00</Quantity>
      <UnitOfMeasure>100 גרם</UnitOfMeasure>
      <bIsWeighted>0</bIsWeighted>
      <QtyInPackage>1</QtyInPackage>
      <ItemPrice>12.90</ItemPrice>
      <UnitOfMeasurePrice>6.4500</UnitOfMeasurePrice>
      <AllowDiscount>1</AllowDiscount>
      <ItemStatus>1</ItemStatus>
      <ItemId>240843</ItemId>
    </Item>
    <Item>
      <PriceUpdateDate>2015-01-01 00:00:00</PriceUpdateDate>
      <ItemCode>7290101867388</ItemCode>
      <ItemType>0</ItemType>
      <ItemName>אבקת כביסה קולון 10</ItemName>
      <ManufacturerName>זוהר דליה</ManufacturerName>
      <ManufactureCountry>לא ידוע</ManufactureCountry>
      <ManufacturerItemDescription>א.כביסה קולון 10 ק"ג</ManufacturerItemDescription>
      <UnitQty>קילוגרמים</UnitQty>
      <Quantity>10.00</Quantity>
      <UnitOfMeasure>ק"ג     </UnitOfMeasure>
      <bIsWeighted>0</bIsWeighted>
      <QtyInPackage>1</QtyInPackage>
      <ItemPrice>59.90</ItemPrice>
      <UnitOfMeasurePrice>5.9900</UnitOfMeasurePrice>
      <AllowDiscount>1</AllowDiscount>
      <ItemStatus>1</ItemStatus>
      <ItemId>240849</ItemId>
    </Item>
    <Item>
      <PriceUpdateDate>2015-01-01 00:00:00</PriceUpdateDate>
      <ItemCode>8410104437268</ItemCode>
      <ItemType>0</ItemType>
      <ItemName>פיניש דאוסטופ לריח</ItemName>
      <ManufacturerName>רקיט בנקיזר</ManufacturerName>
      <ManufactureCountry>איטליה</ManufactureCountry>
      <ManufacturerItemDescription>פיניש דאוסטופ לריח</ManufacturerItemDescription>
      <UnitQty>Unknown </UnitQty>
      <Quantity>0.00</Quantity>
      <UnitOfMeasure>Unknown </UnitOfMeasure>
      <bIsWeighted>0</bIsWeighted>
      <QtyInPackage>1</QtyInPackage>
      <ItemPrice>9.90</ItemPrice>
      <UnitOfMeasurePrice>0.0000</UnitOfMeasurePrice>
      <AllowDiscount>1</AllowDiscount>
      <ItemStatus>1</ItemStatus>
      <ItemId>240851</ItemId>
    </Item>
    <Item>
      <PriceUpdateDate>2015-01-01 00:00:00</PriceUpdateDate>
      <ItemCode>8002910004798</ItemCode>
      <ItemType>0</ItemType>
      <ItemName>פיניש דאו לימון</ItemName>
      <ManufacturerName>רקיט בנקיזר</ManufacturerName>
      <ManufactureCountry>הונגריה</ManufactureCountry>
      <ManufacturerItemDescription>פיניש דאו לימון</ManufacturerItemDescription>
      <UnitQty>Unknown </UnitQty>
      <Quantity>0.00</Quantity>
      <UnitOfMeasure>Unknown </UnitOfMeasure>
      <bIsWeighted>0</bIsWeighted>
      <QtyInPackage>1</QtyInPackage>
      <ItemPrice>9.90</ItemPrice>
      <UnitOfMeasurePrice>0.0000</UnitOfMeasurePrice>
      <AllowDiscount>1</AllowDiscount>
      <ItemStatus>1</ItemStatus>
      <ItemId>240852</ItemId>
    </Item>
    <Item>
      <PriceUpdateDate>2015-01-01 00:00:00</PriceUpdateDate>
      <ItemCode>3059946156330</ItemCode>
      <ItemType>0</ItemType>
      <ItemName>מנקה ומחדש לימון</ItemName>
      <ManufacturerName>רקיט בנקיזר</ManufacturerName>
      <ManufactureCountry>פולין</ManufactureCountry>
      <ManufacturerItemDescription>מנקה ומחדש לימון</ManufacturerItemDescription>
      <UnitQty>מיליליטרים</UnitQty>
      <Quantity>250.00</Quantity>
      <UnitOfMeasure>100 מ"ל</UnitOfMeasure>
      <bIsWeighted>0</bIsWeighted>
      <QtyInPackage>1</QtyInPackage>
      <ItemPrice>9.90</ItemPrice>
      <UnitOfMeasurePrice>3.9600</UnitOfMeasurePrice>
      <AllowDiscount>1</AllowDiscount>
      <ItemStatus>1</ItemStatus>
      <ItemId>240853</ItemId>
    </Item>
    <Item>
      <PriceUpdateDate>2016-06-09 11:51:15</PriceUpdateDate>
      <ItemCode>5011417563908</ItemCode>
      <ItemType>0</ItemType>
      <ItemName>אייר וויק פיור וניל</ItemName>
      <ManufacturerName>רקיט בנקיזר</ManufacturerName>
      <ManufactureCountry>אנגליה</ManufactureCountry>
      <ManufacturerItemDescription>אייר וויק פיור וניל</ManufacturerItemDescription>
      <UnitQty>מיליליטרים</UnitQty>
      <Quantity>250.00</Quantity>
      <UnitOfMeasure>100 מ"ל</UnitOfMeasure>
      <bIsWeighted>0</bIsWeighted>
      <QtyInPackage>1</QtyInPackage>
      <ItemPrice>14.90</ItemPrice>
      <UnitOfMeasurePrice>5.9600</UnitOfMeasurePrice>
      <AllowDiscount>1</AllowDiscount>
      <ItemStatus>1</ItemStatus>
      <ItemId>268418</ItemId>
    </Item>
    <Item>
      <PriceUpdateDate>2016-03-01 11:17:27</PriceUpdateDate>
      <ItemCode>7290000908090</ItemCode>
      <ItemType>1</ItemType>
      <ItemName>לאפי טאפי תפוח 24 יח</ItemName>
      <ManufacturerName>,</ManufacturerName>
      <ManufactureCountry>לא ידוע</ManufactureCountry>
      <ManufacturerItemDescription>לאפי טאפי תפוח 24 יח</ManufacturerItemDescription>
      <UnitQty>גרמים</UnitQty>
      <Quantity>551.00</Quantity>
      <UnitOfMeasure>100 גרם</UnitOfMeasure>
      <bIsWeighted>0</bIsWeighted>
      <QtyInPackage>1</QtyInPackage>
      <ItemPrice>14.90</ItemPrice>
      <UnitOfMeasurePrice>2.7042</UnitOfMeasurePrice>
      <AllowDiscount>1</AllowDiscount>
      <ItemStatus>1</ItemStatus>
      <ItemId>267055</ItemId>
    </Item>
    <Item>
      <PriceUpdateDate>2015-01-01 00:00:00</PriceUpdateDate>
      <ItemCode>3059943016507</ItemCode>
      <ItemType>0</ItemType>
      <ItemName>אייר וויק ספריי לבנד</ItemName>
      <ManufacturerName>רקיט בנקיזר</ManufacturerName>
      <ManufactureCountry>בריטניה</ManufactureCountry>
      <ManufacturerItemDescription>אייר וויק ספריי לבנדר</ManufacturerItemDescription>
      <UnitQty>Unknown </UnitQty>
      <Quantity>0.00</Quantity>
      <UnitOfMeasure>Unknown </UnitOfMeasure>
      <bIsWeighted>0</bIsWeighted>
      <QtyInPackage>1</QtyInPackage>
      <ItemPrice>9.90</ItemPrice>
      <UnitOfMeasurePrice>0.0000</UnitOfMeasurePrice>
      <AllowDiscount>1</AllowDiscount>
      <ItemStatus>1</ItemStatus>
      <ItemId>240856</ItemId>
    </Item>
    <Item>
      <PriceUpdateDate>2016-06-09 15:10:54</PriceUpdateDate>
      <ItemCode>7290016006339</ItemCode>
      <ItemType>0</ItemType>
      <ItemName>מי עדן רביעייה 1 ליט</ItemName>
      <ManufacturerName>מי עדן</ManufacturerName>
      <ManufactureCountry>ישראל</ManufactureCountry>
      <ManufacturerItemDescription>רביעיית מי עדן 1 ליטר</ManufacturerItemDescription>
      <UnitQty>ליטרים</UnitQty>
      <Quantity>4.00</Quantity>
      <UnitOfMeasure>ליטר    </UnitOfMeasure>
      <bIsWeighted>0</bIsWeighted>
      <QtyInPackage>1</QtyInPackage>
      <ItemPrice>9.90</ItemPrice>
      <UnitOfMeasurePrice>2.4750</UnitOfMeasurePrice>
      <AllowDiscount>1</AllowDiscount>
      <ItemStatus>1</ItemStatus>
      <ItemId>268420</ItemId>
    </Item>
    <Item>
      <PriceUpdateDate>2015-01-01 00:00:00</PriceUpdateDate>
      <ItemCode>3059943016569</ItemCode>
      <ItemType>0</ItemType>
      <ItemName>אייר וויק ספריי פריס</ItemName>
      <ManufacturerName>רקיט בנקיזר</ManufacturerName>
      <ManufactureCountry>בריטניה</ManufactureCountry>
      <ManufacturerItemDescription>אייר וויק ספריי פריסיה ויסמין</ManufacturerItemDescription>
      <UnitQty>Unknown </UnitQty>
      <Quantity>0.00</Quantity>
      <UnitOfMeasure>Unknown </UnitOfMeasure>
      <bIsWeighted>0</bIsWeighted>
      <QtyInPackage>1</QtyInPackage>
      <ItemPrice>9.90</ItemPrice>
      <UnitOfMeasurePrice>0.0000</UnitOfMeasurePrice>
      <AllowDiscount>1</AllowDiscount>
      <ItemStatus>1</ItemStatus>
      <ItemId>240859</ItemId>
    </Item>
    <Item>
      <PriceUpdateDate>2015-01-01 00:00:00</PriceUpdateDate>
      <ItemCode>3059940007768</ItemCode>
      <ItemType>0</ItemType>
      <ItemName>אייר וויק ספריי וניל</ItemName>
      <ManufacturerName>רקיט בנקיזר</ManufacturerName>
      <ManufactureCountry>בריטניה</ManufactureCountry>
      <ManufacturerItemDescription>אייר וויק ספריי וניל ואורכידאה</ManufacturerItemDescription>
      <UnitQty>Unknown </UnitQty>
      <Quantity>0.00</Quantity>
      <UnitOfMeasure>Unknown </UnitOfMeasure>
      <bIsWeighted>0</bIsWeighted>
      <QtyInPackage>1</QtyInPackage>
      <ItemPrice>9.90</ItemPrice>
      <UnitOfMeasurePrice>0.0000</UnitOfMeasurePrice>
      <AllowDiscount>1</AllowDiscount>
      <ItemStatus>1</ItemStatus>
      <ItemId>240860</ItemId>
    </Item>
    <Item>
      <PriceUpdateDate>2015-01-01 00:00:00</PriceUpdateDate>
      <ItemCode>7290101864950</ItemCode>
      <ItemType>0</ItemType>
      <ItemName>אירויק פרשמטיק קומפל</ItemName>
      <ManufacturerName>רקיט בנקיזר</ManufacturerName>
      <ManufactureCountry>לא ידוע</ManufactureCountry>
      <ManufacturerItemDescription>אירויק פרשמטיק קומפליט פריסיה ויסמין מ"מ</ManufacturerItemDescription>
      <UnitQty>Unknown </UnitQty>
      <Quantity>0.00</Quantity>
      <UnitOfMeasure>Unknown </UnitOfMeasure>
      <bIsWeighted>0</bIsWeighted>
      <QtyInPackage>1</QtyInPackage>
      <ItemPrice>34.90</ItemPrice>
      <UnitOfMeasurePrice>0.0000</UnitOfMeasurePrice>
      <AllowDiscount>1</AllowDiscount>
      <ItemStatus>1</ItemStatus>
      <ItemId>240864</ItemId>
    </Item>
    <Item>
      <PriceUpdateDate>2015-01-01 00:00:00</PriceUpdateDate>
      <ItemCode>7290101865834</ItemCode>
      <ItemType>0</ItemType>
      <ItemName>איר וויק פרשמטיק</ItemName>
      <ManufacturerName>,</ManufacturerName>
      <ManufactureCountry>לא ידוע</ManufactureCountry>
      <ManufacturerItemDescription>איר וויק פרשמטיק רפיל לבלוב כותנה זוג</ManufacturerItemDescription>
      <UnitQty>מיליליטרים</UnitQty>
      <Quantity>500.00</Quantity>
      <UnitOfMeasure>100 מ"ל</UnitOfMeasure>
      <bIsWeighted>0</bIsWeighted>
      <QtyInPackage>1</QtyInPackage>
      <ItemPrice>36.90</ItemPrice>
      <UnitOfMeasurePrice>7.3800</UnitOfMeasurePrice>
      <AllowDiscount>1</AllowDiscount>
      <ItemStatus>1</ItemStatus>
      <ItemId>240868</ItemId>
    </Item>
    <Item>
      <PriceUpdateDate>2015-09-01 11:01:45</PriceUpdateDate>
      <ItemCode>7290107641081</ItemCode>
      <ItemType>0</ItemType>
      <ItemName>שמפו פינוק למניעת קש</ItemName>
      <ManufacturerName>יוניליוור</ManufacturerName>
      <ManufactureCountry>ישראל</ManufactureCountry>
      <ManufacturerItemDescription>שמפו פינוק למניעת קשקשים מנטול 700 מ"ל</ManufacturerItemDescription>
      <UnitQty>מיליליטרים</UnitQty>
      <Quantity>700.00</Quantity>
      <UnitOfMeasure>100 מ"ל</UnitOfMeasure>
      <bIsWeighted>0</bIsWeighted>
      <QtyInPackage>1</QtyInPackage>
      <ItemPrice>8.30</ItemPrice>
      <UnitOfMeasurePrice>1.1857</UnitOfMeasurePrice>
      <AllowDiscount>1</AllowDiscount>
      <ItemStatus>1</ItemStatus>
      <ItemId>265173</ItemId>
    </Item>
    <Item>
      <PriceUpdateDate>2015-10-15 10:11:14</PriceUpdateDate>
      <ItemCode>7290013268440</ItemCode>
      <ItemType>1</ItemType>
      <ItemName>מארז מברשות שיניים ל</ItemName>
      <ManufacturerName>,</ManufacturerName>
      <ManufactureCountry>לא ידוע</ManufactureCountry>
      <ManufacturerItemDescription>מארז מברשות שיניים לילדים בוב ספוג</ManufacturerItemDescription>
      <UnitQty>Unknown </UnitQty>
      <Quantity>0.00</Quantity>
      <UnitOfMeasure>Unknown </UnitOfMeasure>
      <bIsWeighted>0</bIsWeighted>
      <QtyInPackage>1</QtyInPackage>
      <ItemPrice>16.90</ItemPrice>
      <UnitOfMeasurePrice>0.0000</UnitOfMeasurePrice>
      <AllowDiscount>1</AllowDiscount>
      <ItemStatus>1</ItemStatus>
      <ItemId>265454</ItemId>
    </Item>
    <Item>
      <PriceUpdateDate>2015-01-01 00:00:00</PriceUpdateDate>
      <ItemCode>2348160</ItemCode>
      <ItemType>0</ItemType>
      <ItemName>תירס גמדי שלם 400 גר</ItemName>
      <ManufacturerName>ויליגר</ManufacturerName>
      <ManufactureCountry>לא ידוע</ManufactureCountry>
      <ManufacturerItemDescription>תירס גמדי שלם 400 גרם</ManufacturerItemDescription>
      <UnitQty>גרמים</UnitQty>
      <Quantity>400.00</Quantity>
      <UnitOfMeasure>100 גרם</UnitOfMeasure>
      <bIsWeighted>0</bIsWeighted>
      <QtyInPackage>1</QtyInPackage>
      <ItemPrice>4.50</ItemPrice>
      <UnitOfMeasurePrice>1.1250</UnitOfMeasurePrice>
      <AllowDiscount>1</AllowDiscount>
      <ItemStatus>1</ItemStatus>
      <ItemId>240895</ItemId>
    </Item>
    <Item>
      <PriceUpdateDate>2016-02-16 11:13:35</PriceUpdateDate>
      <ItemCode>7290012864025</ItemCode>
      <ItemType>0</ItemType>
      <ItemName>אלפלפא</ItemName>
      <ManufacturerName>,</ManufacturerName>
      <ManufactureCountry>לא ידוע</ManufactureCountry>
      <ManufacturerItemDescription>אלפלפא</ManufacturerItemDescription>
      <UnitQty>Unknown </UnitQty>
      <Quantity>0.00</Quantity>
      <UnitOfMeasure>Unknown </UnitOfMeasure>
      <bIsWeighted>0</bIsWeighted>
      <QtyInPackage>1</QtyInPackage>
      <ItemPrice>5.90</ItemPrice>
      <UnitOfMeasurePrice>0.0000</UnitOfMeasurePrice>
      <AllowDiscount>1</AllowDiscount>
      <ItemStatus>1</ItemStatus>
      <ItemId>241072</ItemId>
    </Item>
    <Item>
      <PriceUpdateDate>2015-09-21 08:48:23</PriceUpdateDate>
      <ItemCode>64144090020</ItemCode>
      <ItemType>0</ItemType>
      <ItemName>תרסיס שמן זית 148 גר</ItemName>
      <ManufacturerName>קונגרה</ManufacturerName>
      <ManufactureCountry>ארצות הברית</ManufactureCountry>
      <ManufacturerItemDescription>תרסיס שמן זית 148 גרם</ManufacturerItemDescription>
      <UnitQty>מיליליטרים</UnitQty>
      <Quantity>148.00</Quantity>
      <UnitOfMeasure>100 מ"ל</UnitOfMeasure>
      <bIsWeighted>0</bIsWeighted>
      <QtyInPackage>1</QtyInPackage>
      <ItemPrice>16.90</ItemPrice>
      <UnitOfMeasurePrice>11.4189</UnitOfMeasurePrice>
      <AllowDiscount>1</AllowDiscount>
      <ItemStatus>1</ItemStatus>
      <ItemId>241098</ItemId>
    </Item>
    <Item>
      <PriceUpdateDate>2015-09-21 08:48:23</PriceUpdateDate>
      <ItemCode>64144090013</ItemCode>
      <ItemType>0</ItemType>
      <ItemName>תרסיס שמן חמאה 148 ג</ItemName>
      <ManufacturerName>קונגרה</ManufacturerName>
      <ManufactureCountry>ארצות הברית</ManufactureCountry>
      <ManufacturerItemDescription>תרסיס שמן חמאה 148 גרם</ManufacturerItemDescription>
      <UnitQty>מיליליטרים</UnitQty>
      <Quantity>148.00</Quantity>
      <UnitOfMeasure>100 מ"ל</UnitOfMeasure>
      <bIsWeighted>0</bIsWeighted>
      <QtyInPackage>1</QtyInPackage>
      <ItemPrice>16.90</ItemPrice>
      <UnitOfMeasurePrice>11.4189</UnitOfMeasurePrice>
      <AllowDiscount>1</AllowDiscount>
      <ItemStatus>1</ItemStatus>
      <ItemId>241099</ItemId>
    </Item>
    <Item>
      <PriceUpdateDate>2015-01-01 00:00:00</PriceUpdateDate>
      <ItemCode>7290102394821</ItemCode>
      <ItemType>0</ItemType>
      <ItemName>גבינה צהובה נעם 28%</ItemName>
      <ManufacturerName>טרה</ManufacturerName>
      <ManufactureCountry>לא ידוע</ManufactureCountry>
      <ManufacturerItemDescription>גבינה צהובה אדם 28% 200 גרם דק דק</ManufacturerItemDescription>
      <UnitQty>גרמים</UnitQty>
      <Quantity>200.00</Quantity>
      <UnitOfMeasure>100 גרם</UnitOfMeasure>
      <bIsWeighted>0</bIsWeighted>
      <QtyInPackage>1</QtyInPackage>
      <ItemPrice>11.90</ItemPrice>
      <UnitOfMeasurePrice>5.9500</UnitOfMeasurePrice>
      <AllowDiscount>1</AllowDiscount>
      <ItemStatus>1</ItemStatus>
      <ItemId>241109</ItemId>
    </Item>
    <Item>
      <PriceUpdateDate>2015-10-25 16:03:49</PriceUpdateDate>
      <ItemCode>7290108350586</ItemCode>
      <ItemType>1</ItemType>
      <ItemName>נוזל כלים סנו ספארק</ItemName>
      <ManufacturerName>סנו</ManufacturerName>
      <ManufactureCountry>לא ידוע</ManufactureCountry>
      <ManufacturerItemDescription>נוזל כלים סנו ספארק בניחוח לימון 1.5 ליט</ManufacturerItemDescription>
      <UnitQty>ליטרים</UnitQty>
      <Quantity>1.50</Quantity>
      <UnitOfMeasure>ליטר    </UnitOfMeasure>
      <bIsWeighted>0</bIsWeighted>
      <QtyInPackage>1</QtyInPackage>
      <ItemPrice>11.90</ItemPrice>
      <UnitOfMeasurePrice>7.9333</UnitOfMeasurePrice>
      <AllowDiscount>1</AllowDiscount>
      <ItemStatus>1</ItemStatus>
      <ItemId>265620</ItemId>
    </Item>
    <Item>
      <PriceUpdateDate>2015-07-08 15:31:21</PriceUpdateDate>
      <ItemCode>7290102394814</ItemCode>
      <ItemType>0</ItemType>
      <ItemName>חמאה 200 גרם</ItemName>
      <ManufacturerName>,</ManufacturerName>
      <ManufactureCountry>לא ידוע</ManufactureCountry>
      <ManufacturerItemDescription>חמאה 200 גרם</ManufacturerItemDescription>
      <UnitQty>גרמים</UnitQty>
      <Quantity>200.00</Quantity>
      <UnitOfMeasure>100 גרם</UnitOfMeasure>
      <bIsWeighted>0</bIsWeighted>
      <QtyInPackage>1</QtyInPackage>
      <ItemPrice>7.50</ItemPrice>
      <UnitOfMeasurePrice>3.7500</UnitOfMeasurePrice>
      <AllowDiscount>1</AllowDiscount>
      <ItemStatus>1</ItemStatus>
      <ItemId>241117</ItemId>
    </Item>
    <Item>
      <PriceUpdateDate>2015-01-01 00:00:00</PriceUpdateDate>
      <ItemCode>7290013702494</ItemCode>
      <ItemType>0</ItemType>
      <ItemName>שוופס למון ליים 1.5</ItemName>
      <ManufacturerName>יפאורה תבורי</ManufacturerName>
      <ManufactureCountry>לא ידוע</ManufactureCountry>
      <ManufacturerItemDescription>שוופס למון ליים 1.5 ליטר</ManufacturerItemDescription>
      <UnitQty>ליטרים</UnitQty>
      <Quantity>1.50</Quantity>
      <UnitOfMeasure>ליטר    </UnitOfMeasure>
      <bIsWeighted>0</bIsWeighted>
      <QtyInPackage>1</QtyInPackage>
      <ItemPrice>6.50</ItemPrice>
      <UnitOfMeasurePrice>4.3333</UnitOfMeasurePrice>
      <AllowDiscount>1</AllowDiscount>
      <ItemStatus>1</ItemStatus>
      <ItemId>241118</ItemId>
    </Item>
    <Item>
      <PriceUpdateDate>2016-02-22 15:11:05</PriceUpdateDate>
      <ItemCode>7290107872744</ItemCode>
      <ItemType>0</ItemType>
      <ItemName>מאגדת מיניונים 4 יח</ItemName>
      <ManufacturerName>גלידות נסטלה</ManufacturerName>
      <ManufactureCountry>ישראל</ManufactureCountry>
      <ManufacturerItemDescription>מאגדת מיניונים 4 יח</ManufacturerItemDescription>
      <UnitQty>גרמים</UnitQty>
      <Quantity>320.00</Quantity>
      <UnitOfMeasure>100 גרם</UnitOfMeasure>
      <bIsWeighted>0</bIsWeighted>
      <QtyInPackage>1</QtyInPackage>
      <ItemPrice>18.90</ItemPrice>
      <UnitOfMeasurePrice>5.9062</UnitOfMeasurePrice>
      <AllowDiscount>1</AllowDiscount>
      <ItemStatus>1</ItemStatus>
      <ItemId>267005</ItemId>
    </Item>
    <Item>
      <PriceUpdateDate>2015-11-15 17:16:05</PriceUpdateDate>
      <ItemCode>7290107934367</ItemCode>
      <ItemType>0</ItemType>
      <ItemName>מארז דנונה אקטיביה 0</ItemName>
      <ManufacturerName>שטראוס</ManufacturerName>
      <ManufactureCountry>לא ידוע</ManufactureCountry>
      <ManufacturerItemDescription>מאר דנונה אקטיביה 0% 4*150 מ"ל</ManufacturerItemDescription>
      <UnitQty>מיליליטרים</UnitQty>
      <Quantity>600.00</Quantity>
      <UnitOfMeasure>100 מ"ל</UnitOfMeasure>
      <bIsWeighted>0</bIsWeighted>
      <QtyInPackage>1</QtyInPackage>
      <ItemPrice>9.90</ItemPrice>
      <UnitOfMeasurePrice>1.6500</UnitOfMeasurePrice>
      <AllowDiscount>1</AllowDiscount>
      <ItemStatus>1</ItemStatus>
      <ItemId>265819</ItemId>
    </Item>
    <Item>
      <PriceUpdateDate>2015-01-01 00:00:00</PriceUpdateDate>
      <ItemCode>2107798</ItemCode>
      <ItemType>0</ItemType>
      <ItemName>גבינה בולגרית 5% מעו</ItemName>
      <ManufacturerName>מחלבת משק צוריאל</ManufacturerName>
      <ManufactureCountry>לא ידוע</ManufactureCountry>
      <ManufacturerItemDescription>גבינה בולגרית 5% מעודנת 250 גרם</ManufacturerItemDescription>
      <UnitQty>גרמים</UnitQty>
      <Quantity>250.00</Quantity>
      <UnitOfMeasure>100 גרם</UnitOfMeasure>
      <bIsWeighted>0</bIsWeighted>
      <QtyInPackage>1</QtyInPackage>
      <ItemPrice>21.80</ItemPrice>
      <UnitOfMeasurePrice>8.7200</UnitOfMeasurePrice>
      <AllowDiscount>1</AllowDiscount>
      <ItemStatus>1</ItemStatus>
      <ItemId>241131</ItemId>
    </Item>
    <Item>
      <PriceUpdateDate>2015-01-01 00:00:00</PriceUpdateDate>
      <ItemCode>7290010193844</ItemCode>
      <ItemType>0</ItemType>
      <ItemName>טבעות עוף 1.8 ק"ג</ItemName>
      <ManufacturerName>מ ב גלאט עוף למהדרין</ManufacturerName>
      <ManufactureCountry>ישראל</ManufactureCountry>
      <ManufacturerItemDescription>טבעות עוף 1.8 קג</ManufacturerItemDescription>
      <UnitQty>קילוגרמים</UnitQty>
      <Quantity>1.80</Quantity>
      <UnitOfMeasure>ק"ג     </UnitOfMeasure>
      <bIsWeighted>0</bIsWeighted>
      <QtyInPackage>1</QtyInPackage>
      <ItemPrice>49.90</ItemPrice>
      <UnitOfMeasurePrice>27.7222</UnitOfMeasurePrice>
      <AllowDiscount>1</AllowDiscount>
      <ItemStatus>1</ItemStatus>
      <ItemId>246977</ItemId>
    </Item>
    <Item>
      <PriceUpdateDate>2015-01-01 00:00:00</PriceUpdateDate>
      <ItemCode>6265500</ItemCode>
      <ItemType>0</ItemType>
      <ItemName>פטריות שמפיניון ארוז</ItemName>
      <ManufacturerName>,</ManufacturerName>
      <ManufactureCountry>לא ידוע</ManufactureCountry>
      <ManufacturerItemDescription>פטריות שמפיניון ארוז</ManufacturerItemDescription>
      <UnitQty>Unknown </UnitQty>
      <Quantity>0.00</Quantity>
      <UnitOfMeasure>Unknown </UnitOfMeasure>
      <bIsWeighted>0</bIsWeighted>
      <QtyInPackage>1</QtyInPackage>
      <ItemPrice>8.90</ItemPrice>
      <UnitOfMeasurePrice>0.0000</UnitOfMeasurePrice>
      <AllowDiscount>1</AllowDiscount>
      <ItemStatus>1</ItemStatus>
      <ItemId>241147</ItemId>
    </Item>
    <Item>
      <PriceUpdateDate>2015-12-11 08:07:20</PriceUpdateDate>
      <ItemCode>7290100927670</ItemCode>
      <ItemType>0</ItemType>
      <ItemName>מ.כביסה סוד מקס ירוק</ItemName>
      <ManufacturerName>הנקל סוד</ManufacturerName>
      <ManufactureCountry>לא ידוע</ManufactureCountry>
      <ManufacturerItemDescription>מ.כביסה סוד מקס ירוק 1 ליטר</ManufacturerItemDescription>
      <UnitQty>ליטרים</UnitQty>
      <Quantity>1.00</Quantity>
      <UnitOfMeasure>ליטר    </UnitOfMeasure>
      <bIsWeighted>0</bIsWeighted>
      <QtyInPackage>1</QtyInPackage>
      <ItemPrice>9.90</ItemPrice>
      <UnitOfMeasurePrice>9.9000</UnitOfMeasurePrice>
      <AllowDiscount>1</AllowDiscount>
      <ItemStatus>1</ItemStatus>
      <ItemId>241149</ItemId>
    </Item>
    <Item>
      <PriceUpdateDate>2015-01-01 00:00:00</PriceUpdateDate>
      <ItemCode>3087952</ItemCode>
      <ItemType>0</ItemType>
      <ItemName>מאגדת בולי עשיריות</ItemName>
      <ManufacturerName>א מ חטיפי העמק בעמ</ManufacturerName>
      <ManufactureCountry>לא ידוע</ManufactureCountry>
      <ManufacturerItemDescription>מאגדת בולי עשיריות 10*25 גרם</ManufacturerItemDescription>
      <UnitQty>גרמים</UnitQty>
      <Quantity>250.00</Quantity>
      <UnitOfMeasure>100 גרם</UnitOfMeasure>
      <bIsWeighted>0</bIsWeighted>
      <QtyInPackage>1</QtyInPackage>
      <ItemPrice>8.00</ItemPrice>
      <UnitOfMeasurePrice>3.2000</UnitOfMeasurePrice>
      <AllowDiscount>1</AllowDiscount>
      <ItemStatus>1</ItemStatus>
      <ItemId>241150</ItemId>
    </Item>
    <Item>
      <PriceUpdateDate>2015-01-01 00:00:00</PriceUpdateDate>
      <ItemCode>7290013267078</ItemCode>
      <ItemType>0</ItemType>
      <ItemName>מאגדת לייט מיני אוכמ</ItemName>
      <ManufacturerName>שטראוס</ManufacturerName>
      <ManufactureCountry>ישראל</ManufactureCountry>
      <ManufacturerItemDescription>מאגדת לייט מיני אוכמניות</ManufacturerItemDescription>
      <UnitQty>גרמים</UnitQty>
      <Quantity>234.00</Quantity>
      <UnitOfMeasure>100 גרם</UnitOfMeasure>
      <bIsWeighted>0</bIsWeighted>
      <QtyInPackage>לא ידוע</QtyInPackage>
      <ItemPrice>19.90</ItemPrice>
      <UnitOfMeasurePrice>8.5043</UnitOfMeasurePrice>
      <AllowDiscount>1</AllowDiscount>
      <ItemStatus>1</ItemStatus>
      <ItemId>241156</ItemId>
    </Item>
    <Item>
      <PriceUpdateDate>2015-09-01 11:01:45</PriceUpdateDate>
      <ItemCode>7290107641098</ItemCode>
      <ItemType>0</ItemType>
      <ItemName>שמפו פינוק למניעת קש</ItemName>
      <ManufacturerName>יוניליוור</ManufacturerName>
      <ManufactureCountry>ישראל</ManufactureCountry>
      <ManufacturerItemDescription>שמפו פינוק למניעת קשקשים בתוספת תמציות</ManufacturerItemDescription>
      <UnitQty>מיליליטרים</UnitQty>
      <Quantity>700.00</Quantity>
      <UnitOfMeasure>100 מ"ל</UnitOfMeasure>
      <bIsWeighted>0</bIsWeighted>
      <QtyInPackage>1</QtyInPackage>
      <ItemPrice>8.30</ItemPrice>
      <UnitOfMeasurePrice>1.1857</UnitOfMeasurePrice>
      <AllowDiscount>1</AllowDiscount>
      <ItemStatus>1</ItemStatus>
      <ItemId>265174</ItemId>
    </Item>
    <Item>
      <PriceUpdateDate>2016-01-03 12:17:03</PriceUpdateDate>
      <ItemCode>7290107971621</ItemCode>
      <ItemType>1</ItemType>
      <ItemName>מארז רביעיית ספיד סט</ItemName>
      <ManufacturerName>קולגייט פלמוליב</ManufacturerName>
      <ManufactureCountry>לא ידוע</ManufactureCountry>
      <ManufacturerItemDescription>מארז רביעיית ספיד סטיק גל לגבר</ManufacturerItemDescription>
      <UnitQty>גרמים</UnitQty>
      <Quantity>380.00</Quantity>
      <UnitOfMeasure>100 גרם</UnitOfMeasure>
      <bIsWeighted>0</bIsWeighted>
      <QtyInPackage>1</QtyInPackage>
      <ItemPrice>58.90</ItemPrice>
      <UnitOfMeasurePrice>15.5000</UnitOfMeasurePrice>
      <AllowDiscount>1</AllowDiscount>
      <ItemStatus>1</ItemStatus>
      <ItemId>266343</ItemId>
    </Item>
    <Item>
      <PriceUpdateDate>2015-01-01 00:00:00</PriceUpdateDate>
      <ItemCode>659312</ItemCode>
      <ItemType>0</ItemType>
      <ItemName>פילה סלמון פרימיום -</ItemName>
      <ManufacturerName>תנובה</ManufacturerName>
      <ManufactureCountry>ישראל</ManufactureCountry>
      <ManufacturerItemDescription>פילה סלמון פרימיום - רובין</ManufacturerItemDescription>
      <UnitQty>קילוגרמים</UnitQty>
      <Quantity>1.00</Quantity>
      <UnitOfMeasure>ק"ג</UnitOfMeasure>
      <bIsWeighted>1</bIsWeighted>
      <QtyInPackage>1</QtyInPackage>
      <ItemPrice>64.90</ItemPrice>
      <UnitOfMeasurePrice>64.9000</UnitOfMeasurePrice>
      <AllowDiscount>1</AllowDiscount>
      <ItemStatus>1</ItemStatus>
      <ItemId>241208</ItemId>
    </Item>
    <Item>
      <PriceUpdateDate>2015-06-21 08:56:10</PriceUpdateDate>
      <ItemCode>7290013625731</ItemCode>
      <ItemType>0</ItemType>
      <ItemName>סוכריות קופצות 18 יח</ItemName>
      <ManufacturerName>,</ManufacturerName>
      <ManufactureCountry>לא ידוע</ManufactureCountry>
      <ManufacturerItemDescription>סוכריות קופצות 18 יח אריזה משפחתית</ManufacturerItemDescription>
      <UnitQty>גרמים</UnitQty>
      <Quantity>420.00</Quantity>
      <UnitOfMeasure>100 גרם</UnitOfMeasure>
      <bIsWeighted>0</bIsWeighted>
      <QtyInPackage>1</QtyInPackage>
      <ItemPrice>21.90</ItemPrice>
      <UnitOfMeasurePrice>5.2143</UnitOfMeasurePrice>
      <AllowDiscount>1</AllowDiscount>
      <ItemStatus>1</ItemStatus>
      <ItemId>241228</ItemId>
    </Item>
    <Item>
      <PriceUpdateDate>2015-11-29 10:21:31</PriceUpdateDate>
      <ItemCode>7290006859211</ItemCode>
      <ItemType>1</ItemType>
      <ItemName>וודקה גנסיס קליר 700</ItemName>
      <ManufacturerName>,</ManufacturerName>
      <ManufactureCountry>לא ידוע</ManufactureCountry>
      <ManufacturerItemDescription>וודקה גנסיס קליר 700 מל</ManufacturerItemDescription>
      <UnitQty>מיליליטרים</UnitQty>
      <Quantity>700.00</Quantity>
      <UnitOfMeasure>100 מ"ל</UnitOfMeasure>
      <bIsWeighted>0</bIsWeighted>
      <QtyInPackage>1</QtyInPackage>
      <ItemPrice>39.90</ItemPrice>
      <UnitOfMeasurePrice>5.7000</UnitOfMeasurePrice>
      <AllowDiscount>1</AllowDiscount>
      <ItemStatus>1</ItemStatus>
      <ItemId>264203</ItemId>
    </Item>
    <Item>
      <PriceUpdateDate>2015-01-01 00:00:00</PriceUpdateDate>
      <ItemCode>7290013625922</ItemCode>
      <ItemType>0</ItemType>
      <ItemName>אטריות דקות 400 גרם</ItemName>
      <ManufacturerName>,</ManufacturerName>
      <ManufactureCountry>לא ידוע</ManufactureCountry>
      <ManufacturerItemDescription>אטריות דקות 400 גרם</ManufacturerItemDescription>
      <UnitQty>גרמים</UnitQty>
      <Quantity>400.00</Quantity>
      <UnitOfMeasure>100 גרם</UnitOfMeasure>
      <bIsWeighted>0</bIsWeighted>
      <QtyInPackage>1</QtyInPackage>
      <ItemPrice>4.90</ItemPrice>
      <UnitOfMeasurePrice>1.2250</UnitOfMeasurePrice>
      <AllowDiscount>1</AllowDiscount>
      <ItemStatus>1</ItemStatus>
      <ItemId>241230</ItemId>
    </Item>
    <Item>
      <PriceUpdateDate>2015-01-01 00:00:00</PriceUpdateDate>
      <ItemCode>7290013625939</ItemCode>
      <ItemType>0</ItemType>
      <ItemName>אטריות דקיקות 400 גר</ItemName>
      <ManufacturerName>,</ManufacturerName>
      <ManufactureCountry>לא ידוע</ManufactureCountry>
      <ManufacturerItemDescription>אטריות דקיקות 400 גרם</ManufacturerItemDescription>
      <UnitQty>גרמים</UnitQty>
      <Quantity>400.00</Quantity>
      <UnitOfMeasure>100 גרם</UnitOfMeasure>
      <bIsWeighted>0</bIsWeighted>
      <QtyInPackage>1</QtyInPackage>
      <ItemPrice>4.90</ItemPrice>
      <UnitOfMeasurePrice>1.2250</UnitOfMeasurePrice>
      <AllowDiscount>1</AllowDiscount>
      <ItemStatus>1</ItemStatus>
      <ItemId>241231</ItemId>
    </Item>
    <Item>
      <PriceUpdateDate>2015-01-01 00:00:00</PriceUpdateDate>
      <ItemCode>87752013151</ItemCode>
      <ItemType>0</ItemType>
      <ItemName>יין הרצוג גניס בלאק</ItemName>
      <ManufacturerName>,</ManufacturerName>
      <ManufactureCountry>לא ידוע</ManufactureCountry>
      <ManufacturerItemDescription>יין הרצוג גניס בלאק מוסקט 750 מ"ל</ManufacturerItemDescription>
      <UnitQty>מיליליטרים</UnitQty>
      <Quantity>750.00</Quantity>
      <UnitOfMeasure>100 מ"ל</UnitOfMeasure>
      <bIsWeighted>0</bIsWeighted>
      <QtyInPackage>1</QtyInPackage>
      <ItemPrice>48.90</ItemPrice>
      <UnitOfMeasurePrice>6.5200</UnitOfMeasurePrice>
      <AllowDiscount>1</AllowDiscount>
      <ItemStatus>1</ItemStatus>
      <ItemId>241237</ItemId>
    </Item>
    <Item>
      <PriceUpdateDate>2015-01-01 00:00:00</PriceUpdateDate>
      <ItemCode>87752002544</ItemCode>
      <ItemType>0</ItemType>
      <ItemName>יין ברון הרצוג זינפנ</ItemName>
      <ManufacturerName>,</ManufacturerName>
      <ManufactureCountry>לא ידוע</ManufactureCountry>
      <ManufacturerItemDescription>יין ברון הרצוג זינפנדל לבן 750 מ"ל</ManufacturerItemDescription>
      <UnitQty>מיליליטרים</UnitQty>
      <Quantity>750.00</Quantity>
      <UnitOfMeasure>100 מ"ל</UnitOfMeasure>
      <bIsWeighted>0</bIsWeighted>
      <QtyInPackage>1</QtyInPackage>
      <ItemPrice>39.90</ItemPrice>
      <UnitOfMeasurePrice>5.3200</UnitOfMeasurePrice>
      <AllowDiscount>1</AllowDiscount>
      <ItemStatus>1</ItemStatus>
      <ItemId>241238</ItemId>
    </Item>
    <Item>
      <PriceUpdateDate>2015-01-01 00:00:00</PriceUpdateDate>
      <ItemCode>2109013</ItemCode>
      <ItemType>0</ItemType>
      <ItemName>קבב מזרחי 400 גרם נת</ItemName>
      <ManufacturerName>טיבון ויל</ManufacturerName>
      <ManufactureCountry>לא ידוע</ManufactureCountry>
      <ManufacturerItemDescription>קבב מזרחי 400 גרם נתח בקר</ManufacturerItemDescription>
      <UnitQty>גרמים</UnitQty>
      <Quantity>400.00</Quantity>
      <UnitOfMeasure>100 גרם</UnitOfMeasure>
      <bIsWeighted>0</bIsWeighted>
      <QtyInPackage>1</QtyInPackage>
      <ItemPrice>9.90</ItemPrice>
      <UnitOfMeasurePrice>2.4750</UnitOfMeasurePrice>
      <AllowDiscount>1</AllowDiscount>
      <ItemStatus>1</ItemStatus>
      <ItemId>241254</ItemId>
    </Item>
    <Item>
      <PriceUpdateDate>2015-01-01 00:00:00</PriceUpdateDate>
      <ItemCode>2109044</ItemCode>
      <ItemType>0</ItemType>
      <ItemName>הודו טחון 500 גרם נת</ItemName>
      <ManufacturerName>טיבון ויל</ManufacturerName>
      <ManufactureCountry>לא ידוע</ManufactureCountry>
      <ManufacturerItemDescription>הודו טחון 500 גרם נתח הודו</ManufacturerItemDescription>
      <UnitQty>גרמים</UnitQty>
      <Quantity>500.00</Quantity>
      <UnitOfMeasure>100 גרם</UnitOfMeasure>
      <bIsWeighted>0</bIsWeighted>
      <QtyInPackage>1</QtyInPackage>
      <ItemPrice>8.90</ItemPrice>
      <UnitOfMeasurePrice>1.7800</UnitOfMeasurePrice>
      <AllowDiscount>1</AllowDiscount>
      <ItemStatus>1</ItemStatus>
      <ItemId>241255</ItemId>
    </Item>
    <Item>
      <PriceUpdateDate>2015-01-01 00:00:00</PriceUpdateDate>
      <ItemCode>2109037</ItemCode>
      <ItemType>0</ItemType>
      <ItemName>טחון עוף 500 גרם נתח</ItemName>
      <ManufacturerName>טיבון ויל</ManufacturerName>
      <ManufactureCountry>לא ידוע</ManufactureCountry>
      <ManufacturerItemDescription>טחון עוף 500 גרם נתח עוף</ManufacturerItemDescription>
      <UnitQty>גרמים</UnitQty>
      <Quantity>500.00</Quantity>
      <UnitOfMeasure>100 גרם</UnitOfMeasure>
      <bIsWeighted>0</bIsWeighted>
      <QtyInPackage>1</QtyInPackage>
      <ItemPrice>8.90</ItemPrice>
      <UnitOfMeasurePrice>1.7800</UnitOfMeasurePrice>
      <AllowDiscount>1</AllowDiscount>
      <ItemStatus>1</ItemStatus>
      <ItemId>241256</ItemId>
    </Item>
    <Item>
      <PriceUpdateDate>2015-01-01 00:00:00</PriceUpdateDate>
      <ItemCode>2109051</ItemCode>
      <ItemType>0</ItemType>
      <ItemName>טחון בקר 500 גרם נתח</ItemName>
      <ManufacturerName>טיבון ויל</ManufacturerName>
      <ManufactureCountry>לא ידוע</ManufactureCountry>
      <ManufacturerItemDescription>טחון בקר 500 גרם נתח בקר</ManufacturerItemDescription>
      <UnitQty>גרמים</UnitQty>
      <Quantity>500.00</Quantity>
      <UnitOfMeasure>100 גרם</UnitOfMeasure>
      <bIsWeighted>0</bIsWeighted>
      <QtyInPackage>1</QtyInPackage>
      <ItemPrice>10.90</ItemPrice>
      <UnitOfMeasurePrice>2.1800</UnitOfMeasurePrice>
      <AllowDiscount>1</AllowDiscount>
      <ItemStatus>1</ItemStatus>
      <ItemId>241257</ItemId>
    </Item>
    <Item>
      <PriceUpdateDate>2015-01-01 00:00:00</PriceUpdateDate>
      <ItemCode>2109020</ItemCode>
      <ItemType>0</ItemType>
      <ItemName>המבורגר 500 גרם נתח</ItemName>
      <ManufacturerName>טיבון ויל</ManufacturerName>
      <ManufactureCountry>לא ידוע</ManufactureCountry>
      <ManufacturerItemDescription>המבורגר 500 גרם נתח בקר</ManufacturerItemDescription>
      <UnitQty>גרמים</UnitQty>
      <Quantity>500.00</Quantity>
      <UnitOfMeasure>100 גרם</UnitOfMeasure>
      <bIsWeighted>0</bIsWeighted>
      <QtyInPackage>1</QtyInPackage>
      <ItemPrice>10.90</ItemPrice>
      <UnitOfMeasurePrice>2.1800</UnitOfMeasurePrice>
      <AllowDiscount>1</AllowDiscount>
      <ItemStatus>1</ItemStatus>
      <ItemId>241272</ItemId>
    </Item>
    <Item>
      <PriceUpdateDate>2015-01-01 00:00:00</PriceUpdateDate>
      <ItemCode>9720188060108</ItemCode>
      <ItemType>0</ItemType>
      <ItemName>ממרח טופו בטעם שמנת</ItemName>
      <ManufacturerName>מחלבת משק צוריאל</ManufacturerName>
      <ManufactureCountry>לא ידוע</ManufactureCountry>
      <ManufacturerItemDescription>ממרח טופו בטעם שמנת 340 גרם טופוטי</ManufacturerItemDescription>
      <UnitQty>גרמים</UnitQty>
      <Quantity>340.00</Quantity>
      <UnitOfMeasure>100 גרם</UnitOfMeasure>
      <bIsWeighted>0</bIsWeighted>
      <QtyInPackage>1</QtyInPackage>
      <ItemPrice>18.90</ItemPrice>
      <UnitOfMeasurePrice>5.5588</UnitOfMeasurePrice>
      <AllowDiscount>1</AllowDiscount>
      <ItemStatus>1</ItemStatus>
      <ItemId>241297</ItemId>
    </Item>
    <Item>
      <PriceUpdateDate>2015-06-23 11:01:48</PriceUpdateDate>
      <ItemCode>7290013540898</ItemCode>
      <ItemType>1</ItemType>
      <ItemName>מארז 1/4 טונה דיאמונ</ItemName>
      <ManufacturerName>,</ManufacturerName>
      <ManufactureCountry>לא ידוע</ManufactureCountry>
      <ManufacturerItemDescription>מארז 1/4 טונה דיאמונד</ManufacturerItemDescription>
      <UnitQty>Unknown </UnitQty>
      <Quantity>0.00</Quantity>
      <UnitOfMeasure>Unknown </UnitOfMeasure>
      <bIsWeighted>0</bIsWeighted>
      <QtyInPackage>1</QtyInPackage>
      <ItemPrice>14.90</ItemPrice>
      <UnitOfMeasurePrice>0.0000</UnitOfMeasurePrice>
      <AllowDiscount>1</AllowDiscount>
      <ItemStatus>1</ItemStatus>
      <ItemId>264204</ItemId>
    </Item>
    <Item>
      <PriceUpdateDate>2016-06-29 12:40:33</PriceUpdateDate>
      <ItemCode>7290016334180</ItemCode>
      <ItemType>1</ItemType>
      <ItemName>מלפפון בייבי שף</ItemName>
      <ManufacturerName>,</ManufacturerName>
      <ManufactureCountry>לא ידוע</ManufactureCountry>
      <ManufacturerItemDescription>מלפפון בייבי שף</ManufacturerItemDescription>
      <UnitQty>Unknown </UnitQty>
      <Quantity>0.00</Quantity>
      <UnitOfMeasure>Unknown </UnitOfMeasure>
      <bIsWeighted>0</bIsWeighted>
      <QtyInPackage>1</QtyInPackage>
      <ItemPrice>7.90</ItemPrice>
      <UnitOfMeasurePrice>0.0000</UnitOfMeasurePrice>
      <AllowDiscount>1</AllowDiscount>
      <ItemStatus>1</ItemStatus>
      <ItemId>268712</ItemId>
    </Item>
    <Item>
      <PriceUpdateDate>2016-03-28 18:06:18</PriceUpdateDate>
      <ItemCode>7290009000573</ItemCode>
      <ItemType>1</ItemType>
      <ItemName>צילי טריפל</ItemName>
      <ManufacturerName>,</ManufacturerName>
      <ManufactureCountry>לא ידוע</ManufactureCountry>
      <ManufacturerItemDescription>צילי טריפל</ManufacturerItemDescription>
      <UnitQty>Unknown </UnitQty>
      <Quantity>0.00</Quantity>
      <UnitOfMeasure>Unknown </UnitOfMeasure>
      <bIsWeighted>0</bIsWeighted>
      <QtyInPackage>1</QtyInPackage>
      <ItemPrice>6.90</ItemPrice>
      <UnitOfMeasurePrice>0.0000</UnitOfMeasurePrice>
      <AllowDiscount>1</AllowDiscount>
      <ItemStatus>1</ItemStatus>
      <ItemId>267604</ItemId>
    </Item>
    <Item>
      <PriceUpdateDate>2016-05-11 10:11:13</PriceUpdateDate>
      <ItemCode>7290108355017</ItemCode>
      <ItemType>0</ItemType>
      <ItemName>מרכך מיניונים נקה קי</ItemName>
      <ManufacturerName>נקה 7</ManufacturerName>
      <ManufactureCountry>לא ידוע</ManufactureCountry>
      <ManufacturerItemDescription>מרכך מיניונים נקה קידס 750 מ"ל</ManufacturerItemDescription>
      <UnitQty>מיליליטרים</UnitQty>
      <Quantity>750.00</Quantity>
      <UnitOfMeasure>100 מ"ל</UnitOfMeasure>
      <bIsWeighted>0</bIsWeighted>
      <QtyInPackage>1</QtyInPackage>
      <ItemPrice>9.90</ItemPrice>
      <UnitOfMeasurePrice>1.3200</UnitOfMeasurePrice>
      <AllowDiscount>1</AllowDiscount>
      <ItemStatus>1</ItemStatus>
      <ItemId>268105</ItemId>
    </Item>
    <Item>
      <PriceUpdateDate>2016-02-25 16:26:03</PriceUpdateDate>
      <ItemCode>7290012372964</ItemCode>
      <ItemType>1</ItemType>
      <ItemName>קמח מלא 1 ק"ג 70%</ItemName>
      <ManufacturerName>,</ManufacturerName>
      <ManufactureCountry>לא ידוע</ManufactureCountry>
      <ManufacturerItemDescription>קמח רימונים מלא 70% 1 ק"ג</ManufacturerItemDescription>
      <UnitQty>קילוגרמים</UnitQty>
      <Quantity>1.00</Quantity>
      <UnitOfMeasure>ק"ג     </UnitOfMeasure>
      <bIsWeighted>0</bIsWeighted>
      <QtyInPackage>1</QtyInPackage>
      <ItemPrice>7.90</ItemPrice>
      <UnitOfMeasurePrice>7.9000</UnitOfMeasurePrice>
      <AllowDiscount>1</AllowDiscount>
      <ItemStatus>1</ItemStatus>
      <ItemId>267042</ItemId>
    </Item>
    <Item>
      <PriceUpdateDate>2015-06-30 08:24:26</PriceUpdateDate>
      <ItemCode>56944</ItemCode>
      <ItemType>0</ItemType>
      <ItemName>מאגדת שוקו 2*1 ליטר</ItemName>
      <ManufacturerName>תנובה מרכז שיתופי לש</ManufacturerName>
      <ManufactureCountry>לא ידוע</ManufactureCountry>
      <ManufacturerItemDescription>מאגדת שוקו 2*1 ליטר</ManufacturerItemDescription>
      <UnitQty>ליטרים</UnitQty>
      <Quantity>2.00</Quantity>
      <UnitOfMeasure>ליטר    </UnitOfMeasure>
      <bIsWeighted>0</bIsWeighted>
      <QtyInPackage>1</QtyInPackage>
      <ItemPrice>18.90</ItemPrice>
      <UnitOfMeasurePrice>9.4500</UnitOfMeasurePrice>
      <AllowDiscount>1</AllowDiscount>
      <ItemStatus>1</ItemStatus>
      <ItemId>241458</ItemId>
    </Item>
    <Item>
      <PriceUpdateDate>2015-01-01 00:00:00</PriceUpdateDate>
      <ItemCode>7290106652514</ItemCode>
      <ItemType>0</ItemType>
      <ItemName>בפלות וניל קראנץ 300</ItemName>
      <ManufacturerName>עלית</ManufacturerName>
      <ManufactureCountry>ישראל</ManufactureCountry>
      <ManufacturerItemDescription>בפלות וניל קראנץ 300 גרם בדצ</ManufacturerItemDescription>
      <UnitQty>גרמים</UnitQty>
      <Quantity>300.00</Quantity>
      <UnitOfMeasure>100 גרם</UnitOfMeasure>
      <bIsWeighted>0</bIsWeighted>
      <QtyInPackage>1</QtyInPackage>
      <ItemPrice>4.50</ItemPrice>
      <UnitOfMeasurePrice>1.5000</UnitOfMeasurePrice>
      <AllowDiscount>1</AllowDiscount>
      <ItemStatus>1</ItemStatus>
      <ItemId>248415</ItemId>
    </Item>
    <Item>
      <PriceUpdateDate>2016-03-31 16:51:09</PriceUpdateDate>
      <ItemCode>7290016188615</ItemCode>
      <ItemType>0</ItemType>
      <ItemName>מיץ ענבים תירוש אדום</ItemName>
      <ManufacturerName>יקבי כרמל</ManufacturerName>
      <ManufactureCountry>לא ידוע</ManufactureCountry>
      <ManufacturerItemDescription>מיץ ענבים תירוש אדום 1 ליטר</ManufacturerItemDescription>
      <UnitQty>ליטרים</UnitQty>
      <Quantity>1.00</Quantity>
      <UnitOfMeasure>ליטר    </UnitOfMeasure>
      <bIsWeighted>0</bIsWeighted>
      <QtyInPackage>1</QtyInPackage>
      <ItemPrice>16.90</ItemPrice>
      <UnitOfMeasurePrice>16.9000</UnitOfMeasurePrice>
      <AllowDiscount>1</AllowDiscount>
      <ItemStatus>1</ItemStatus>
      <ItemId>267663</ItemId>
    </Item>
    <Item>
      <PriceUpdateDate>2015-01-01 00:00:00</PriceUpdateDate>
      <ItemCode>7290014339040</ItemCode>
      <ItemType>0</ItemType>
      <ItemName>בצק עלים 1 ק"ג שף הב</ItemName>
      <ManufacturerName>,</ManufacturerName>
      <ManufactureCountry>לא ידוע</ManufactureCountry>
      <ManufacturerItemDescription>בצק עלים 1 ק"ג שף הבצק</ManufacturerItemDescription>
      <UnitQty>קילוגרמים</UnitQty>
      <Quantity>1.00</Quantity>
      <UnitOfMeasure>ק"ג     </UnitOfMeasure>
      <bIsWeighted>0</bIsWeighted>
      <QtyInPackage>1</QtyInPackage>
      <ItemPrice>8.80</ItemPrice>
      <UnitOfMeasurePrice>8.8000</UnitOfMeasurePrice>
      <AllowDiscount>1</AllowDiscount>
      <ItemStatus>1</ItemStatus>
      <ItemId>241506</ItemId>
    </Item>
    <Item>
      <PriceUpdateDate>2015-01-01 00:00:00</PriceUpdateDate>
      <ItemCode>57934</ItemCode>
      <ItemType>0</ItemType>
      <ItemName>שוקו 1 ליטר בד"צ העד</ItemName>
      <ManufacturerName>תנובה מרכז שיתופי לש</ManufacturerName>
      <ManufactureCountry>לא ידוע</ManufactureCountry>
      <ManufacturerItemDescription>שוקו 1 ליטר בד"צ העד"ח</ManufacturerItemDescription>
      <UnitQty>ליטרים</UnitQty>
      <Quantity>1.00</Quantity>
      <UnitOfMeasure>ליטר    </UnitOfMeasure>
      <bIsWeighted>0</bIsWeighted>
      <QtyInPackage>1</QtyInPackage>
      <ItemPrice>11.90</ItemPrice>
      <UnitOfMeasurePrice>11.9000</UnitOfMeasurePrice>
      <AllowDiscount>1</AllowDiscount>
      <ItemStatus>1</ItemStatus>
      <ItemId>241589</ItemId>
    </Item>
    <Item>
      <PriceUpdateDate>2015-01-01 00:00:00</PriceUpdateDate>
      <ItemCode>7290014472600</ItemCode>
      <ItemType>0</ItemType>
      <ItemName>סוכריות גומי חמצוצים</ItemName>
      <ManufacturerName>דין שיווק</ManufacturerName>
      <ManufactureCountry>לא ידוע</ManufactureCountry>
      <ManufacturerItemDescription>סוכריות גומי חמצוצים תות וניל 288 גרם</ManufacturerItemDescription>
      <UnitQty>גרמים</UnitQty>
      <Quantity>0.00</Quantity>
      <UnitOfMeasure>100 גרם</UnitOfMeasure>
      <bIsWeighted>0</bIsWeighted>
      <QtyInPackage>1</QtyInPackage>
      <ItemPrice>6.90</ItemPrice>
      <UnitOfMeasurePrice>0.0000</UnitOfMeasurePrice>
      <AllowDiscount>1</AllowDiscount>
      <ItemStatus>1</ItemStatus>
      <ItemId>249305</ItemId>
    </Item>
    <Item>
      <PriceUpdateDate>2015-12-02 13:25:18</PriceUpdateDate>
      <ItemCode>4009300522898</ItemCode>
      <ItemType>0</ItemType>
      <ItemName>תה ירוק פומפדור קמומ</ItemName>
      <ManufacturerName>TEEKANNE- POMPADOU</ManufacturerName>
      <ManufactureCountry>גרמניה</ManufactureCountry>
      <ManufacturerItemDescription>תה ירוק פומפדור קמומיל מנטה 30 גרם</ManufacturerItemDescription>
      <UnitQty>גרמים</UnitQty>
      <Quantity>30.00</Quantity>
      <UnitOfMeasure>100 גרם</UnitOfMeasure>
      <bIsWeighted>0</bIsWeighted>
      <QtyInPackage>1</QtyInPackage>
      <ItemPrice>17.90</ItemPrice>
      <UnitOfMeasurePrice>59.6667</UnitOfMeasurePrice>
      <AllowDiscount>1</AllowDiscount>
      <ItemStatus>1</ItemStatus>
      <ItemId>248984</ItemId>
    </Item>
    <Item>
      <PriceUpdateDate>2016-03-31 17:41:12</PriceUpdateDate>
      <ItemCode>7290016188714</ItemCode>
      <ItemType>0</ItemType>
      <ItemName>יין קינג דיוויד קונק</ItemName>
      <ManufacturerName>יקבי כרמל</ManufacturerName>
      <ManufactureCountry>ישראל</ManufactureCountry>
      <ManufacturerItemDescription>יין קינג דיוויד קונקורד 750 מ"ל</ManufacturerItemDescription>
      <UnitQty>מיליליטרים</UnitQty>
      <Quantity>750.00</Quantity>
      <UnitOfMeasure>100 מ"ל</UnitOfMeasure>
      <bIsWeighted>0</bIsWeighted>
      <QtyInPackage>1</QtyInPackage>
      <ItemPrice>19.90</ItemPrice>
      <UnitOfMeasurePrice>2.6533</UnitOfMeasurePrice>
      <AllowDiscount>1</AllowDiscount>
      <ItemStatus>1</ItemStatus>
      <ItemId>267664</ItemId>
    </Item>
    <Item>
      <PriceUpdateDate>2016-06-15 13:26:32</PriceUpdateDate>
      <ItemCode>4731076</ItemCode>
      <ItemType>0</ItemType>
      <ItemName>אלסבון כיף אלוורה 1</ItemName>
      <ManufacturerName>,</ManufacturerName>
      <ManufactureCountry>לא ידוע</ManufactureCountry>
      <ManufacturerItemDescription>אלסבון כיף אלוורה 1 ליטר</ManufacturerItemDescription>
      <UnitQty>ליטרים</UnitQty>
      <Quantity>1.00</Quantity>
      <UnitOfMeasure>ליטר    </UnitOfMeasure>
      <bIsWeighted>0</bIsWeighted>
      <QtyInPackage>1</QtyInPackage>
      <ItemPrice>10.90</ItemPrice>
      <UnitOfMeasurePrice>10.9000</UnitOfMeasurePrice>
      <AllowDiscount>1</AllowDiscount>
      <ItemStatus>1</ItemStatus>
      <ItemId>241645</ItemId>
    </Item>
    <Item>
      <PriceUpdateDate>2015-09-01 09:40:05</PriceUpdateDate>
      <ItemCode>5424694</ItemCode>
      <ItemType>0</ItemType>
      <ItemName>תחליב רחצה קרמה קלאס</ItemName>
      <ManufacturerName>קוסמופארם</ManufacturerName>
      <ManufactureCountry>לא ידוע</ManufactureCountry>
      <ManufacturerItemDescription>תחליב רחצה קרמה קלאסי 750 מ"ל</ManufacturerItemDescription>
      <UnitQty>מיליליטרים</UnitQty>
      <Quantity>750.00</Quantity>
      <UnitOfMeasure>100 מ"ל</UnitOfMeasure>
      <bIsWeighted>0</bIsWeighted>
      <QtyInPackage>1</QtyInPackage>
      <ItemPrice>14.90</ItemPrice>
      <UnitOfMeasurePrice>1.9867</UnitOfMeasurePrice>
      <AllowDiscount>1</AllowDiscount>
      <ItemStatus>1</ItemStatus>
      <ItemId>241647</ItemId>
    </Item>
    <Item>
      <PriceUpdateDate>2015-09-01 09:40:06</PriceUpdateDate>
      <ItemCode>5427923</ItemCode>
      <ItemType>0</ItemType>
      <ItemName>תחליב רחצה קרמה פסיפ</ItemName>
      <ManufacturerName>קוסמופארם</ManufacturerName>
      <ManufactureCountry>לא ידוע</ManufactureCountry>
      <ManufacturerItemDescription>תחליב רחצה קרמה פסיפלורה 750 מ"ל</ManufacturerItemDescription>
      <UnitQty>מיליליטרים</UnitQty>
      <Quantity>750.00</Quantity>
      <UnitOfMeasure>100 מ"ל</UnitOfMeasure>
      <bIsWeighted>0</bIsWeighted>
      <QtyInPackage>1</QtyInPackage>
      <ItemPrice>14.90</ItemPrice>
      <UnitOfMeasurePrice>1.9867</UnitOfMeasurePrice>
      <AllowDiscount>1</AllowDiscount>
      <ItemStatus>1</ItemStatus>
      <ItemId>241666</ItemId>
    </Item>
    <Item>
      <PriceUpdateDate>2015-01-01 00:00:00</PriceUpdateDate>
      <ItemCode>7290105180339</ItemCode>
      <ItemType>0</ItemType>
      <ItemName>בקבוק ספורט יוקרתי ע</ItemName>
      <ManufacturerName>אריסטוקרט</ManufacturerName>
      <ManufactureCountry>תאילנד</ManufactureCountry>
      <ManufacturerItemDescription>בקבוק ספורט יוקרתי עם קש נשלף</ManufacturerItemDescription>
      <UnitQty>Unknown </UnitQty>
      <Quantity>0.00</Quantity>
      <UnitOfMeasure>Unknown </UnitOfMeasure>
      <bIsWeighted>0</bIsWeighted>
      <QtyInPackage>1</QtyInPackage>
      <ItemPrice>15.90</ItemPrice>
      <UnitOfMeasurePrice>0.0000</UnitOfMeasurePrice>
      <AllowDiscount>1</AllowDiscount>
      <ItemStatus>1</ItemStatus>
      <ItemId>241695</ItemId>
    </Item>
    <Item>
      <PriceUpdateDate>2015-01-01 00:00:00</PriceUpdateDate>
      <ItemCode>7290105180322</ItemCode>
      <ItemType>0</ItemType>
      <ItemName>בקבוק ספורט קלאסי</ItemName>
      <ManufacturerName>אריסטוקרט</ManufacturerName>
      <ManufactureCountry>ישראל</ManufactureCountry>
      <ManufacturerItemDescription>בקבוק ספורט קלאסי</ManufacturerItemDescription>
      <UnitQty>Unknown </UnitQty>
      <Quantity>0.00</Quantity>
      <UnitOfMeasure>Unknown </UnitOfMeasure>
      <bIsWeighted>0</bIsWeighted>
      <QtyInPackage>1</QtyInPackage>
      <ItemPrice>9.90</ItemPrice>
      <UnitOfMeasurePrice>0.0000</UnitOfMeasurePrice>
      <AllowDiscount>1</AllowDiscount>
      <ItemStatus>1</ItemStatus>
      <ItemId>241696</ItemId>
    </Item>
    <Item>
      <PriceUpdateDate>2015-01-01 00:00:00</PriceUpdateDate>
      <ItemCode>1855232</ItemCode>
      <ItemType>0</ItemType>
      <ItemName>שמן למאור 1 ליטר</ItemName>
      <ManufacturerName>ירושלים שיווק שמן זי</ManufacturerName>
      <ManufactureCountry>ישראל</ManufactureCountry>
      <ManufacturerItemDescription>שמן למאור 1 ליטר</ManufacturerItemDescription>
      <UnitQty>ליטרים</UnitQty>
      <Quantity>1.00</Quantity>
      <UnitOfMeasure>ליטר    </UnitOfMeasure>
      <bIsWeighted>0</bIsWeighted>
      <QtyInPackage>1</QtyInPackage>
      <ItemPrice>9.90</ItemPrice>
      <UnitOfMeasurePrice>9.9000</UnitOfMeasurePrice>
      <AllowDiscount>1</AllowDiscount>
      <ItemStatus>1</ItemStatus>
      <ItemId>243786</ItemId>
    </Item>
    <Item>
      <PriceUpdateDate>2015-07-09 11:42:34</PriceUpdateDate>
      <ItemCode>3029907</ItemCode>
      <ItemType>0</ItemType>
      <ItemName>אייס קפה יטבתה 1 ליט</ItemName>
      <ManufacturerName>שטראוס</ManufacturerName>
      <ManufactureCountry>ישראל</ManufactureCountry>
      <ManufacturerItemDescription>אייס קפה יטבתה 1 ליטר בקבוק מהדרין</ManufacturerItemDescription>
      <UnitQty>ליטרים</UnitQty>
      <Quantity>1.00</Quantity>
      <UnitOfMeasure>ליטר    </UnitOfMeasure>
      <bIsWeighted>0</bIsWeighted>
      <QtyInPackage>1</QtyInPackage>
      <ItemPrice>11.50</ItemPrice>
      <UnitOfMeasurePrice>11.5000</UnitOfMeasurePrice>
      <AllowDiscount>1</AllowDiscount>
      <ItemStatus>1</ItemStatus>
      <ItemId>241754</ItemId>
    </Item>
    <Item>
      <PriceUpdateDate>2015-07-09 11:42:34</PriceUpdateDate>
      <ItemCode>3029372</ItemCode>
      <ItemType>0</ItemType>
      <ItemName>משקה בננה יטבתה 1 לי</ItemName>
      <ManufacturerName>שטראוס</ManufacturerName>
      <ManufactureCountry>ישראל</ManufactureCountry>
      <ManufacturerItemDescription>משקה בננה יטבתה 1 ליטר בקבוק מהדרין</ManufacturerItemDescription>
      <UnitQty>ליטרים</UnitQty>
      <Quantity>1.00</Quantity>
      <UnitOfMeasure>ליטר    </UnitOfMeasure>
      <bIsWeighted>0</bIsWeighted>
      <QtyInPackage>1</QtyInPackage>
      <ItemPrice>11.50</ItemPrice>
      <UnitOfMeasurePrice>11.5000</UnitOfMeasurePrice>
      <AllowDiscount>1</AllowDiscount>
      <ItemStatus>1</ItemStatus>
      <ItemId>241755</ItemId>
    </Item>
    <Item>
      <PriceUpdateDate>2015-07-09 11:42:34</PriceUpdateDate>
      <ItemCode>3029532</ItemCode>
      <ItemType>0</ItemType>
      <ItemName>משקה מוקה יטבתה 1 לי</ItemName>
      <ManufacturerName>שטראוס</ManufacturerName>
      <ManufactureCountry>ישראל</ManufactureCountry>
      <ManufacturerItemDescription>משקה מוקה יטבתה 1 ליטר בקבוק מהדרין</ManufacturerItemDescription>
      <UnitQty>ליטרים</UnitQty>
      <Quantity>1.00</Quantity>
      <UnitOfMeasure>ליטר    </UnitOfMeasure>
      <bIsWeighted>0</bIsWeighted>
      <QtyInPackage>1</QtyInPackage>
      <ItemPrice>11.50</ItemPrice>
      <UnitOfMeasurePrice>11.5000</UnitOfMeasurePrice>
      <AllowDiscount>1</AllowDiscount>
      <ItemStatus>1</ItemStatus>
      <ItemId>241756</ItemId>
    </Item>
    <Item>
      <PriceUpdateDate>2015-01-01 00:00:00</PriceUpdateDate>
      <ItemCode>7290010153503</ItemCode>
      <ItemType>0</ItemType>
      <ItemName>שעועית ענק 400 גרם</ItemName>
      <ManufacturerName>מיה תעשיות מזון בעמ</ManufacturerName>
      <ManufactureCountry>ישראל</ManufactureCountry>
      <ManufacturerItemDescription>שעועית ענק 400 גרם</ManufacturerItemDescription>
      <UnitQty>גרמים</UnitQty>
      <Quantity>400.00</Quantity>
      <UnitOfMeasure>100 גרם</UnitOfMeasure>
      <bIsWeighted>0</bIsWeighted>
      <QtyInPackage>1</QtyInPackage>
      <ItemPrice>9.90</ItemPrice>
      <UnitOfMeasurePrice>2.4750</UnitOfMeasurePrice>
      <AllowDiscount>1</AllowDiscount>
      <ItemStatus>1</ItemStatus>
      <ItemId>241780</ItemId>
    </Item>
    <Item>
      <PriceUpdateDate>2015-01-01 00:00:00</PriceUpdateDate>
      <ItemCode>3321155</ItemCode>
      <ItemType>0</ItemType>
      <ItemName>דנונה בר פקאן סיני מ</ItemName>
      <ManufacturerName>שטראוס</ManufacturerName>
      <ManufactureCountry>לא ידוע</ManufactureCountry>
      <ManufacturerItemDescription>דנונה פקאן סיני מצופה 175 מ"ל</ManufacturerItemDescription>
      <UnitQty>מיליליטרים</UnitQty>
      <Quantity>175.00</Quantity>
      <UnitOfMeasure>100 מ"ל</UnitOfMeasure>
      <bIsWeighted>0</bIsWeighted>
      <QtyInPackage>1</QtyInPackage>
      <ItemPrice>4.30</ItemPrice>
      <UnitOfMeasurePrice>2.4571</UnitOfMeasurePrice>
      <AllowDiscount>1</AllowDiscount>
      <ItemStatus>1</ItemStatus>
      <ItemId>241795</ItemId>
    </Item>
    <Item>
      <PriceUpdateDate>2015-01-01 00:00:00</PriceUpdateDate>
      <ItemCode>408354</ItemCode>
      <ItemType>0</ItemType>
      <ItemName>דנונה בר עם פיצפוצי</ItemName>
      <ManufacturerName>שטראוס</ManufacturerName>
      <ManufactureCountry>לא ידוע</ManufactureCountry>
      <ManufacturerItemDescription>דנונה עם פיצפוצי שוקו 200 מ"ל</ManufacturerItemDescription>
      <UnitQty>מיליליטרים</UnitQty>
      <Quantity>175.00</Quantity>
      <UnitOfMeasure>100 מ"ל</UnitOfMeasure>
      <bIsWeighted>0</bIsWeighted>
      <QtyInPackage>1</QtyInPackage>
      <ItemPrice>4.30</ItemPrice>
      <UnitOfMeasurePrice>2.4571</UnitOfMeasurePrice>
      <AllowDiscount>1</AllowDiscount>
      <ItemStatus>1</ItemStatus>
      <ItemId>241798</ItemId>
    </Item>
    <Item>
      <PriceUpdateDate>2016-02-11 13:41:38</PriceUpdateDate>
      <ItemCode>4137021</ItemCode>
      <ItemType>0</ItemType>
      <ItemName>שמנת לבישול 10% שומן</ItemName>
      <ManufacturerName>תנובה מרכז שיתופי לש</ManufacturerName>
      <ManufactureCountry>לא ידוע</ManufactureCountry>
      <ManufacturerItemDescription>שמנת לבישול 10% שומן 250 מ"ל</ManufacturerItemDescription>
      <UnitQty>מיליליטרים</UnitQty>
      <Quantity>250.00</Quantity>
      <UnitOfMeasure>100 מ"ל</UnitOfMeasure>
      <bIsWeighted>0</bIsWeighted>
      <QtyInPackage>1</QtyInPackage>
      <ItemPrice>7.80</ItemPrice>
      <UnitOfMeasurePrice>3.1200</UnitOfMeasurePrice>
      <AllowDiscount>1</AllowDiscount>
      <ItemStatus>1</ItemStatus>
      <ItemId>241803</ItemId>
    </Item>
    <Item>
      <PriceUpdateDate>2015-01-01 00:00:00</PriceUpdateDate>
      <ItemCode>48437</ItemCode>
      <ItemType>0</ItemType>
      <ItemName>גבינה צפתית 5% פיראו</ItemName>
      <ManufacturerName>תנובה מרכז שיתופי לש</ManufacturerName>
      <ManufactureCountry>לא ידוע</ManufactureCountry>
      <ManufacturerItemDescription>גבינה צפתית 5% פיראוס 200 גרם</ManufacturerItemDescription>
      <UnitQty>גרמים</UnitQty>
      <Quantity>200.00</Quantity>
      <UnitOfMeasure>100 גרם</UnitOfMeasure>
      <bIsWeighted>0</bIsWeighted>
      <QtyInPackage>1</QtyInPackage>
      <ItemPrice>13.90</ItemPrice>
      <UnitOfMeasurePrice>6.9500</UnitOfMeasurePrice>
      <AllowDiscount>1</AllowDiscount>
      <ItemStatus>1</ItemStatus>
      <ItemId>241809</ItemId>
    </Item>
    <Item>
      <PriceUpdateDate>2015-01-01 00:00:00</PriceUpdateDate>
      <ItemCode>6492432</ItemCode>
      <ItemType>0</ItemType>
      <ItemName>גבינת מוצרלה בייבי 1</ItemName>
      <ManufacturerName>מחלבות גד</ManufacturerName>
      <ManufactureCountry>ישראל</ManufactureCountry>
      <ManufacturerItemDescription>גבינת מוצרלה בייבי 150 גרם מהדרין</ManufacturerItemDescription>
      <UnitQty>גרמים</UnitQty>
      <Quantity>170.00</Quantity>
      <UnitOfMeasure>100 גרם</UnitOfMeasure>
      <bIsWeighted>0</bIsWeighted>
      <QtyInPackage>1</QtyInPackage>
      <ItemPrice>9.90</ItemPrice>
      <UnitOfMeasurePrice>5.8235</UnitOfMeasurePrice>
      <AllowDiscount>1</AllowDiscount>
      <ItemStatus>1</ItemStatus>
      <ItemId>241810</ItemId>
    </Item>
    <Item>
      <PriceUpdateDate>2015-01-01 00:00:00</PriceUpdateDate>
      <ItemCode>6664655</ItemCode>
      <ItemType>0</ItemType>
      <ItemName>אקטימל לבן 8*100 מ"ל</ItemName>
      <ManufacturerName>שטראוס</ManufacturerName>
      <ManufactureCountry>לא ידוע</ManufactureCountry>
      <ManufacturerItemDescription>אקטימל טבעי 8*100 מ"ל</ManufacturerItemDescription>
      <UnitQty>מיליליטרים</UnitQty>
      <Quantity>800.00</Quantity>
      <UnitOfMeasure>100 מ"ל</UnitOfMeasure>
      <bIsWeighted>0</bIsWeighted>
      <QtyInPackage>1</QtyInPackage>
      <ItemPrice>19.90</ItemPrice>
      <UnitOfMeasurePrice>2.4875</UnitOfMeasurePrice>
      <AllowDiscount>1</AllowDiscount>
      <ItemStatus>1</ItemStatus>
      <ItemId>241814</ItemId>
    </Item>
    <Item>
      <PriceUpdateDate>2015-06-30 12:13:09</PriceUpdateDate>
      <ItemCode>7290013117526</ItemCode>
      <ItemType>0</ItemType>
      <ItemName>בצק שמרים למאפים מתו</ItemName>
      <ManufacturerName>מעדנות</ManufacturerName>
      <ManufactureCountry>לא ידוע</ManufactureCountry>
      <ManufacturerItemDescription>בצק שמרים למאפים מתוקים 900 גרם</ManufacturerItemDescription>
      <UnitQty>גרמים</UnitQty>
      <Quantity>900.00</Quantity>
      <UnitOfMeasure>100 גרם</UnitOfMeasure>
      <bIsWeighted>0</bIsWeighted>
      <QtyInPackage>1</QtyInPackage>
      <ItemPrice>20.90</ItemPrice>
      <UnitOfMeasurePrice>2.3222</UnitOfMeasurePrice>
      <AllowDiscount>1</AllowDiscount>
      <ItemStatus>1</ItemStatus>
      <ItemId>241856</ItemId>
    </Item>
    <Item>
      <PriceUpdateDate>2015-01-01 00:00:00</PriceUpdateDate>
      <ItemCode>7290102031276</ItemCode>
      <ItemType>0</ItemType>
      <ItemName>אקטימל תות בננה 8*10</ItemName>
      <ManufacturerName>שטראוס</ManufacturerName>
      <ManufactureCountry>ישראל</ManufactureCountry>
      <ManufacturerItemDescription>אקטימל תות בננה 8*100 מל</ManufacturerItemDescription>
      <UnitQty>מיליליטרים</UnitQty>
      <Quantity>800.00</Quantity>
      <UnitOfMeasure>100 מ"ל</UnitOfMeasure>
      <bIsWeighted>0</bIsWeighted>
      <QtyInPackage>8</QtyInPackage>
      <ItemPrice>19.90</ItemPrice>
      <UnitOfMeasurePrice>2.4875</UnitOfMeasurePrice>
      <AllowDiscount>1</AllowDiscount>
      <ItemStatus>1</ItemStatus>
      <ItemId>241860</ItemId>
    </Item>
    <Item>
      <PriceUpdateDate>2015-01-01 00:00:00</PriceUpdateDate>
      <ItemCode>4220013</ItemCode>
      <ItemType>0</ItemType>
      <ItemName>טחון בקר 1 ק"ג קהילו</ItemName>
      <ManufacturerName>,</ManufacturerName>
      <ManufactureCountry>לא ידוע</ManufactureCountry>
      <ManufacturerItemDescription>טחון בקר 1 ק"ג קהילות</ManufacturerItemDescription>
      <UnitQty>קילוגרמים</UnitQty>
      <Quantity>1.00</Quantity>
      <UnitOfMeasure>ק"ג     </UnitOfMeasure>
      <bIsWeighted>0</bIsWeighted>
      <QtyInPackage>1</QtyInPackage>
      <ItemPrice>39.90</ItemPrice>
      <UnitOfMeasurePrice>39.9000</UnitOfMeasurePrice>
      <AllowDiscount>1</AllowDiscount>
      <ItemStatus>1</ItemStatus>
      <ItemId>241878</ItemId>
    </Item>
    <Item>
      <PriceUpdateDate>2015-01-01 00:00:00</PriceUpdateDate>
      <ItemCode>5000146048671</ItemCode>
      <ItemType>0</ItemType>
      <ItemName>סילבו מטליות לניקוי</ItemName>
      <ManufacturerName>RB פורטוגל</ManufacturerName>
      <ManufactureCountry>פורטוגל</ManufactureCountry>
      <ManufacturerItemDescription>סילבו מטליות לניקוי והברקה</ManufacturerItemDescription>
      <UnitQty>Unknown </UnitQty>
      <Quantity>0.00</Quantity>
      <UnitOfMeasure>Unknown </UnitOfMeasure>
      <bIsWeighted>0</bIsWeighted>
      <QtyInPackage>1</QtyInPackage>
      <ItemPrice>14.90</ItemPrice>
      <UnitOfMeasurePrice>0.0000</UnitOfMeasurePrice>
      <AllowDiscount>1</AllowDiscount>
      <ItemStatus>1</ItemStatus>
      <ItemId>244795</ItemId>
    </Item>
    <Item>
      <PriceUpdateDate>2015-01-01 00:00:00</PriceUpdateDate>
      <ItemCode>4685089</ItemCode>
      <ItemType>0</ItemType>
      <ItemName>לחם הארץ חמניות  100</ItemName>
      <ManufacturerName>מאפית י את א ברמן בע</ManufacturerName>
      <ManufactureCountry>לא ידוע</ManufactureCountry>
      <ManufacturerItemDescription>לחם הארץ חמניות  100%</ManufacturerItemDescription>
      <UnitQty>גרמים</UnitQty>
      <Quantity>500.00</Quantity>
      <UnitOfMeasure>100 גרם</UnitOfMeasure>
      <bIsWeighted>0</bIsWeighted>
      <QtyInPackage>1</QtyInPackage>
      <ItemPrice>14.90</ItemPrice>
      <UnitOfMeasurePrice>2.9800</UnitOfMeasurePrice>
      <AllowDiscount>1</AllowDiscount>
      <ItemStatus>1</ItemStatus>
      <ItemId>241891</ItemId>
    </Item>
    <Item>
      <PriceUpdateDate>2015-01-01 00:00:00</PriceUpdateDate>
      <ItemCode>41570054130</ItemCode>
      <ItemType>0</ItemType>
      <ItemName>חלב שקדים לא ממותק ל</ItemName>
      <ManufacturerName>,</ManufacturerName>
      <ManufactureCountry>לא ידוע</ManufactureCountry>
      <ManufacturerItemDescription>חלב שקדים לא ממותק ללא גלוטן 946 מ"ל</ManufacturerItemDescription>
      <UnitQty>גרמים</UnitQty>
      <Quantity>946.00</Quantity>
      <UnitOfMeasure>100 גרם</UnitOfMeasure>
      <bIsWeighted>0</bIsWeighted>
      <QtyInPackage>1</QtyInPackage>
      <ItemPrice>18.90</ItemPrice>
      <UnitOfMeasurePrice>1.9979</UnitOfMeasurePrice>
      <AllowDiscount>1</AllowDiscount>
      <ItemStatus>1</ItemStatus>
      <ItemId>241898</ItemId>
    </Item>
    <Item>
      <PriceUpdateDate>2015-01-01 00:00:00</PriceUpdateDate>
      <ItemCode>34000544028</ItemCode>
      <ItemType>0</ItemType>
      <ItemName>ליקוריץ טוויזלרס תות</ItemName>
      <ManufacturerName>הרשי שוקולד</ManufacturerName>
      <ManufactureCountry>ארצות הברית</ManufactureCountry>
      <ManufacturerItemDescription>ליקוריץ טוויזלרס תות 198 גרם</ManufacturerItemDescription>
      <UnitQty>גרמים</UnitQty>
      <Quantity>198.00</Quantity>
      <UnitOfMeasure>100 גרם</UnitOfMeasure>
      <bIsWeighted>0</bIsWeighted>
      <QtyInPackage>1</QtyInPackage>
      <ItemPrice>6.90</ItemPrice>
      <UnitOfMeasurePrice>3.4848</UnitOfMeasurePrice>
      <AllowDiscount>1</AllowDiscount>
      <ItemStatus>1</ItemStatus>
      <ItemId>241904</ItemId>
    </Item>
    <Item>
      <PriceUpdateDate>2015-01-01 00:00:00</PriceUpdateDate>
      <ItemCode>7290010486076</ItemCode>
      <ItemType>0</ItemType>
      <ItemName>מאפינס שוקוציפס עם ס</ItemName>
      <ManufacturerName>,</ManufacturerName>
      <ManufactureCountry>לא ידוע</ManufactureCountry>
      <ManufacturerItemDescription>מאפינס שוקוציפס עם סוכר ללא גלוטן 225 גר</ManufacturerItemDescription>
      <UnitQty>גרמים</UnitQty>
      <Quantity>240.00</Quantity>
      <UnitOfMeasure>100 גרם</UnitOfMeasure>
      <bIsWeighted>0</bIsWeighted>
      <QtyInPackage>1</QtyInPackage>
      <ItemPrice>17.90</ItemPrice>
      <UnitOfMeasurePrice>7.4583</UnitOfMeasurePrice>
      <AllowDiscount>1</AllowDiscount>
      <ItemStatus>1</ItemStatus>
      <ItemId>241906</ItemId>
    </Item>
    <Item>
      <PriceUpdateDate>2015-01-01 00:00:00</PriceUpdateDate>
      <ItemCode>7290010486106</ItemCode>
      <ItemType>0</ItemType>
      <ItemName>מאפינס שוקולד עם סוכ</ItemName>
      <ManufacturerName>,</ManufacturerName>
      <ManufactureCountry>לא ידוע</ManufactureCountry>
      <ManufacturerItemDescription>מאפינס שוקולד עם סוכר ללא גלוטן 225 גר</ManufacturerItemDescription>
      <UnitQty>גרמים</UnitQty>
      <Quantity>240.00</Quantity>
      <UnitOfMeasure>100 גרם</UnitOfMeasure>
      <bIsWeighted>0</bIsWeighted>
      <QtyInPackage>1</QtyInPackage>
      <ItemPrice>17.90</ItemPrice>
      <UnitOfMeasurePrice>7.4583</UnitOfMeasurePrice>
      <AllowDiscount>1</AllowDiscount>
      <ItemStatus>1</ItemStatus>
      <ItemId>241907</ItemId>
    </Item>
    <Item>
      <PriceUpdateDate>2015-01-01 00:00:00</PriceUpdateDate>
      <ItemCode>7290014016781</ItemCode>
      <ItemType>0</ItemType>
      <ItemName>עוגיות מרוקאיות ל. ס</ItemName>
      <ManufacturerName>,</ManufacturerName>
      <ManufactureCountry>לא ידוע</ManufactureCountry>
      <ManufacturerItemDescription>עוגיות מרוקאיות ל. סוכר ללא גלוטן 200 גר</ManufacturerItemDescription>
      <UnitQty>גרמים</UnitQty>
      <Quantity>200.00</Quantity>
      <UnitOfMeasure>100 גרם</UnitOfMeasure>
      <bIsWeighted>0</bIsWeighted>
      <QtyInPackage>1</QtyInPackage>
      <ItemPrice>19.90</ItemPrice>
      <UnitOfMeasurePrice>9.9500</UnitOfMeasurePrice>
      <AllowDiscount>1</AllowDiscount>
      <ItemStatus>1</ItemStatus>
      <ItemId>241914</ItemId>
    </Item>
    <Item>
      <PriceUpdateDate>2015-01-01 00:00:00</PriceUpdateDate>
      <ItemCode>7290014017009</ItemCode>
      <ItemType>0</ItemType>
      <ItemName>קמח אורז לבן ללא גלו</ItemName>
      <ManufacturerName>,</ManufacturerName>
      <ManufactureCountry>לא ידוע</ManufactureCountry>
      <ManufacturerItemDescription>קמח אורז לבן ללא גלוטן  500 גרם</ManufacturerItemDescription>
      <UnitQty>גרמים</UnitQty>
      <Quantity>500.00</Quantity>
      <UnitOfMeasure>100 גרם</UnitOfMeasure>
      <bIsWeighted>0</bIsWeighted>
      <QtyInPackage>1</QtyInPackage>
      <ItemPrice>8.90</ItemPrice>
      <UnitOfMeasurePrice>1.7800</UnitOfMeasurePrice>
      <AllowDiscount>1</AllowDiscount>
      <ItemStatus>1</ItemStatus>
      <ItemId>241917</ItemId>
    </Item>
    <Item>
      <PriceUpdateDate>2015-01-01 00:00:00</PriceUpdateDate>
      <ItemCode>7290014017054</ItemCode>
      <ItemType>0</ItemType>
      <ItemName>קמח תירס ללא גלוטן</ItemName>
      <ManufacturerName>,</ManufacturerName>
      <ManufactureCountry>לא ידוע</ManufactureCountry>
      <ManufacturerItemDescription>קמח תירס ללא גלוטן 500 גרם</ManufacturerItemDescription>
      <UnitQty>גרמים</UnitQty>
      <Quantity>500.00</Quantity>
      <UnitOfMeasure>100 גרם</UnitOfMeasure>
      <bIsWeighted>0</bIsWeighted>
      <QtyInPackage>1</QtyInPackage>
      <ItemPrice>8.90</ItemPrice>
      <UnitOfMeasurePrice>1.7800</UnitOfMeasurePrice>
      <AllowDiscount>1</AllowDiscount>
      <ItemStatus>1</ItemStatus>
      <ItemId>241918</ItemId>
    </Item>
    <Item>
      <PriceUpdateDate>2015-01-01 00:00:00</PriceUpdateDate>
      <ItemCode>7290014017320</ItemCode>
      <ItemType>0</ItemType>
      <ItemName>אבקת מרק עוף ללא גלו</ItemName>
      <ManufacturerName>,</ManufacturerName>
      <ManufactureCountry>לא ידוע</ManufactureCountry>
      <ManufacturerItemDescription>אבקת מרק עוף ללא גלוטן 400 גרם</ManufacturerItemDescription>
      <UnitQty>גרמים</UnitQty>
      <Quantity>400.00</Quantity>
      <UnitOfMeasure>100 גרם</UnitOfMeasure>
      <bIsWeighted>0</bIsWeighted>
      <QtyInPackage>1</QtyInPackage>
      <ItemPrice>19.90</ItemPrice>
      <UnitOfMeasurePrice>4.9750</UnitOfMeasurePrice>
      <AllowDiscount>1</AllowDiscount>
      <ItemStatus>1</ItemStatus>
      <ItemId>241921</ItemId>
    </Item>
    <Item>
      <PriceUpdateDate>2015-01-01 00:00:00</PriceUpdateDate>
      <ItemCode>7290014017344</ItemCode>
      <ItemType>0</ItemType>
      <ItemName>אבקת מרק םטריות ללא</ItemName>
      <ManufacturerName>,</ManufacturerName>
      <ManufactureCountry>לא ידוע</ManufactureCountry>
      <ManufacturerItemDescription>אבקת מרק םטריות ללא גלוטן 400 גרם</ManufacturerItemDescription>
      <UnitQty>גרמים</UnitQty>
      <Quantity>400.00</Quantity>
      <UnitOfMeasure>100 גרם</UnitOfMeasure>
      <bIsWeighted>0</bIsWeighted>
      <QtyInPackage>1</QtyInPackage>
      <ItemPrice>19.90</ItemPrice>
      <UnitOfMeasurePrice>4.9750</UnitOfMeasurePrice>
      <AllowDiscount>1</AllowDiscount>
      <ItemStatus>1</ItemStatus>
      <ItemId>241924</ItemId>
    </Item>
    <Item>
      <PriceUpdateDate>2015-01-01 00:00:00</PriceUpdateDate>
      <ItemCode>7290105367600</ItemCode>
      <ItemType>0</ItemType>
      <ItemName>דנונה פרי בתחתית דיא</ItemName>
      <ManufacturerName>שטראוס</ManufacturerName>
      <ManufactureCountry>ישראל</ManufactureCountry>
      <ManufacturerItemDescription>דנונה פרי בתחתית דיאט אוכמניות 3%</ManufacturerItemDescription>
      <UnitQty>מיליליטרים</UnitQty>
      <Quantity>175.00</Quantity>
      <UnitOfMeasure>100 מ"ל</UnitOfMeasure>
      <bIsWeighted>0</bIsWeighted>
      <QtyInPackage>1</QtyInPackage>
      <ItemPrice>4.50</ItemPrice>
      <UnitOfMeasurePrice>2.5714</UnitOfMeasurePrice>
      <AllowDiscount>1</AllowDiscount>
      <ItemStatus>1</ItemStatus>
      <ItemId>241941</ItemId>
    </Item>
    <Item>
      <PriceUpdateDate>2016-03-15 08:56:08</PriceUpdateDate>
      <ItemCode>769904001062</ItemCode>
      <ItemType>1</ItemType>
      <ItemName>פסטה צבעונית 180 גרם</ItemName>
      <ManufacturerName>,</ManufacturerName>
      <ManufactureCountry>לא ידוע</ManufactureCountry>
      <ManufacturerItemDescription>פסטה צבעונית 180 גרם כשל"פ</ManufacturerItemDescription>
      <UnitQty>גרמים</UnitQty>
      <Quantity>180.00</Quantity>
      <UnitOfMeasure>100 גרם</UnitOfMeasure>
      <bIsWeighted>0</bIsWeighted>
      <QtyInPackage>1</QtyInPackage>
      <ItemPrice>9.90</ItemPrice>
      <UnitOfMeasurePrice>5.5000</UnitOfMeasurePrice>
      <AllowDiscount>1</AllowDiscount>
      <ItemStatus>1</ItemStatus>
      <ItemId>267370</ItemId>
    </Item>
    <Item>
      <PriceUpdateDate>2016-06-29 12:15:32</PriceUpdateDate>
      <ItemCode>7290106662193</ItemCode>
      <ItemType>0</ItemType>
      <ItemName>רולדת טוויסט 350 גרם</ItemName>
      <ManufacturerName>עלית</ManufacturerName>
      <ManufactureCountry>ישראל</ManufactureCountry>
      <ManufacturerItemDescription>רולדת טוויסט 350 גרם</ManufacturerItemDescription>
      <UnitQty>גרמים</UnitQty>
      <Quantity>350.00</Quantity>
      <UnitOfMeasure>100 גרם</UnitOfMeasure>
      <bIsWeighted>0</bIsWeighted>
      <QtyInPackage>1</QtyInPackage>
      <ItemPrice>14.50</ItemPrice>
      <UnitOfMeasurePrice>4.1429</UnitOfMeasurePrice>
      <AllowDiscount>1</AllowDiscount>
      <ItemStatus>1</ItemStatus>
      <ItemId>268711</ItemId>
    </Item>
    <Item>
      <PriceUpdateDate>2015-01-01 00:00:00</PriceUpdateDate>
      <ItemCode>8711700665834</ItemCode>
      <ItemType>0</ItemType>
      <ItemName>סבון דאב מוצק מלפפונ</ItemName>
      <ManufacturerName>יוניליוור</ManufacturerName>
      <ManufactureCountry>לא ידוע</ManufactureCountry>
      <ManufacturerItemDescription>סבון דאב מוצק מלפפונים שישיה</ManufacturerItemDescription>
      <UnitQty>גרמים</UnitQty>
      <Quantity>600.00</Quantity>
      <UnitOfMeasure>100 גרם</UnitOfMeasure>
      <bIsWeighted>0</bIsWeighted>
      <QtyInPackage>1</QtyInPackage>
      <ItemPrice>24.90</ItemPrice>
      <UnitOfMeasurePrice>4.1500</UnitOfMeasurePrice>
      <AllowDiscount>1</AllowDiscount>
      <ItemStatus>1</ItemStatus>
      <ItemId>242017</ItemId>
    </Item>
    <Item>
      <PriceUpdateDate>2015-01-01 00:00:00</PriceUpdateDate>
      <ItemCode>3087242</ItemCode>
      <ItemType>0</ItemType>
      <ItemName>רינגים טבעות תפו"א 2</ItemName>
      <ManufacturerName>א מ חטיפי העמק בעמ</ManufacturerName>
      <ManufactureCountry>לא ידוע</ManufactureCountry>
      <ManufacturerItemDescription>רינגים טבעות תפו"א 280 גרם</ManufacturerItemDescription>
      <UnitQty>גרמים</UnitQty>
      <Quantity>280.00</Quantity>
      <UnitOfMeasure>100 גרם</UnitOfMeasure>
      <bIsWeighted>0</bIsWeighted>
      <QtyInPackage>1</QtyInPackage>
      <ItemPrice>9.90</ItemPrice>
      <UnitOfMeasurePrice>3.5357</UnitOfMeasurePrice>
      <AllowDiscount>1</AllowDiscount>
      <ItemStatus>1</ItemStatus>
      <ItemId>242068</ItemId>
    </Item>
    <Item>
      <PriceUpdateDate>2015-09-21 08:18:20</PriceUpdateDate>
      <ItemCode>7290105694775</ItemCode>
      <ItemType>0</ItemType>
      <ItemName>דגני בוקר טריקס פירו</ItemName>
      <ManufacturerName>גנרל מילס</ManufacturerName>
      <ManufactureCountry>לא ידוע</ManufactureCountry>
      <ManufacturerItemDescription>דגני בוקר טריקס פירות 480 גרם</ManufacturerItemDescription>
      <UnitQty>גרמים</UnitQty>
      <Quantity>480.00</Quantity>
      <UnitOfMeasure>100 גרם</UnitOfMeasure>
      <bIsWeighted>0</bIsWeighted>
      <QtyInPackage>1</QtyInPackage>
      <ItemPrice>24.90</ItemPrice>
      <UnitOfMeasurePrice>5.1875</UnitOfMeasurePrice>
      <AllowDiscount>1</AllowDiscount>
      <ItemStatus>1</ItemStatus>
      <ItemId>242072</ItemId>
    </Item>
    <Item>
      <PriceUpdateDate>2015-01-01 00:00:00</PriceUpdateDate>
      <ItemCode>7290105695321</ItemCode>
      <ItemType>0</ItemType>
      <ItemName>עוגת בראוניס פאדג 38</ItemName>
      <ManufacturerName>אסם</ManufacturerName>
      <ManufactureCountry>לא ידוע</ManufactureCountry>
      <ManufacturerItemDescription>עוגת בראוניס פאדג 380 גרם</ManufacturerItemDescription>
      <UnitQty>גרמים</UnitQty>
      <Quantity>380.00</Quantity>
      <UnitOfMeasure>100 גרם</UnitOfMeasure>
      <bIsWeighted>0</bIsWeighted>
      <QtyInPackage>1</QtyInPackage>
      <ItemPrice>16.90</ItemPrice>
      <UnitOfMeasurePrice>4.4474</UnitOfMeasurePrice>
      <AllowDiscount>1</AllowDiscount>
      <ItemStatus>1</ItemStatus>
      <ItemId>242077</ItemId>
    </Item>
    <Item>
      <PriceUpdateDate>2016-01-26 08:55:47</PriceUpdateDate>
      <ItemCode>7290014791824</ItemCode>
      <ItemType>1</ItemType>
      <ItemName>פרוט ווטר בטעם תות 1</ItemName>
      <ManufacturerName>,</ManufacturerName>
      <ManufactureCountry>לא ידוע</ManufactureCountry>
      <ManufacturerItemDescription>פרוט ווטר בטעם תות 1.5 ליטר</ManufacturerItemDescription>
      <UnitQty>ליטרים</UnitQty>
      <Quantity>1.50</Quantity>
      <UnitOfMeasure>ליטר    </UnitOfMeasure>
      <bIsWeighted>0</bIsWeighted>
      <QtyInPackage>1</QtyInPackage>
      <ItemPrice>6.90</ItemPrice>
      <UnitOfMeasurePrice>4.6000</UnitOfMeasurePrice>
      <AllowDiscount>1</AllowDiscount>
      <ItemStatus>1</ItemStatus>
      <ItemId>266651</ItemId>
    </Item>
    <Item>
      <PriceUpdateDate>2015-01-01 00:00:00</PriceUpdateDate>
      <ItemCode>158273</ItemCode>
      <ItemType>0</ItemType>
      <ItemName>שניצל אמיתי מעודן</ItemName>
      <ManufacturerName>עוף טוב</ManufacturerName>
      <ManufactureCountry>ישראל</ManufactureCountry>
      <ManufacturerItemDescription>שניצל אמיתי מעודן 700 גרם עוף טוב</ManufacturerItemDescription>
      <UnitQty>גרמים</UnitQty>
      <Quantity>700.00</Quantity>
      <UnitOfMeasure>100 גרם</UnitOfMeasure>
      <bIsWeighted>0</bIsWeighted>
      <QtyInPackage>1</QtyInPackage>
      <ItemPrice>29.90</ItemPrice>
      <UnitOfMeasurePrice>4.2714</UnitOfMeasurePrice>
      <AllowDiscount>1</AllowDiscount>
      <ItemStatus>1</ItemStatus>
      <ItemId>242080</ItemId>
    </Item>
    <Item>
      <PriceUpdateDate>2015-01-01 00:00:00</PriceUpdateDate>
      <ItemCode>8693495006972</ItemCode>
      <ItemType>0</ItemType>
      <ItemName>משחת שיניים קולגייט</ItemName>
      <ManufacturerName>,</ManufacturerName>
      <ManufactureCountry>לא ידוע</ManufactureCountry>
      <ManufacturerItemDescription>משחת שיניים קולגייט טוטל קלין מינט 75 מ"</ManufacturerItemDescription>
      <UnitQty>מיליליטרים</UnitQty>
      <Quantity>75.00</Quantity>
      <UnitOfMeasure>100 מ"ל</UnitOfMeasure>
      <bIsWeighted>0</bIsWeighted>
      <QtyInPackage>1</QtyInPackage>
      <ItemPrice>14.90</ItemPrice>
      <UnitOfMeasurePrice>19.8667</UnitOfMeasurePrice>
      <AllowDiscount>1</AllowDiscount>
      <ItemStatus>1</ItemStatus>
      <ItemId>242081</ItemId>
    </Item>
    <Item>
      <PriceUpdateDate>2016-02-11 13:41:52</PriceUpdateDate>
      <ItemCode>58047</ItemCode>
      <ItemType>0</ItemType>
      <ItemName>שמנת מתוקה 38% עם פק</ItemName>
      <ManufacturerName>תנובה מרכז שיתופי לש</ManufacturerName>
      <ManufactureCountry>לא ידוע</ManufactureCountry>
      <ManufacturerItemDescription>שמנת מתוקה 38% עם פקק 500 מ"ל מהדרין</ManufacturerItemDescription>
      <UnitQty>גרמים</UnitQty>
      <Quantity>500.00</Quantity>
      <UnitOfMeasure>100 גרם</UnitOfMeasure>
      <bIsWeighted>0</bIsWeighted>
      <QtyInPackage>1</QtyInPackage>
      <ItemPrice>11.70</ItemPrice>
      <UnitOfMeasurePrice>2.3400</UnitOfMeasurePrice>
      <AllowDiscount>1</AllowDiscount>
      <ItemStatus>1</ItemStatus>
      <ItemId>242083</ItemId>
    </Item>
    <Item>
      <PriceUpdateDate>2016-06-02 15:36:14</PriceUpdateDate>
      <ItemCode>7290016220063</ItemCode>
      <ItemType>1</ItemType>
      <ItemName>יוגורט פירות יער 3%</ItemName>
      <ManufacturerName>בר בכפר די אנד די</ManufacturerName>
      <ManufactureCountry>ישראל</ManufactureCountry>
      <ManufacturerItemDescription>יוגורט פירות יער 3% 1 ליטר</ManufacturerItemDescription>
      <UnitQty>ליטרים</UnitQty>
      <Quantity>1.00</Quantity>
      <UnitOfMeasure>ליטר    </UnitOfMeasure>
      <bIsWeighted>0</bIsWeighted>
      <QtyInPackage>1</QtyInPackage>
      <ItemPrice>12.90</ItemPrice>
      <UnitOfMeasurePrice>12.9000</UnitOfMeasurePrice>
      <AllowDiscount>1</AllowDiscount>
      <ItemStatus>1</ItemStatus>
      <ItemId>268367</ItemId>
    </Item>
    <Item>
      <PriceUpdateDate>2015-01-01 00:00:00</PriceUpdateDate>
      <ItemCode>7290103154011</ItemCode>
      <ItemType>0</ItemType>
      <ItemName>כוסות ח"פ 270 יח 200</ItemName>
      <ManufacturerName>,</ManufacturerName>
      <ManufactureCountry>לא ידוע</ManufactureCountry>
      <ManufacturerItemDescription>כוסות ח"פ 270 יח 200 מ"ל</ManufacturerItemDescription>
      <UnitQty>Unknown </UnitQty>
      <Quantity>0.00</Quantity>
      <UnitOfMeasure>Unknown </UnitOfMeasure>
      <bIsWeighted>0</bIsWeighted>
      <QtyInPackage>1</QtyInPackage>
      <ItemPrice>12.30</ItemPrice>
      <UnitOfMeasurePrice>0.0000</UnitOfMeasurePrice>
      <AllowDiscount>1</AllowDiscount>
      <ItemStatus>1</ItemStatus>
      <ItemId>242096</ItemId>
    </Item>
    <Item>
      <PriceUpdateDate>2015-01-01 00:00:00</PriceUpdateDate>
      <ItemCode>7290103154028</ItemCode>
      <ItemType>0</ItemType>
      <ItemName>כוסות ח"פ 150 יח 250</ItemName>
      <ManufacturerName>,</ManufacturerName>
      <ManufactureCountry>לא ידוע</ManufactureCountry>
      <ManufacturerItemDescription>כוסות ח"פ 150 יח 250 מ"ל</ManufacturerItemDescription>
      <UnitQty>Unknown </UnitQty>
      <Quantity>0.00</Quantity>
      <UnitOfMeasure>Unknown </UnitOfMeasure>
      <bIsWeighted>0</bIsWeighted>
      <QtyInPackage>1</QtyInPackage>
      <ItemPrice>12.30</ItemPrice>
      <UnitOfMeasurePrice>0.0000</UnitOfMeasurePrice>
      <AllowDiscount>1</AllowDiscount>
      <ItemStatus>1</ItemStatus>
      <ItemId>242097</ItemId>
    </Item>
    <Item>
      <PriceUpdateDate>2015-01-01 00:00:00</PriceUpdateDate>
      <ItemCode>621683920555</ItemCode>
      <ItemType>0</ItemType>
      <ItemName>פסטה אורז טינקיאדה א</ItemName>
      <ManufacturerName>,</ManufacturerName>
      <ManufactureCountry>לא ידוע</ManufactureCountry>
      <ManufacturerItemDescription>פסטה אורז טינקיאדה אלבו 454 גרם ללא גלוט</ManufacturerItemDescription>
      <UnitQty>גרמים</UnitQty>
      <Quantity>454.00</Quantity>
      <UnitOfMeasure>100 גרם</UnitOfMeasure>
      <bIsWeighted>0</bIsWeighted>
      <QtyInPackage>1</QtyInPackage>
      <ItemPrice>18.90</ItemPrice>
      <UnitOfMeasurePrice>4.1630</UnitOfMeasurePrice>
      <AllowDiscount>1</AllowDiscount>
      <ItemStatus>1</ItemStatus>
      <ItemId>242098</ItemId>
    </Item>
    <Item>
      <PriceUpdateDate>2015-01-01 00:00:00</PriceUpdateDate>
      <ItemCode>621683920159</ItemCode>
      <ItemType>0</ItemType>
      <ItemName>פסטה אורז טינקיאדה ס</ItemName>
      <ManufacturerName>,</ManufacturerName>
      <ManufactureCountry>לא ידוע</ManufactureCountry>
      <ManufacturerItemDescription>פסטה אורז טינקיאדה ספגטי454 גרם ללא גלוט</ManufacturerItemDescription>
      <UnitQty>גרמים</UnitQty>
      <Quantity>454.00</Quantity>
      <UnitOfMeasure>100 גרם</UnitOfMeasure>
      <bIsWeighted>0</bIsWeighted>
      <QtyInPackage>1</QtyInPackage>
      <ItemPrice>18.90</ItemPrice>
      <UnitOfMeasurePrice>4.1630</UnitOfMeasurePrice>
      <AllowDiscount>1</AllowDiscount>
      <ItemStatus>1</ItemStatus>
      <ItemId>242099</ItemId>
    </Item>
    <Item>
      <PriceUpdateDate>2015-01-01 00:00:00</PriceUpdateDate>
      <ItemCode>621683921255</ItemCode>
      <ItemType>0</ItemType>
      <ItemName>פסטה אורז טינקיאדה ס</ItemName>
      <ManufacturerName>,</ManufacturerName>
      <ManufactureCountry>לא ידוע</ManufactureCountry>
      <ManufacturerItemDescription>פסטה אורז טינקיאדה ספירל 454 גר ללא גלוט</ManufacturerItemDescription>
      <UnitQty>גרמים</UnitQty>
      <Quantity>454.00</Quantity>
      <UnitOfMeasure>100 גרם</UnitOfMeasure>
      <bIsWeighted>0</bIsWeighted>
      <QtyInPackage>1</QtyInPackage>
      <ItemPrice>18.90</ItemPrice>
      <UnitOfMeasurePrice>4.1630</UnitOfMeasurePrice>
      <AllowDiscount>1</AllowDiscount>
      <ItemStatus>1</ItemStatus>
      <ItemId>242100</ItemId>
    </Item>
    <Item>
      <PriceUpdateDate>2015-01-01 00:00:00</PriceUpdateDate>
      <ItemCode>621683920654</ItemCode>
      <ItemType>0</ItemType>
      <ItemName>פסטה אורז טינקיאדה פ</ItemName>
      <ManufacturerName>,</ManufacturerName>
      <ManufactureCountry>לא ידוע</ManufactureCountry>
      <ManufacturerItemDescription>פסטה אורז טינקיאדה פוסילי 454 ללא גלוטן</ManufacturerItemDescription>
      <UnitQty>גרמים</UnitQty>
      <Quantity>454.00</Quantity>
      <UnitOfMeasure>100 גרם</UnitOfMeasure>
      <bIsWeighted>0</bIsWeighted>
      <QtyInPackage>1</QtyInPackage>
      <ItemPrice>18.90</ItemPrice>
      <UnitOfMeasurePrice>4.1630</UnitOfMeasurePrice>
      <AllowDiscount>1</AllowDiscount>
      <ItemStatus>1</ItemStatus>
      <ItemId>242101</ItemId>
    </Item>
    <Item>
      <PriceUpdateDate>2015-01-01 00:00:00</PriceUpdateDate>
      <ItemCode>621683920258</ItemCode>
      <ItemType>0</ItemType>
      <ItemName>פסטה אורז טינקיאדה פ</ItemName>
      <ManufacturerName>,</ManufacturerName>
      <ManufactureCountry>לא ידוע</ManufactureCountry>
      <ManufacturerItemDescription>פסטה אורז טינקיאדה פטוציני 454 ללא גלוטן</ManufacturerItemDescription>
      <UnitQty>גרמים</UnitQty>
      <Quantity>454.00</Quantity>
      <UnitOfMeasure>100 גרם</UnitOfMeasure>
      <bIsWeighted>0</bIsWeighted>
      <QtyInPackage>1</QtyInPackage>
      <ItemPrice>18.90</ItemPrice>
      <UnitOfMeasurePrice>4.1630</UnitOfMeasurePrice>
      <AllowDiscount>1</AllowDiscount>
      <ItemStatus>1</ItemStatus>
      <ItemId>242102</ItemId>
    </Item>
    <Item>
      <PriceUpdateDate>2015-01-01 00:00:00</PriceUpdateDate>
      <ItemCode>621683921156</ItemCode>
      <ItemType>0</ItemType>
      <ItemName>פסטה אורז טינקיאדה פ</ItemName>
      <ManufacturerName>,</ManufacturerName>
      <ManufactureCountry>לא ידוע</ManufactureCountry>
      <ManufacturerItemDescription>פסטה אורז טינקיאדה פנה 454 גרם ללא גלוטן</ManufacturerItemDescription>
      <UnitQty>גרמים</UnitQty>
      <Quantity>454.00</Quantity>
      <UnitOfMeasure>100 גרם</UnitOfMeasure>
      <bIsWeighted>0</bIsWeighted>
      <QtyInPackage>1</QtyInPackage>
      <ItemPrice>18.90</ItemPrice>
      <UnitOfMeasurePrice>4.1630</UnitOfMeasurePrice>
      <AllowDiscount>1</AllowDiscount>
      <ItemStatus>1</ItemStatus>
      <ItemId>242103</ItemId>
    </Item>
    <Item>
      <PriceUpdateDate>2015-01-01 00:00:00</PriceUpdateDate>
      <ItemCode>89397344362</ItemCode>
      <ItemType>0</ItemType>
      <ItemName>רוטב מרינדה דיניקולה</ItemName>
      <ManufacturerName>,</ManufacturerName>
      <ManufactureCountry>לא ידוע</ManufactureCountry>
      <ManufacturerItemDescription>רוטב מרינדה דיניקולה 450 מ"ל ללא גלוטן</ManufacturerItemDescription>
      <UnitQty>גרמים</UnitQty>
      <Quantity>450.00</Quantity>
      <UnitOfMeasure>100 גרם</UnitOfMeasure>
      <bIsWeighted>0</bIsWeighted>
      <QtyInPackage>1</QtyInPackage>
      <ItemPrice>14.90</ItemPrice>
      <UnitOfMeasurePrice>3.3111</UnitOfMeasurePrice>
      <AllowDiscount>1</AllowDiscount>
      <ItemStatus>1</ItemStatus>
      <ItemId>242105</ItemId>
    </Item>
    <Item>
      <PriceUpdateDate>2015-01-01 00:00:00</PriceUpdateDate>
      <ItemCode>89397344300</ItemCode>
      <ItemType>0</ItemType>
      <ItemName>רוטב פסטה בזילקום 73</ItemName>
      <ManufacturerName>,</ManufacturerName>
      <ManufactureCountry>לא ידוע</ManufactureCountry>
      <ManufacturerItemDescription>רוטב פסטה בזילקום 737 מ"ל ללא גלוטן</ManufacturerItemDescription>
      <UnitQty>גרמים</UnitQty>
      <Quantity>737.00</Quantity>
      <UnitOfMeasure>100 גרם</UnitOfMeasure>
      <bIsWeighted>0</bIsWeighted>
      <QtyInPackage>1</QtyInPackage>
      <ItemPrice>14.90</ItemPrice>
      <UnitOfMeasurePrice>2.0217</UnitOfMeasurePrice>
      <AllowDiscount>1</AllowDiscount>
      <ItemStatus>1</ItemStatus>
      <ItemId>242106</ItemId>
    </Item>
    <Item>
      <PriceUpdateDate>2015-01-01 00:00:00</PriceUpdateDate>
      <ItemCode>7290010417162</ItemCode>
      <ItemType>0</ItemType>
      <ItemName>יין גמלא ריזלינג לבן</ItemName>
      <ManufacturerName>יקב רמת הגולן</ManufacturerName>
      <ManufactureCountry>לא ידוע</ManufactureCountry>
      <ManufacturerItemDescription>יין גמלא ריזלינג לבן 750 מ"ל</ManufacturerItemDescription>
      <UnitQty>מיליליטרים</UnitQty>
      <Quantity>750.00</Quantity>
      <UnitOfMeasure>100 מ"ל</UnitOfMeasure>
      <bIsWeighted>0</bIsWeighted>
      <QtyInPackage>1</QtyInPackage>
      <ItemPrice>49.90</ItemPrice>
      <UnitOfMeasurePrice>6.6533</UnitOfMeasurePrice>
      <AllowDiscount>1</AllowDiscount>
      <ItemStatus>1</ItemStatus>
      <ItemId>242116</ItemId>
    </Item>
    <Item>
      <PriceUpdateDate>2015-01-01 00:00:00</PriceUpdateDate>
      <ItemCode>7290012227080</ItemCode>
      <ItemType>0</ItemType>
      <ItemName>פיצה משולש מרגריטה א</ItemName>
      <ManufacturerName>,</ManufacturerName>
      <ManufactureCountry>לא ידוע</ManufactureCountry>
      <ManufacturerItemDescription>פיצה משולש מרגריטה אישית 90 גרם</ManufacturerItemDescription>
      <UnitQty>Unknown </UnitQty>
      <Quantity>0.00</Quantity>
      <UnitOfMeasure>Unknown </UnitOfMeasure>
      <bIsWeighted>0</bIsWeighted>
      <QtyInPackage>1</QtyInPackage>
      <ItemPrice>2.50</ItemPrice>
      <UnitOfMeasurePrice>0.0000</UnitOfMeasurePrice>
      <AllowDiscount>1</AllowDiscount>
      <ItemStatus>1</ItemStatus>
      <ItemId>242138</ItemId>
    </Item>
    <Item>
      <PriceUpdateDate>2015-01-01 00:00:00</PriceUpdateDate>
      <ItemCode>48307</ItemCode>
      <ItemType>0</ItemType>
      <ItemName>קוטג 5% עם זיתים 250</ItemName>
      <ManufacturerName>תנובה מרכז שיתופי לש</ManufacturerName>
      <ManufactureCountry>לא ידוע</ManufactureCountry>
      <ManufacturerItemDescription>קוטג 5% עם זיתים 250 גרם</ManufacturerItemDescription>
      <UnitQty>גרמים</UnitQty>
      <Quantity>250.00</Quantity>
      <UnitOfMeasure>100 גרם</UnitOfMeasure>
      <bIsWeighted>0</bIsWeighted>
      <QtyInPackage>1</QtyInPackage>
      <ItemPrice>5.80</ItemPrice>
      <UnitOfMeasurePrice>2.3200</UnitOfMeasurePrice>
      <AllowDiscount>1</AllowDiscount>
      <ItemStatus>1</ItemStatus>
      <ItemId>242151</ItemId>
    </Item>
    <Item>
      <PriceUpdateDate>2016-02-11 13:41:31</PriceUpdateDate>
      <ItemCode>4125509</ItemCode>
      <ItemType>0</ItemType>
      <ItemName>שמנת חמוצה 15% 100 מ</ItemName>
      <ManufacturerName>תנובה מרכז שיתופי לש</ManufacturerName>
      <ManufactureCountry>לא ידוע</ManufactureCountry>
      <ManufacturerItemDescription>שמנת חמוצה 15% 100 מ"ל מהדרין</ManufacturerItemDescription>
      <UnitQty>גרמים</UnitQty>
      <Quantity>100.00</Quantity>
      <UnitOfMeasure>100 גרם</UnitOfMeasure>
      <bIsWeighted>0</bIsWeighted>
      <QtyInPackage>1</QtyInPackage>
      <ItemPrice>1.60</ItemPrice>
      <UnitOfMeasurePrice>1.6000</UnitOfMeasurePrice>
      <AllowDiscount>1</AllowDiscount>
      <ItemStatus>1</ItemStatus>
      <ItemId>242156</ItemId>
    </Item>
    <Item>
      <PriceUpdateDate>2015-01-01 00:00:00</PriceUpdateDate>
      <ItemCode>7290011518561</ItemCode>
      <ItemType>0</ItemType>
      <ItemName>אקטימל תות-משפחתי 2+</ItemName>
      <ManufacturerName>שטראוס</ManufacturerName>
      <ManufactureCountry>ישראל</ManufactureCountry>
      <ManufacturerItemDescription>אקטימל תות-משפחתי 2+12</ManufacturerItemDescription>
      <UnitQty>ליטרים</UnitQty>
      <Quantity>1.40</Quantity>
      <UnitOfMeasure>ליטר    </UnitOfMeasure>
      <bIsWeighted>0</bIsWeighted>
      <QtyInPackage>14</QtyInPackage>
      <ItemPrice>28.90</ItemPrice>
      <UnitOfMeasurePrice>20.6429</UnitOfMeasurePrice>
      <AllowDiscount>1</AllowDiscount>
      <ItemStatus>1</ItemStatus>
      <ItemId>242176</ItemId>
    </Item>
    <Item>
      <PriceUpdateDate>2015-01-01 00:00:00</PriceUpdateDate>
      <ItemCode>7290010471669</ItemCode>
      <ItemType>0</ItemType>
      <ItemName>דנונה בר תות קורנפלק</ItemName>
      <ManufacturerName>שטראוס</ManufacturerName>
      <ManufactureCountry>לא ידוע</ManufactureCountry>
      <ManufacturerItemDescription>דנונה בר תות קורנפלקס מצופה שוקולד</ManufacturerItemDescription>
      <UnitQty>Unknown </UnitQty>
      <Quantity>0.00</Quantity>
      <UnitOfMeasure>Unknown </UnitOfMeasure>
      <bIsWeighted>0</bIsWeighted>
      <QtyInPackage>1</QtyInPackage>
      <ItemPrice>4.30</ItemPrice>
      <UnitOfMeasurePrice>0.0000</UnitOfMeasurePrice>
      <AllowDiscount>1</AllowDiscount>
      <ItemStatus>1</ItemStatus>
      <ItemId>242202</ItemId>
    </Item>
    <Item>
      <PriceUpdateDate>2015-01-01 00:00:00</PriceUpdateDate>
      <ItemCode>2920311</ItemCode>
      <ItemType>0</ItemType>
      <ItemName>קממבר צאן משולשים במ</ItemName>
      <ManufacturerName>,</ManufacturerName>
      <ManufactureCountry>לא ידוע</ManufactureCountry>
      <ManufacturerItemDescription>קממבר צאן משולשים במשקל</ManufacturerItemDescription>
      <UnitQty>קילוגרמים</UnitQty>
      <Quantity>1.00</Quantity>
      <UnitOfMeasure>ק"ג</UnitOfMeasure>
      <bIsWeighted>1</bIsWeighted>
      <QtyInPackage>לא ידוע</QtyInPackage>
      <ItemPrice>99.00</ItemPrice>
      <UnitOfMeasurePrice>99.0000</UnitOfMeasurePrice>
      <AllowDiscount>1</AllowDiscount>
      <ItemStatus>1</ItemStatus>
      <ItemId>242249</ItemId>
    </Item>
    <Item>
      <PriceUpdateDate>2015-01-01 00:00:00</PriceUpdateDate>
      <ItemCode>7290014095472</ItemCode>
      <ItemType>0</ItemType>
      <ItemName>חטיף דגנים עם חמוציו</ItemName>
      <ManufacturerName>,</ManufacturerName>
      <ManufactureCountry>לא ידוע</ManufactureCountry>
      <ManufacturerItemDescription>חטיף דגנים עם חמוציות ושוקולד 5 יח</ManufacturerItemDescription>
      <UnitQty>גרמים</UnitQty>
      <Quantity>125.00</Quantity>
      <UnitOfMeasure>100 גרם</UnitOfMeasure>
      <bIsWeighted>0</bIsWeighted>
      <QtyInPackage>1</QtyInPackage>
      <ItemPrice>9.90</ItemPrice>
      <UnitOfMeasurePrice>7.9200</UnitOfMeasurePrice>
      <AllowDiscount>1</AllowDiscount>
      <ItemStatus>1</ItemStatus>
      <ItemId>242265</ItemId>
    </Item>
    <Item>
      <PriceUpdateDate>2015-01-01 00:00:00</PriceUpdateDate>
      <ItemCode>7290014095496</ItemCode>
      <ItemType>0</ItemType>
      <ItemName>חטיף דגנים עם שקד אג</ItemName>
      <ManufacturerName>,</ManufacturerName>
      <ManufactureCountry>לא ידוע</ManufactureCountry>
      <ManufacturerItemDescription>חטיף דגנים עם שקד אגוז ושוקולד 5 יח</ManufacturerItemDescription>
      <UnitQty>גרמים</UnitQty>
      <Quantity>125.00</Quantity>
      <UnitOfMeasure>100 גרם</UnitOfMeasure>
      <bIsWeighted>0</bIsWeighted>
      <QtyInPackage>1</QtyInPackage>
      <ItemPrice>9.90</ItemPrice>
      <UnitOfMeasurePrice>7.9200</UnitOfMeasurePrice>
      <AllowDiscount>1</AllowDiscount>
      <ItemStatus>1</ItemStatus>
      <ItemId>242266</ItemId>
    </Item>
    <Item>
      <PriceUpdateDate>2015-01-01 00:00:00</PriceUpdateDate>
      <ItemCode>7290014095458</ItemCode>
      <ItemType>0</ItemType>
      <ItemName>חטיף דגנים עם תפוז ו</ItemName>
      <ManufacturerName>,</ManufacturerName>
      <ManufactureCountry>לא ידוע</ManufactureCountry>
      <ManufacturerItemDescription>חטיף דגנים עם תפוז ושוקולד 5 יח</ManufacturerItemDescription>
      <UnitQty>גרמים</UnitQty>
      <Quantity>125.00</Quantity>
      <UnitOfMeasure>100 גרם</UnitOfMeasure>
      <bIsWeighted>0</bIsWeighted>
      <QtyInPackage>1</QtyInPackage>
      <ItemPrice>9.90</ItemPrice>
      <UnitOfMeasurePrice>7.9200</UnitOfMeasurePrice>
      <AllowDiscount>1</AllowDiscount>
      <ItemStatus>1</ItemStatus>
      <ItemId>242267</ItemId>
    </Item>
    <Item>
      <PriceUpdateDate>2015-11-29 10:20:29</PriceUpdateDate>
      <ItemCode>7290014083370</ItemCode>
      <ItemType>0</ItemType>
      <ItemName>מארז מיץ אננס דל מטנ</ItemName>
      <ManufacturerName>פילפק</ManufacturerName>
      <ManufactureCountry>לא ידוע</ManufactureCountry>
      <ManufacturerItemDescription>מארז מיץ אננס דל מטנטה 4*240 מ"ל</ManufacturerItemDescription>
      <UnitQty>מיליליטרים</UnitQty>
      <Quantity>960.00</Quantity>
      <UnitOfMeasure>100 מ"ל</UnitOfMeasure>
      <bIsWeighted>0</bIsWeighted>
      <QtyInPackage>1</QtyInPackage>
      <ItemPrice>11.90</ItemPrice>
      <UnitOfMeasurePrice>1.2396</UnitOfMeasurePrice>
      <AllowDiscount>1</AllowDiscount>
      <ItemStatus>1</ItemStatus>
      <ItemId>242273</ItemId>
    </Item>
    <Item>
      <PriceUpdateDate>2015-01-01 00:00:00</PriceUpdateDate>
      <ItemCode>7290103156480</ItemCode>
      <ItemType>0</ItemType>
      <ItemName>מזלגות חד פעמי 100 י</ItemName>
      <ManufacturerName>MAZLUM</ManufacturerName>
      <ManufactureCountry>לא ידוע</ManufactureCountry>
      <ManufacturerItemDescription>מזלגות חד פעמי 100 יח</ManufacturerItemDescription>
      <UnitQty>Unknown </UnitQty>
      <Quantity>0.00</Quantity>
      <UnitOfMeasure>Unknown </UnitOfMeasure>
      <bIsWeighted>0</bIsWeighted>
      <QtyInPackage>1</QtyInPackage>
      <ItemPrice>3.90</ItemPrice>
      <UnitOfMeasurePrice>0.0000</UnitOfMeasurePrice>
      <AllowDiscount>1</AllowDiscount>
      <ItemStatus>1</ItemStatus>
      <ItemId>252414</ItemId>
    </Item>
    <Item>
      <PriceUpdateDate>2015-01-01 00:00:00</PriceUpdateDate>
      <ItemCode>155661</ItemCode>
      <ItemType>0</ItemType>
      <ItemName>מארז נקניקיות 4*400</ItemName>
      <ManufacturerName>עוף טוב</ManufacturerName>
      <ManufactureCountry>ישראל</ManufactureCountry>
      <ManufacturerItemDescription>מארז נקניקיות 4*400 גרם מהדרין</ManufacturerItemDescription>
      <UnitQty>קילוגרמים</UnitQty>
      <Quantity>1.60</Quantity>
      <UnitOfMeasure>ק"ג     </UnitOfMeasure>
      <bIsWeighted>0</bIsWeighted>
      <QtyInPackage>4</QtyInPackage>
      <ItemPrice>19.90</ItemPrice>
      <UnitOfMeasurePrice>12.4375</UnitOfMeasurePrice>
      <AllowDiscount>1</AllowDiscount>
      <ItemStatus>1</ItemStatus>
      <ItemId>242316</ItemId>
    </Item>
    <Item>
      <PriceUpdateDate>2016-06-26 16:50:34</PriceUpdateDate>
      <ItemCode>7290107643672</ItemCode>
      <ItemType>0</ItemType>
      <ItemName>קליק פופקורן שוקולד</ItemName>
      <ManufacturerName>יוניליוור</ManufacturerName>
      <ManufactureCountry>ישראל</ManufactureCountry>
      <ManufacturerItemDescription>קליק פופקורן שוקולד חלב 68 גרם</ManufacturerItemDescription>
      <UnitQty>גרמים</UnitQty>
      <Quantity>68.00</Quantity>
      <UnitOfMeasure>100 גרם</UnitOfMeasure>
      <bIsWeighted>0</bIsWeighted>
      <QtyInPackage>1</QtyInPackage>
      <ItemPrice>3.90</ItemPrice>
      <UnitOfMeasurePrice>5.7353</UnitOfMeasurePrice>
      <AllowDiscount>1</AllowDiscount>
      <ItemStatus>1</ItemStatus>
      <ItemId>268667</ItemId>
    </Item>
    <Item>
      <PriceUpdateDate>2015-01-01 00:00:00</PriceUpdateDate>
      <ItemCode>58276</ItemCode>
      <ItemType>0</ItemType>
      <ItemName>מאגדת מיני קרלו תות</ItemName>
      <ManufacturerName>תנובה מרכז שיתופי לש</ManufacturerName>
      <ManufactureCountry>לא ידוע</ManufactureCountry>
      <ManufacturerItemDescription>מאגדת מיני קרלו תות 8*100 גרם</ManufacturerItemDescription>
      <UnitQty>מיליליטרים</UnitQty>
      <Quantity>800.00</Quantity>
      <UnitOfMeasure>100 מ"ל</UnitOfMeasure>
      <bIsWeighted>0</bIsWeighted>
      <QtyInPackage>1</QtyInPackage>
      <ItemPrice>11.90</ItemPrice>
      <UnitOfMeasurePrice>1.4875</UnitOfMeasurePrice>
      <AllowDiscount>1</AllowDiscount>
      <ItemStatus>1</ItemStatus>
      <ItemId>242343</ItemId>
    </Item>
    <Item>
      <PriceUpdateDate>2015-01-01 00:00:00</PriceUpdateDate>
      <ItemCode>8837941</ItemCode>
      <ItemType>0</ItemType>
      <ItemName>יין כרמי שי רוזה 1 ל</ItemName>
      <ManufacturerName>,</ManufacturerName>
      <ManufactureCountry>לא ידוע</ManufactureCountry>
      <ManufacturerItemDescription>יין כרמי שי רוזה 1 ליטר</ManufacturerItemDescription>
      <UnitQty>ליטרים</UnitQty>
      <Quantity>1.00</Quantity>
      <UnitOfMeasure>ליטר    </UnitOfMeasure>
      <bIsWeighted>0</bIsWeighted>
      <QtyInPackage>1</QtyInPackage>
      <ItemPrice>16.90</ItemPrice>
      <UnitOfMeasurePrice>16.9000</UnitOfMeasurePrice>
      <AllowDiscount>1</AllowDiscount>
      <ItemStatus>1</ItemStatus>
      <ItemId>242370</ItemId>
    </Item>
    <Item>
      <PriceUpdateDate>2015-01-01 00:00:00</PriceUpdateDate>
      <ItemCode>8837965</ItemCode>
      <ItemType>0</ItemType>
      <ItemName>יין כרמי שי לבן 1 לי</ItemName>
      <ManufacturerName>,</ManufacturerName>
      <ManufactureCountry>לא ידוע</ManufactureCountry>
      <ManufacturerItemDescription>יין כרמי שי לבן 1 ליטר</ManufacturerItemDescription>
      <UnitQty>ליטרים</UnitQty>
      <Quantity>1.00</Quantity>
      <UnitOfMeasure>ליטר    </UnitOfMeasure>
      <bIsWeighted>0</bIsWeighted>
      <QtyInPackage>1</QtyInPackage>
      <ItemPrice>16.90</ItemPrice>
      <UnitOfMeasurePrice>16.9000</UnitOfMeasurePrice>
      <AllowDiscount>1</AllowDiscount>
      <ItemStatus>1</ItemStatus>
      <ItemId>242371</ItemId>
    </Item>
    <Item>
      <PriceUpdateDate>2015-09-21 08:18:19</PriceUpdateDate>
      <ItemCode>66332</ItemCode>
      <ItemType>0</ItemType>
      <ItemName>אפרופו 50 גרם</ItemName>
      <ManufacturerName>אסם</ManufacturerName>
      <ManufactureCountry>לא ידוע</ManufactureCountry>
      <ManufacturerItemDescription>אפרופו 50 גרם</ManufacturerItemDescription>
      <UnitQty>גרמים</UnitQty>
      <Quantity>50.00</Quantity>
      <UnitOfMeasure>100 גרם</UnitOfMeasure>
      <bIsWeighted>0</bIsWeighted>
      <QtyInPackage>1</QtyInPackage>
      <ItemPrice>4.50</ItemPrice>
      <UnitOfMeasurePrice>9.0000</UnitOfMeasurePrice>
      <AllowDiscount>1</AllowDiscount>
      <ItemStatus>1</ItemStatus>
      <ItemId>242387</ItemId>
    </Item>
    <Item>
      <PriceUpdateDate>2015-01-01 00:00:00</PriceUpdateDate>
      <ItemCode>7290105367617</ItemCode>
      <ItemType>0</ItemType>
      <ItemName>דנונה פרי בתחתית דיא</ItemName>
      <ManufacturerName>שטראוס</ManufacturerName>
      <ManufactureCountry>ישראל</ManufactureCountry>
      <ManufacturerItemDescription>דנונה פרי בתחתית דיאט תות 0%</ManufacturerItemDescription>
      <UnitQty>מיליליטרים</UnitQty>
      <Quantity>175.00</Quantity>
      <UnitOfMeasure>100 מ"ל</UnitOfMeasure>
      <bIsWeighted>0</bIsWeighted>
      <QtyInPackage>1</QtyInPackage>
      <ItemPrice>4.50</ItemPrice>
      <UnitOfMeasurePrice>2.5714</UnitOfMeasurePrice>
      <AllowDiscount>1</AllowDiscount>
      <ItemStatus>1</ItemStatus>
      <ItemId>242381</ItemId>
    </Item>
    <Item>
      <PriceUpdateDate>2015-01-01 00:00:00</PriceUpdateDate>
      <ItemCode>835811006138</ItemCode>
      <ItemType>0</ItemType>
      <ItemName>כוס קינוח טירמיסו עג</ItemName>
      <ManufacturerName>,</ManufacturerName>
      <ManufactureCountry>לא ידוע</ManufactureCountry>
      <ManufacturerItemDescription>כוס קינוח טירמיסו עגול 12 יח</ManufacturerItemDescription>
      <UnitQty>Unknown </UnitQty>
      <Quantity>0.00</Quantity>
      <UnitOfMeasure>Unknown </UnitOfMeasure>
      <bIsWeighted>0</bIsWeighted>
      <QtyInPackage>1</QtyInPackage>
      <ItemPrice>7.90</ItemPrice>
      <UnitOfMeasurePrice>0.0000</UnitOfMeasurePrice>
      <AllowDiscount>1</AllowDiscount>
      <ItemStatus>1</ItemStatus>
      <ItemId>242392</ItemId>
    </Item>
    <Item>
      <PriceUpdateDate>2015-01-01 00:00:00</PriceUpdateDate>
      <ItemCode>835811006183</ItemCode>
      <ItemType>0</ItemType>
      <ItemName>כוס קינוח קריסטלי 12</ItemName>
      <ManufacturerName>,</ManufacturerName>
      <ManufactureCountry>לא ידוע</ManufactureCountry>
      <ManufacturerItemDescription>כוס קינוח קריסטלי 120 CC</ManufacturerItemDescription>
      <UnitQty>Unknown </UnitQty>
      <Quantity>0.00</Quantity>
      <UnitOfMeasure>Unknown </UnitOfMeasure>
      <bIsWeighted>0</bIsWeighted>
      <QtyInPackage>1</QtyInPackage>
      <ItemPrice>11.90</ItemPrice>
      <UnitOfMeasurePrice>0.0000</UnitOfMeasurePrice>
      <AllowDiscount>1</AllowDiscount>
      <ItemStatus>1</ItemStatus>
      <ItemId>242396</ItemId>
    </Item>
    <Item>
      <PriceUpdateDate>2015-01-01 00:00:00</PriceUpdateDate>
      <ItemCode>835811006176</ItemCode>
      <ItemType>0</ItemType>
      <ItemName>כוס קינוח קריסטלי 60</ItemName>
      <ManufacturerName>,</ManufacturerName>
      <ManufactureCountry>לא ידוע</ManufactureCountry>
      <ManufacturerItemDescription>כוס קינוח קריסטלי 60 CC</ManufacturerItemDescription>
      <UnitQty>Unknown </UnitQty>
      <Quantity>0.00</Quantity>
      <UnitOfMeasure>Unknown </UnitOfMeasure>
      <bIsWeighted>0</bIsWeighted>
      <QtyInPackage>1</QtyInPackage>
      <ItemPrice>11.90</ItemPrice>
      <UnitOfMeasurePrice>0.0000</UnitOfMeasurePrice>
      <AllowDiscount>1</AllowDiscount>
      <ItemStatus>1</ItemStatus>
      <ItemId>242397</ItemId>
    </Item>
    <Item>
      <PriceUpdateDate>2015-01-01 00:00:00</PriceUpdateDate>
      <ItemCode>7290014434769</ItemCode>
      <ItemType>0</ItemType>
      <ItemName>מאגדת לקברי 12 יח</ItemName>
      <ManufacturerName>סאדת גידה</ManufacturerName>
      <ManufactureCountry>לא ידוע</ManufactureCountry>
      <ManufacturerItemDescription>מאגדת לקברי 12 יח</ManufacturerItemDescription>
      <UnitQty>Unknown </UnitQty>
      <Quantity>0.00</Quantity>
      <UnitOfMeasure>Unknown </UnitOfMeasure>
      <bIsWeighted>0</bIsWeighted>
      <QtyInPackage>1</QtyInPackage>
      <ItemPrice>12.90</ItemPrice>
      <UnitOfMeasurePrice>0.0000</UnitOfMeasurePrice>
      <AllowDiscount>1</AllowDiscount>
      <ItemStatus>1</ItemStatus>
      <ItemId>252096</ItemId>
    </Item>
    <Item>
      <PriceUpdateDate>2015-01-01 00:00:00</PriceUpdateDate>
      <ItemCode>2253181</ItemCode>
      <ItemType>0</ItemType>
      <ItemName>כוסברה טריה קצוצה 70</ItemName>
      <ManufacturerName>דורות</ManufacturerName>
      <ManufactureCountry>ישראל</ManufactureCountry>
      <ManufacturerItemDescription>כוסברה טריה קצוצה 70 גרם דורות</ManufacturerItemDescription>
      <UnitQty>גרמים</UnitQty>
      <Quantity>70.00</Quantity>
      <UnitOfMeasure>100 גרם</UnitOfMeasure>
      <bIsWeighted>0</bIsWeighted>
      <QtyInPackage>1</QtyInPackage>
      <ItemPrice>9.50</ItemPrice>
      <UnitOfMeasurePrice>13.5714</UnitOfMeasurePrice>
      <AllowDiscount>1</AllowDiscount>
      <ItemStatus>1</ItemStatus>
      <ItemId>242461</ItemId>
    </Item>
    <Item>
      <PriceUpdateDate>2015-01-01 00:00:00</PriceUpdateDate>
      <ItemCode>7290012561405</ItemCode>
      <ItemType>0</ItemType>
      <ItemName>בצל חצי מטוגן 70 גרם</ItemName>
      <ManufacturerName>דורות</ManufacturerName>
      <ManufactureCountry>ישראל</ManufactureCountry>
      <ManufacturerItemDescription>בצל חצי מטוגן 70 גרם דורות</ManufacturerItemDescription>
      <UnitQty>Unknown </UnitQty>
      <Quantity>0.00</Quantity>
      <UnitOfMeasure>Unknown </UnitOfMeasure>
      <bIsWeighted>0</bIsWeighted>
      <QtyInPackage>1</QtyInPackage>
      <ItemPrice>9.50</ItemPrice>
      <UnitOfMeasurePrice>0.0000</UnitOfMeasurePrice>
      <AllowDiscount>1</AllowDiscount>
      <ItemStatus>1</ItemStatus>
      <ItemId>242464</ItemId>
    </Item>
    <Item>
      <PriceUpdateDate>2015-01-01 00:00:00</PriceUpdateDate>
      <ItemCode>7290011018252</ItemCode>
      <ItemType>0</ItemType>
      <ItemName>פיוז תה אננס 1.5 ליט</ItemName>
      <ManufacturerName>FUZE TEA</ManufacturerName>
      <ManufactureCountry>לא ידוע</ManufactureCountry>
      <ManufacturerItemDescription>פיוז תה אננס 1.5 ליטר</ManufacturerItemDescription>
      <UnitQty>ליטרים</UnitQty>
      <Quantity>1.50</Quantity>
      <UnitOfMeasure>ליטר    </UnitOfMeasure>
      <bIsWeighted>0</bIsWeighted>
      <QtyInPackage>1</QtyInPackage>
      <ItemPrice>5.90</ItemPrice>
      <UnitOfMeasurePrice>3.9333</UnitOfMeasurePrice>
      <AllowDiscount>1</AllowDiscount>
      <ItemStatus>1</ItemStatus>
      <ItemId>242465</ItemId>
    </Item>
    <Item>
      <PriceUpdateDate>2015-01-01 00:00:00</PriceUpdateDate>
      <ItemCode>7290011018276</ItemCode>
      <ItemType>0</ItemType>
      <ItemName>פיוז תה אקזוטי 1.5 ל</ItemName>
      <ManufacturerName>FUZE TEA</ManufacturerName>
      <ManufactureCountry>לא ידוע</ManufactureCountry>
      <ManufacturerItemDescription>פיוז תה אקזוטי 1.5 ליטר</ManufacturerItemDescription>
      <UnitQty>ליטרים</UnitQty>
      <Quantity>1.50</Quantity>
      <UnitOfMeasure>ליטר    </UnitOfMeasure>
      <bIsWeighted>0</bIsWeighted>
      <QtyInPackage>1</QtyInPackage>
      <ItemPrice>5.90</ItemPrice>
      <UnitOfMeasurePrice>3.9333</UnitOfMeasurePrice>
      <AllowDiscount>1</AllowDiscount>
      <ItemStatus>1</ItemStatus>
      <ItemId>242467</ItemId>
    </Item>
    <Item>
      <PriceUpdateDate>2015-01-01 00:00:00</PriceUpdateDate>
      <ItemCode>7290011018283</ItemCode>
      <ItemType>0</ItemType>
      <ItemName>פיוז תה אפרסק 1.5 לי</ItemName>
      <ManufacturerName>FUZE TEA</ManufacturerName>
      <ManufactureCountry>לא ידוע</ManufactureCountry>
      <ManufacturerItemDescription>פיוז תה אפרסק 1.5 ליטר</ManufacturerItemDescription>
      <UnitQty>ליטרים</UnitQty>
      <Quantity>1.50</Quantity>
      <UnitOfMeasure>ליטר    </UnitOfMeasure>
      <bIsWeighted>0</bIsWeighted>
      <QtyInPackage>1</QtyInPackage>
      <ItemPrice>5.90</ItemPrice>
      <UnitOfMeasurePrice>3.9333</UnitOfMeasurePrice>
      <AllowDiscount>1</AllowDiscount>
      <ItemStatus>1</ItemStatus>
      <ItemId>242468</ItemId>
    </Item>
    <Item>
      <PriceUpdateDate>2015-01-01 00:00:00</PriceUpdateDate>
      <ItemCode>7290011018306</ItemCode>
      <ItemType>0</ItemType>
      <ItemName>פיוז תה דיאט אפרסק</ItemName>
      <ManufacturerName>FUZE TEA</ManufacturerName>
      <ManufactureCountry>לא ידוע</ManufactureCountry>
      <ManufacturerItemDescription>פיוז תה דיאט אפרסק 1.5 ליטר</ManufacturerItemDescription>
      <UnitQty>ליטרים</UnitQty>
      <Quantity>1.50</Quantity>
      <UnitOfMeasure>ליטר    </UnitOfMeasure>
      <bIsWeighted>0</bIsWeighted>
      <QtyInPackage>1</QtyInPackage>
      <ItemPrice>5.90</ItemPrice>
      <UnitOfMeasurePrice>3.9333</UnitOfMeasurePrice>
      <AllowDiscount>1</AllowDiscount>
      <ItemStatus>1</ItemStatus>
      <ItemId>242470</ItemId>
    </Item>
    <Item>
      <PriceUpdateDate>2015-01-01 00:00:00</PriceUpdateDate>
      <ItemCode>6931191500922</ItemCode>
      <ItemType>0</ItemType>
      <ItemName>חוט דנטלי</ItemName>
      <ManufacturerName>,</ManufacturerName>
      <ManufactureCountry>לא ידוע</ManufactureCountry>
      <ManufacturerItemDescription>חוט דנטלי</ManufacturerItemDescription>
      <UnitQty>Unknown </UnitQty>
      <Quantity>0.00</Quantity>
      <UnitOfMeasure>Unknown </UnitOfMeasure>
      <bIsWeighted>0</bIsWeighted>
      <QtyInPackage>1</QtyInPackage>
      <ItemPrice>6.90</ItemPrice>
      <UnitOfMeasurePrice>0.0000</UnitOfMeasurePrice>
      <AllowDiscount>1</AllowDiscount>
      <ItemStatus>1</ItemStatus>
      <ItemId>242493</ItemId>
    </Item>
    <Item>
      <PriceUpdateDate>2015-01-01 00:00:00</PriceUpdateDate>
      <ItemCode>6931191500939</ItemCode>
      <ItemType>0</ItemType>
      <ItemName>קיסמים דנטלים בשקית</ItemName>
      <ManufacturerName>,</ManufacturerName>
      <ManufactureCountry>לא ידוע</ManufactureCountry>
      <ManufacturerItemDescription>קיסמים דנטלים בשקית</ManufacturerItemDescription>
      <UnitQty>Unknown </UnitQty>
      <Quantity>0.00</Quantity>
      <UnitOfMeasure>Unknown </UnitOfMeasure>
      <bIsWeighted>0</bIsWeighted>
      <QtyInPackage>1</QtyInPackage>
      <ItemPrice>7.90</ItemPrice>
      <UnitOfMeasurePrice>0.0000</UnitOfMeasurePrice>
      <AllowDiscount>1</AllowDiscount>
      <ItemStatus>1</ItemStatus>
      <ItemId>242494</ItemId>
    </Item>
    <Item>
      <PriceUpdateDate>2015-01-01 00:00:00</PriceUpdateDate>
      <ItemCode>6931191500946</ItemCode>
      <ItemType>0</ItemType>
      <ItemName>קסמי שיניים בקופסא</ItemName>
      <ManufacturerName>,</ManufacturerName>
      <ManufactureCountry>לא ידוע</ManufactureCountry>
      <ManufacturerItemDescription>קסמי שיניים בקופסא</ManufacturerItemDescription>
      <UnitQty>Unknown </UnitQty>
      <Quantity>0.00</Quantity>
      <UnitOfMeasure>Unknown </UnitOfMeasure>
      <bIsWeighted>0</bIsWeighted>
      <QtyInPackage>1</QtyInPackage>
      <ItemPrice>6.90</ItemPrice>
      <UnitOfMeasurePrice>0.0000</UnitOfMeasurePrice>
      <AllowDiscount>1</AllowDiscount>
      <ItemStatus>1</ItemStatus>
      <ItemId>242499</ItemId>
    </Item>
    <Item>
      <PriceUpdateDate>2015-01-01 00:00:00</PriceUpdateDate>
      <ItemCode>7290013702555</ItemCode>
      <ItemType>0</ItemType>
      <ItemName>שוופס אננס מוגז 1.5</ItemName>
      <ManufacturerName>יפאורה תבורי</ManufacturerName>
      <ManufactureCountry>לא ידוע</ManufactureCountry>
      <ManufacturerItemDescription>שוופס אננס מוגז 1.5 ליטר</ManufacturerItemDescription>
      <UnitQty>ליטרים</UnitQty>
      <Quantity>1.50</Quantity>
      <UnitOfMeasure>ליטר    </UnitOfMeasure>
      <bIsWeighted>0</bIsWeighted>
      <QtyInPackage>1</QtyInPackage>
      <ItemPrice>6.90</ItemPrice>
      <UnitOfMeasurePrice>4.6000</UnitOfMeasurePrice>
      <AllowDiscount>1</AllowDiscount>
      <ItemStatus>1</ItemStatus>
      <ItemId>242515</ItemId>
    </Item>
    <Item>
      <PriceUpdateDate>2015-01-01 00:00:00</PriceUpdateDate>
      <ItemCode>7290069103450</ItemCode>
      <ItemType>0</ItemType>
      <ItemName>נייר אלומניום עבה 60</ItemName>
      <ManufacturerName>טופפלסט</ManufacturerName>
      <ManufactureCountry>לא ידוע</ManufactureCountry>
      <ManufacturerItemDescription>נייר אלומניום עבה 60 מטר</ManufacturerItemDescription>
      <UnitQty>Unknown </UnitQty>
      <Quantity>0.00</Quantity>
      <UnitOfMeasure>Unknown </UnitOfMeasure>
      <bIsWeighted>0</bIsWeighted>
      <QtyInPackage>1</QtyInPackage>
      <ItemPrice>29.90</ItemPrice>
      <UnitOfMeasurePrice>0.0000</UnitOfMeasurePrice>
      <AllowDiscount>1</AllowDiscount>
      <ItemStatus>1</ItemStatus>
      <ItemId>242517</ItemId>
    </Item>
    <Item>
      <PriceUpdateDate>2015-01-01 00:00:00</PriceUpdateDate>
      <ItemCode>3212323</ItemCode>
      <ItemType>0</ItemType>
      <ItemName>רוגלך + שנקים 500 גר</ItemName>
      <ManufacturerName>,</ManufacturerName>
      <ManufactureCountry>לא ידוע</ManufactureCountry>
      <ManufacturerItemDescription>רוגלך + שנקים 500 גרם אושר עד</ManufacturerItemDescription>
      <UnitQty>גרמים</UnitQty>
      <Quantity>500.00</Quantity>
      <UnitOfMeasure>100 גרם</UnitOfMeasure>
      <bIsWeighted>0</bIsWeighted>
      <QtyInPackage>1</QtyInPackage>
      <ItemPrice>11.90</ItemPrice>
      <UnitOfMeasurePrice>2.3800</UnitOfMeasurePrice>
      <AllowDiscount>1</AllowDiscount>
      <ItemStatus>1</ItemStatus>
      <ItemId>242528</ItemId>
    </Item>
    <Item>
      <PriceUpdateDate>2015-01-01 00:00:00</PriceUpdateDate>
      <ItemCode>8836272</ItemCode>
      <ItemType>0</ItemType>
      <ItemName>יין מוסקט המבורג נינ</ItemName>
      <ManufacturerName>יקב טפרברג 1870 בעמ</ManufacturerName>
      <ManufactureCountry>לא ידוע</ManufactureCountry>
      <ManufacturerItemDescription>יין מוסקט המבורג נינוה 750מ"ל</ManufacturerItemDescription>
      <UnitQty>מיליליטרים</UnitQty>
      <Quantity>750.00</Quantity>
      <UnitOfMeasure>100 מ"ל</UnitOfMeasure>
      <bIsWeighted>0</bIsWeighted>
      <QtyInPackage>1</QtyInPackage>
      <ItemPrice>19.90</ItemPrice>
      <UnitOfMeasurePrice>2.6533</UnitOfMeasurePrice>
      <AllowDiscount>1</AllowDiscount>
      <ItemStatus>1</ItemStatus>
      <ItemId>242585</ItemId>
    </Item>
    <Item>
      <PriceUpdateDate>2015-01-01 00:00:00</PriceUpdateDate>
      <ItemCode>7290013615800</ItemCode>
      <ItemType>0</ItemType>
      <ItemName>אפונה קפואה 1 ק"ג</ItemName>
      <ManufacturerName>,</ManufacturerName>
      <ManufactureCountry>לא ידוע</ManufactureCountry>
      <ManufacturerItemDescription>אפונה קפואה 1 ק"ג</ManufacturerItemDescription>
      <UnitQty>קילוגרמים</UnitQty>
      <Quantity>1.00</Quantity>
      <UnitOfMeasure>ק"ג     </UnitOfMeasure>
      <bIsWeighted>0</bIsWeighted>
      <QtyInPackage>1</QtyInPackage>
      <ItemPrice>10.90</ItemPrice>
      <UnitOfMeasurePrice>10.9000</UnitOfMeasurePrice>
      <AllowDiscount>1</AllowDiscount>
      <ItemStatus>1</ItemStatus>
      <ItemId>242590</ItemId>
    </Item>
    <Item>
      <PriceUpdateDate>2015-01-01 00:00:00</PriceUpdateDate>
      <ItemCode>7290013615794</ItemCode>
      <ItemType>0</ItemType>
      <ItemName>אפונה וגזר קפואה 1 ק</ItemName>
      <ManufacturerName>,</ManufacturerName>
      <ManufactureCountry>לא ידוע</ManufactureCountry>
      <ManufacturerItemDescription>אפונה וגזר קפואה 1 ק"ג</ManufacturerItemDescription>
      <UnitQty>קילוגרמים</UnitQty>
      <Quantity>1.00</Quantity>
      <UnitOfMeasure>ק"ג     </UnitOfMeasure>
      <bIsWeighted>0</bIsWeighted>
      <QtyInPackage>1</QtyInPackage>
      <ItemPrice>10.90</ItemPrice>
      <UnitOfMeasurePrice>10.9000</UnitOfMeasurePrice>
      <AllowDiscount>1</AllowDiscount>
      <ItemStatus>1</ItemStatus>
      <ItemId>242591</ItemId>
    </Item>
    <Item>
      <PriceUpdateDate>2015-11-12 12:14:27</PriceUpdateDate>
      <ItemCode>7290013615817</ItemCode>
      <ItemType>0</ItemType>
      <ItemName>ירקות מעורבים 1 ק"ג</ItemName>
      <ManufacturerName>,</ManufacturerName>
      <ManufactureCountry>לא ידוע</ManufactureCountry>
      <ManufacturerItemDescription>ירקות מעורבים 1 ק"ג בית יוסף</ManufacturerItemDescription>
      <UnitQty>קילוגרמים</UnitQty>
      <Quantity>1.00</Quantity>
      <UnitOfMeasure>ק"ג     </UnitOfMeasure>
      <bIsWeighted>0</bIsWeighted>
      <QtyInPackage>1</QtyInPackage>
      <ItemPrice>10.90</ItemPrice>
      <UnitOfMeasurePrice>10.9000</UnitOfMeasurePrice>
      <AllowDiscount>1</AllowDiscount>
      <ItemStatus>1</ItemStatus>
      <ItemId>242592</ItemId>
    </Item>
    <Item>
      <PriceUpdateDate>2015-01-01 00:00:00</PriceUpdateDate>
      <ItemCode>7290013615770</ItemCode>
      <ItemType>0</ItemType>
      <ItemName>שעועית חתוכה צהובה 1</ItemName>
      <ManufacturerName>,</ManufacturerName>
      <ManufactureCountry>לא ידוע</ManufactureCountry>
      <ManufacturerItemDescription>שעועית חתוכה צהובה 1 ק"ג</ManufacturerItemDescription>
      <UnitQty>קילוגרמים</UnitQty>
      <Quantity>1.00</Quantity>
      <UnitOfMeasure>ק"ג     </UnitOfMeasure>
      <bIsWeighted>0</bIsWeighted>
      <QtyInPackage>1</QtyInPackage>
      <ItemPrice>10.90</ItemPrice>
      <UnitOfMeasurePrice>10.9000</UnitOfMeasurePrice>
      <AllowDiscount>1</AllowDiscount>
      <ItemStatus>1</ItemStatus>
      <ItemId>242594</ItemId>
    </Item>
    <Item>
      <PriceUpdateDate>2015-01-01 00:00:00</PriceUpdateDate>
      <ItemCode>7290013615763</ItemCode>
      <ItemType>0</ItemType>
      <ItemName>שעועית שלמה 1 ק"ג</ItemName>
      <ManufacturerName>,</ManufacturerName>
      <ManufactureCountry>לא ידוע</ManufactureCountry>
      <ManufacturerItemDescription>שעועית שלמה 1 ק"ג</ManufacturerItemDescription>
      <UnitQty>קילוגרמים</UnitQty>
      <Quantity>1.00</Quantity>
      <UnitOfMeasure>ק"ג     </UnitOfMeasure>
      <bIsWeighted>0</bIsWeighted>
      <QtyInPackage>1</QtyInPackage>
      <ItemPrice>10.90</ItemPrice>
      <UnitOfMeasurePrice>10.9000</UnitOfMeasurePrice>
      <AllowDiscount>1</AllowDiscount>
      <ItemStatus>1</ItemStatus>
      <ItemId>242595</ItemId>
    </Item>
    <Item>
      <PriceUpdateDate>2015-01-01 00:00:00</PriceUpdateDate>
      <ItemCode>7290013615848</ItemCode>
      <ItemType>0</ItemType>
      <ItemName>תירס גרעינים 1 ק"ג ב</ItemName>
      <ManufacturerName>,</ManufacturerName>
      <ManufactureCountry>לא ידוע</ManufactureCountry>
      <ManufacturerItemDescription>תירס גרעינים 1 ק"ג בית יוסף</ManufacturerItemDescription>
      <UnitQty>קילוגרמים</UnitQty>
      <Quantity>1.00</Quantity>
      <UnitOfMeasure>ק"ג     </UnitOfMeasure>
      <bIsWeighted>0</bIsWeighted>
      <QtyInPackage>1</QtyInPackage>
      <ItemPrice>10.90</ItemPrice>
      <UnitOfMeasurePrice>10.9000</UnitOfMeasurePrice>
      <AllowDiscount>1</AllowDiscount>
      <ItemStatus>1</ItemStatus>
      <ItemId>242596</ItemId>
    </Item>
    <Item>
      <PriceUpdateDate>2015-01-01 00:00:00</PriceUpdateDate>
      <ItemCode>7290013615824</ItemCode>
      <ItemType>0</ItemType>
      <ItemName>גזר גמדי 1 ק"ג</ItemName>
      <ManufacturerName>,</ManufacturerName>
      <ManufactureCountry>לא ידוע</ManufactureCountry>
      <ManufacturerItemDescription>גזר גמדי 1 ק"ג</ManufacturerItemDescription>
      <UnitQty>קילוגרמים</UnitQty>
      <Quantity>1.00</Quantity>
      <UnitOfMeasure>ק"ג     </UnitOfMeasure>
      <bIsWeighted>0</bIsWeighted>
      <QtyInPackage>1</QtyInPackage>
      <ItemPrice>9.90</ItemPrice>
      <UnitOfMeasurePrice>9.9000</UnitOfMeasurePrice>
      <AllowDiscount>1</AllowDiscount>
      <ItemStatus>1</ItemStatus>
      <ItemId>242597</ItemId>
    </Item>
    <Item>
      <PriceUpdateDate>2015-01-01 00:00:00</PriceUpdateDate>
      <ItemCode>7290013615831</ItemCode>
      <ItemType>0</ItemType>
      <ItemName>במיה 1 ק"ג</ItemName>
      <ManufacturerName>,</ManufacturerName>
      <ManufactureCountry>לא ידוע</ManufactureCountry>
      <ManufacturerItemDescription>במיה 1 ק"ג</ManufacturerItemDescription>
      <UnitQty>קילוגרמים</UnitQty>
      <Quantity>1.00</Quantity>
      <UnitOfMeasure>ק"ג     </UnitOfMeasure>
      <bIsWeighted>0</bIsWeighted>
      <QtyInPackage>1</QtyInPackage>
      <ItemPrice>13.90</ItemPrice>
      <UnitOfMeasurePrice>13.9000</UnitOfMeasurePrice>
      <AllowDiscount>1</AllowDiscount>
      <ItemStatus>1</ItemStatus>
      <ItemId>242598</ItemId>
    </Item>
    <Item>
      <PriceUpdateDate>2015-01-01 00:00:00</PriceUpdateDate>
      <ItemCode>7290013615855</ItemCode>
      <ItemType>0</ItemType>
      <ItemName>פול 1 ק"ג</ItemName>
      <ManufacturerName>,</ManufacturerName>
      <ManufactureCountry>לא ידוע</ManufactureCountry>
      <ManufacturerItemDescription>פול 1 ק"ג</ManufacturerItemDescription>
      <UnitQty>קילוגרמים</UnitQty>
      <Quantity>1.00</Quantity>
      <UnitOfMeasure>ק"ג     </UnitOfMeasure>
      <bIsWeighted>0</bIsWeighted>
      <QtyInPackage>1</QtyInPackage>
      <ItemPrice>13.90</ItemPrice>
      <UnitOfMeasurePrice>13.9000</UnitOfMeasurePrice>
      <AllowDiscount>1</AllowDiscount>
      <ItemStatus>1</ItemStatus>
      <ItemId>242599</ItemId>
    </Item>
    <Item>
      <PriceUpdateDate>2015-01-01 00:00:00</PriceUpdateDate>
      <ItemCode>7290013615879</ItemCode>
      <ItemType>0</ItemType>
      <ItemName>חומוס קפוא 1 ק"ג</ItemName>
      <ManufacturerName>,</ManufacturerName>
      <ManufactureCountry>לא ידוע</ManufactureCountry>
      <ManufacturerItemDescription>חומוס קפוא 1 ק"ג</ManufacturerItemDescription>
      <UnitQty>קילוגרמים</UnitQty>
      <Quantity>1.00</Quantity>
      <UnitOfMeasure>ק"ג     </UnitOfMeasure>
      <bIsWeighted>0</bIsWeighted>
      <QtyInPackage>1</QtyInPackage>
      <ItemPrice>13.90</ItemPrice>
      <UnitOfMeasurePrice>13.9000</UnitOfMeasurePrice>
      <AllowDiscount>1</AllowDiscount>
      <ItemStatus>1</ItemStatus>
      <ItemId>242600</ItemId>
    </Item>
    <Item>
      <PriceUpdateDate>2015-01-01 00:00:00</PriceUpdateDate>
      <ItemCode>7290013615862</ItemCode>
      <ItemType>0</ItemType>
      <ItemName>שעועית לבנה קפואה</ItemName>
      <ManufacturerName>,</ManufacturerName>
      <ManufactureCountry>לא ידוע</ManufactureCountry>
      <ManufacturerItemDescription>שעועית לבנה קפואה 1 ק"ג</ManufacturerItemDescription>
      <UnitQty>קילוגרמים</UnitQty>
      <Quantity>1.00</Quantity>
      <UnitOfMeasure>ק"ג     </UnitOfMeasure>
      <bIsWeighted>0</bIsWeighted>
      <QtyInPackage>1</QtyInPackage>
      <ItemPrice>13.90</ItemPrice>
      <UnitOfMeasurePrice>13.9000</UnitOfMeasurePrice>
      <AllowDiscount>1</AllowDiscount>
      <ItemStatus>1</ItemStatus>
      <ItemId>242601</ItemId>
    </Item>
    <Item>
      <PriceUpdateDate>2015-01-01 00:00:00</PriceUpdateDate>
      <ItemCode>8837989</ItemCode>
      <ItemType>0</ItemType>
      <ItemName>יין כרמי שי אדום 1 ל</ItemName>
      <ManufacturerName>,</ManufacturerName>
      <ManufactureCountry>לא ידוע</ManufactureCountry>
      <ManufacturerItemDescription>יין כרמי שי אדום 1 ליטר</ManufacturerItemDescription>
      <UnitQty>ליטרים</UnitQty>
      <Quantity>1.00</Quantity>
      <UnitOfMeasure>ליטר    </UnitOfMeasure>
      <bIsWeighted>0</bIsWeighted>
      <QtyInPackage>1</QtyInPackage>
      <ItemPrice>16.90</ItemPrice>
      <UnitOfMeasurePrice>16.9000</UnitOfMeasurePrice>
      <AllowDiscount>1</AllowDiscount>
      <ItemStatus>1</ItemStatus>
      <ItemId>242645</ItemId>
    </Item>
    <Item>
      <PriceUpdateDate>2016-06-29 12:40:33</PriceUpdateDate>
      <ItemCode>7290016334173</ItemCode>
      <ItemType>1</ItemType>
      <ItemName>פלפלוני שף</ItemName>
      <ManufacturerName>,</ManufacturerName>
      <ManufactureCountry>לא ידוע</ManufactureCountry>
      <ManufacturerItemDescription>פלפלוני שף</ManufacturerItemDescription>
      <UnitQty>Unknown </UnitQty>
      <Quantity>0.00</Quantity>
      <UnitOfMeasure>Unknown </UnitOfMeasure>
      <bIsWeighted>0</bIsWeighted>
      <QtyInPackage>1</QtyInPackage>
      <ItemPrice>7.90</ItemPrice>
      <UnitOfMeasurePrice>0.0000</UnitOfMeasurePrice>
      <AllowDiscount>1</AllowDiscount>
      <ItemStatus>1</ItemStatus>
      <ItemId>268713</ItemId>
    </Item>
    <Item>
      <PriceUpdateDate>2015-01-01 00:00:00</PriceUpdateDate>
      <ItemCode>8754613</ItemCode>
      <ItemType>0</ItemType>
      <ItemName>רולדת שוקולד מצופה 3</ItemName>
      <ManufacturerName>עלית</ManufacturerName>
      <ManufactureCountry>פולין</ManufactureCountry>
      <ManufacturerItemDescription>רולדת שוקולד מצופה 350 גרם OU</ManufacturerItemDescription>
      <UnitQty>גרמים</UnitQty>
      <Quantity>350.00</Quantity>
      <UnitOfMeasure>100 גרם</UnitOfMeasure>
      <bIsWeighted>0</bIsWeighted>
      <QtyInPackage>1</QtyInPackage>
      <ItemPrice>14.50</ItemPrice>
      <UnitOfMeasurePrice>4.1429</UnitOfMeasurePrice>
      <AllowDiscount>1</AllowDiscount>
      <ItemStatus>1</ItemStatus>
      <ItemId>242686</ItemId>
    </Item>
    <Item>
      <PriceUpdateDate>2015-01-01 00:00:00</PriceUpdateDate>
      <ItemCode>8714789292939</ItemCode>
      <ItemType>0</ItemType>
      <ItemName>מברשת שיניים מקס פרש</ItemName>
      <ManufacturerName>,</ManufacturerName>
      <ManufactureCountry>לא ידוע</ManufactureCountry>
      <ManufacturerItemDescription>מברשת שיניים מקס פרש S זוג</ManufacturerItemDescription>
      <UnitQty>Unknown </UnitQty>
      <Quantity>0.00</Quantity>
      <UnitOfMeasure>Unknown </UnitOfMeasure>
      <bIsWeighted>0</bIsWeighted>
      <QtyInPackage>1</QtyInPackage>
      <ItemPrice>19.90</ItemPrice>
      <UnitOfMeasurePrice>0.0000</UnitOfMeasurePrice>
      <AllowDiscount>1</AllowDiscount>
      <ItemStatus>1</ItemStatus>
      <ItemId>242695</ItemId>
    </Item>
    <Item>
      <PriceUpdateDate>2015-01-01 00:00:00</PriceUpdateDate>
      <ItemCode>166414</ItemCode>
      <ItemType>0</ItemType>
      <ItemName>מזולה ללא מלח 200 גר</ItemName>
      <ManufacturerName>יוניליוור</ManufacturerName>
      <ManufactureCountry>ישראל</ManufactureCountry>
      <ManufacturerItemDescription>מזולה ללא מלח 200 גרם</ManufacturerItemDescription>
      <UnitQty>גרמים</UnitQty>
      <Quantity>200.00</Quantity>
      <UnitOfMeasure>100 גרם</UnitOfMeasure>
      <bIsWeighted>0</bIsWeighted>
      <QtyInPackage>1</QtyInPackage>
      <ItemPrice>6.50</ItemPrice>
      <UnitOfMeasurePrice>3.2500</UnitOfMeasurePrice>
      <AllowDiscount>1</AllowDiscount>
      <ItemStatus>1</ItemStatus>
      <ItemId>242702</ItemId>
    </Item>
    <Item>
      <PriceUpdateDate>2015-01-01 00:00:00</PriceUpdateDate>
      <ItemCode>166421</ItemCode>
      <ItemType>0</ItemType>
      <ItemName>מזולה טעם חמאה 200 ג</ItemName>
      <ManufacturerName>יוניליוור</ManufacturerName>
      <ManufactureCountry>ישראל</ManufactureCountry>
      <ManufacturerItemDescription>מזולה טעם חמאה 200 גרם</ManufacturerItemDescription>
      <UnitQty>גרמים</UnitQty>
      <Quantity>200.00</Quantity>
      <UnitOfMeasure>100 גרם</UnitOfMeasure>
      <bIsWeighted>0</bIsWeighted>
      <QtyInPackage>1</QtyInPackage>
      <ItemPrice>6.50</ItemPrice>
      <UnitOfMeasurePrice>3.2500</UnitOfMeasurePrice>
      <AllowDiscount>1</AllowDiscount>
      <ItemStatus>1</ItemStatus>
      <ItemId>242703</ItemId>
    </Item>
    <Item>
      <PriceUpdateDate>2015-01-01 00:00:00</PriceUpdateDate>
      <ItemCode>8032573170035</ItemCode>
      <ItemType>0</ItemType>
      <ItemName>יין מוסקטו טרה סירה</ItemName>
      <ManufacturerName>,</ManufacturerName>
      <ManufactureCountry>לא ידוע</ManufactureCountry>
      <ManufacturerItemDescription>יין מוסקטו טרה סירה 750 מ"ל</ManufacturerItemDescription>
      <UnitQty>מיליליטרים</UnitQty>
      <Quantity>750.00</Quantity>
      <UnitOfMeasure>100 מ"ל</UnitOfMeasure>
      <bIsWeighted>0</bIsWeighted>
      <QtyInPackage>1</QtyInPackage>
      <ItemPrice>29.90</ItemPrice>
      <UnitOfMeasurePrice>3.9867</UnitOfMeasurePrice>
      <AllowDiscount>1</AllowDiscount>
      <ItemStatus>1</ItemStatus>
      <ItemId>242715</ItemId>
    </Item>
    <Item>
      <PriceUpdateDate>2015-01-01 00:00:00</PriceUpdateDate>
      <ItemCode>7290014308626</ItemCode>
      <ItemType>0</ItemType>
      <ItemName>פלפל שחור גרוס 80 גר</ItemName>
      <ManufacturerName>,</ManufacturerName>
      <ManufactureCountry>לא ידוע</ManufactureCountry>
      <ManufacturerItemDescription>פלפל שחור גרוס 80 גרם</ManufacturerItemDescription>
      <UnitQty>גרמים</UnitQty>
      <Quantity>80.00</Quantity>
      <UnitOfMeasure>100 גרם</UnitOfMeasure>
      <bIsWeighted>0</bIsWeighted>
      <QtyInPackage>1</QtyInPackage>
      <ItemPrice>13.90</ItemPrice>
      <UnitOfMeasurePrice>17.3750</UnitOfMeasurePrice>
      <AllowDiscount>1</AllowDiscount>
      <ItemStatus>1</ItemStatus>
      <ItemId>254276</ItemId>
    </Item>
    <Item>
      <PriceUpdateDate>2015-01-01 00:00:00</PriceUpdateDate>
      <ItemCode>2706083</ItemCode>
      <ItemType>0</ItemType>
      <ItemName>פילה סלמון מעובד בד"</ItemName>
      <ManufacturerName>דלידג</ManufacturerName>
      <ManufactureCountry>לא ידוע</ManufactureCountry>
      <ManufacturerItemDescription>פילה סלמון מעובד בד"צ</ManufacturerItemDescription>
      <UnitQty>קילוגרמים</UnitQty>
      <Quantity>1.00</Quantity>
      <UnitOfMeasure>ק"ג</UnitOfMeasure>
      <bIsWeighted>1</bIsWeighted>
      <QtyInPackage>לא ידוע</QtyInPackage>
      <ItemPrice>59.90</ItemPrice>
      <UnitOfMeasurePrice>59.9000</UnitOfMeasurePrice>
      <AllowDiscount>1</AllowDiscount>
      <ItemStatus>1</ItemStatus>
      <ItemId>247984</ItemId>
    </Item>
    <Item>
      <PriceUpdateDate>2015-01-01 00:00:00</PriceUpdateDate>
      <ItemCode>7290013848765</ItemCode>
      <ItemType>0</ItemType>
      <ItemName>קפסולות גל כביסה סנו</ItemName>
      <ManufacturerName>סנו</ManufacturerName>
      <ManufactureCountry>לא ידוע</ManufactureCountry>
      <ManufacturerItemDescription>קפסולות גל כביסה סנו מקסימה 22 יח</ManufacturerItemDescription>
      <UnitQty>גרמים</UnitQty>
      <Quantity>704.00</Quantity>
      <UnitOfMeasure>100 גרם</UnitOfMeasure>
      <bIsWeighted>0</bIsWeighted>
      <QtyInPackage>1</QtyInPackage>
      <ItemPrice>21.90</ItemPrice>
      <UnitOfMeasurePrice>3.1108</UnitOfMeasurePrice>
      <AllowDiscount>1</AllowDiscount>
      <ItemStatus>1</ItemStatus>
      <ItemId>242727</ItemId>
    </Item>
    <Item>
      <PriceUpdateDate>2015-01-01 00:00:00</PriceUpdateDate>
      <ItemCode>7290105961549</ItemCode>
      <ItemType>0</ItemType>
      <ItemName>עד חצות חלב מגדים</ItemName>
      <ManufacturerName>,</ManufacturerName>
      <ManufactureCountry>לא ידוע</ManufactureCountry>
      <ManufacturerItemDescription>עד חצות חלב מגדים 200 גרם</ManufacturerItemDescription>
      <UnitQty>גרמים</UnitQty>
      <Quantity>200.00</Quantity>
      <UnitOfMeasure>100 גרם</UnitOfMeasure>
      <bIsWeighted>0</bIsWeighted>
      <QtyInPackage>1</QtyInPackage>
      <ItemPrice>11.90</ItemPrice>
      <UnitOfMeasurePrice>5.9500</UnitOfMeasurePrice>
      <AllowDiscount>1</AllowDiscount>
      <ItemStatus>1</ItemStatus>
      <ItemId>242739</ItemId>
    </Item>
    <Item>
      <PriceUpdateDate>2015-01-01 00:00:00</PriceUpdateDate>
      <ItemCode>7290105961778</ItemCode>
      <ItemType>0</ItemType>
      <ItemName>אצבעות שוקולד לבן מג</ItemName>
      <ManufacturerName>,</ManufacturerName>
      <ManufactureCountry>לא ידוע</ManufactureCountry>
      <ManufacturerItemDescription>אצבעות שוקולד לבן מגדים 96 גרם</ManufacturerItemDescription>
      <UnitQty>גרמים</UnitQty>
      <Quantity>96.00</Quantity>
      <UnitOfMeasure>100 גרם</UnitOfMeasure>
      <bIsWeighted>0</bIsWeighted>
      <QtyInPackage>1</QtyInPackage>
      <ItemPrice>6.90</ItemPrice>
      <UnitOfMeasurePrice>7.1875</UnitOfMeasurePrice>
      <AllowDiscount>1</AllowDiscount>
      <ItemStatus>1</ItemStatus>
      <ItemId>242752</ItemId>
    </Item>
    <Item>
      <PriceUpdateDate>2015-01-01 00:00:00</PriceUpdateDate>
      <ItemCode>7290013848611</ItemCode>
      <ItemType>0</ItemType>
      <ItemName>נייר אלומיניום סנו ס</ItemName>
      <ManufacturerName>ווינפאק</ManufacturerName>
      <ManufactureCountry>לא ידוע</ManufactureCountry>
      <ManufacturerItemDescription>נייר אלומיניום סנו סושי 61 מטר</ManufacturerItemDescription>
      <UnitQty>Unknown </UnitQty>
      <Quantity>0.00</Quantity>
      <UnitOfMeasure>Unknown </UnitOfMeasure>
      <bIsWeighted>0</bIsWeighted>
      <QtyInPackage>1</QtyInPackage>
      <ItemPrice>39.90</ItemPrice>
      <UnitOfMeasurePrice>0.0000</UnitOfMeasurePrice>
      <AllowDiscount>1</AllowDiscount>
      <ItemStatus>1</ItemStatus>
      <ItemId>242755</ItemId>
    </Item>
    <Item>
      <PriceUpdateDate>2015-01-01 00:00:00</PriceUpdateDate>
      <ItemCode>7290105964915</ItemCode>
      <ItemType>0</ItemType>
      <ItemName>פופקורן 80 גרם עלית</ItemName>
      <ManufacturerName>שטראוס</ManufacturerName>
      <ManufactureCountry>ישראל</ManufactureCountry>
      <ManufacturerItemDescription>פופקורן 80 גרם עלית</ManufacturerItemDescription>
      <UnitQty>גרמים</UnitQty>
      <Quantity>80.00</Quantity>
      <UnitOfMeasure>100 גרם</UnitOfMeasure>
      <bIsWeighted>0</bIsWeighted>
      <QtyInPackage>1</QtyInPackage>
      <ItemPrice>3.30</ItemPrice>
      <UnitOfMeasurePrice>4.1250</UnitOfMeasurePrice>
      <AllowDiscount>1</AllowDiscount>
      <ItemStatus>1</ItemStatus>
      <ItemId>242758</ItemId>
    </Item>
    <Item>
      <PriceUpdateDate>2015-06-30 12:13:30</PriceUpdateDate>
      <ItemCode>7290105364890</ItemCode>
      <ItemType>0</ItemType>
      <ItemName>שוקולד פרה מריר 60%</ItemName>
      <ManufacturerName>,</ManufacturerName>
      <ManufactureCountry>לא ידוע</ManufactureCountry>
      <ManufacturerItemDescription>שוקולד פרה מריר 60% ללא סוכר OU</ManufacturerItemDescription>
      <UnitQty>גרמים</UnitQty>
      <Quantity>100.00</Quantity>
      <UnitOfMeasure>100 גרם</UnitOfMeasure>
      <bIsWeighted>0</bIsWeighted>
      <QtyInPackage>1</QtyInPackage>
      <ItemPrice>8.70</ItemPrice>
      <UnitOfMeasurePrice>8.7000</UnitOfMeasurePrice>
      <AllowDiscount>1</AllowDiscount>
      <ItemStatus>1</ItemStatus>
      <ItemId>242760</ItemId>
    </Item>
    <Item>
      <PriceUpdateDate>2015-06-30 12:13:30</PriceUpdateDate>
      <ItemCode>3904389</ItemCode>
      <ItemType>0</ItemType>
      <ItemName>שוקולד פרה מריר ללא</ItemName>
      <ManufacturerName>שטראוס</ManufacturerName>
      <ManufactureCountry>ישראל</ManufactureCountry>
      <ManufacturerItemDescription>שוקולד פרה מריר ללא סוכר OU</ManufacturerItemDescription>
      <UnitQty>גרמים</UnitQty>
      <Quantity>100.00</Quantity>
      <UnitOfMeasure>100 גרם</UnitOfMeasure>
      <bIsWeighted>0</bIsWeighted>
      <QtyInPackage>1</QtyInPackage>
      <ItemPrice>8.70</ItemPrice>
      <UnitOfMeasurePrice>8.7000</UnitOfMeasurePrice>
      <AllowDiscount>1</AllowDiscount>
      <ItemStatus>1</ItemStatus>
      <ItemId>242762</ItemId>
    </Item>
    <Item>
      <PriceUpdateDate>2015-06-30 12:13:30</PriceUpdateDate>
      <ItemCode>3905362</ItemCode>
      <ItemType>0</ItemType>
      <ItemName>שוקולד פרה חלב ללא ס</ItemName>
      <ManufacturerName>שטראוס</ManufacturerName>
      <ManufactureCountry>ישראל</ManufactureCountry>
      <ManufacturerItemDescription>שוקולד פרה חלב ללא סוכר OU</ManufacturerItemDescription>
      <UnitQty>גרמים</UnitQty>
      <Quantity>100.00</Quantity>
      <UnitOfMeasure>100 גרם</UnitOfMeasure>
      <bIsWeighted>0</bIsWeighted>
      <QtyInPackage>1</QtyInPackage>
      <ItemPrice>8.70</ItemPrice>
      <UnitOfMeasurePrice>8.7000</UnitOfMeasurePrice>
      <AllowDiscount>1</AllowDiscount>
      <ItemStatus>1</ItemStatus>
      <ItemId>242763</ItemId>
    </Item>
    <Item>
      <PriceUpdateDate>2015-01-01 00:00:00</PriceUpdateDate>
      <ItemCode>184708</ItemCode>
      <ItemType>0</ItemType>
      <ItemName>בפלות שוקולד ללא סוכ</ItemName>
      <ManufacturerName>שטראוס</ManufacturerName>
      <ManufactureCountry>ישראל</ManufactureCountry>
      <ManufacturerItemDescription>בפלות שוקולד ללא סוכר 500 גרם</ManufacturerItemDescription>
      <UnitQty>גרמים</UnitQty>
      <Quantity>500.00</Quantity>
      <UnitOfMeasure>100 גרם</UnitOfMeasure>
      <bIsWeighted>0</bIsWeighted>
      <QtyInPackage>1</QtyInPackage>
      <ItemPrice>18.90</ItemPrice>
      <UnitOfMeasurePrice>3.7800</UnitOfMeasurePrice>
      <AllowDiscount>1</AllowDiscount>
      <ItemStatus>1</ItemStatus>
      <ItemId>242764</ItemId>
    </Item>
    <Item>
      <PriceUpdateDate>2015-01-01 00:00:00</PriceUpdateDate>
      <ItemCode>7290103407421</ItemCode>
      <ItemType>0</ItemType>
      <ItemName>מאגדת שלישית פסק זמן</ItemName>
      <ManufacturerName>שטראוס</ManufacturerName>
      <ManufactureCountry>ישראל</ManufactureCountry>
      <ManufacturerItemDescription>מאגדת שלישית פסק זמן ללא סוכר</ManufacturerItemDescription>
      <UnitQty>גרמים</UnitQty>
      <Quantity>135.00</Quantity>
      <UnitOfMeasure>100 גרם</UnitOfMeasure>
      <bIsWeighted>0</bIsWeighted>
      <QtyInPackage>1</QtyInPackage>
      <ItemPrice>15.90</ItemPrice>
      <UnitOfMeasurePrice>11.7778</UnitOfMeasurePrice>
      <AllowDiscount>1</AllowDiscount>
      <ItemStatus>1</ItemStatus>
      <ItemId>242765</ItemId>
    </Item>
    <Item>
      <PriceUpdateDate>2015-01-01 00:00:00</PriceUpdateDate>
      <ItemCode>7290105368225</ItemCode>
      <ItemType>0</ItemType>
      <ItemName>חומוס עם פלפל שיפקה</ItemName>
      <ManufacturerName>שטראוס</ManufacturerName>
      <ManufactureCountry>ישראל</ManufactureCountry>
      <ManufacturerItemDescription>חומוס עם פלפל שיפקה 400 גרם</ManufacturerItemDescription>
      <UnitQty>גרמים</UnitQty>
      <Quantity>400.00</Quantity>
      <UnitOfMeasure>100 גרם</UnitOfMeasure>
      <bIsWeighted>0</bIsWeighted>
      <QtyInPackage>1</QtyInPackage>
      <ItemPrice>9.90</ItemPrice>
      <UnitOfMeasurePrice>2.4750</UnitOfMeasurePrice>
      <AllowDiscount>1</AllowDiscount>
      <ItemStatus>1</ItemStatus>
      <ItemId>242766</ItemId>
    </Item>
    <Item>
      <PriceUpdateDate>2015-01-01 00:00:00</PriceUpdateDate>
      <ItemCode>6788672</ItemCode>
      <ItemType>0</ItemType>
      <ItemName>שמפו 10 למניעת קשקשי</ItemName>
      <ManufacturerName>אמיליה קוסמטיקס</ManufacturerName>
      <ManufactureCountry>לא ידוע</ManufactureCountry>
      <ManufacturerItemDescription>שמפו 10 למניעת קשקשים 700 מ"ל</ManufacturerItemDescription>
      <UnitQty>מיליליטרים</UnitQty>
      <Quantity>700.00</Quantity>
      <UnitOfMeasure>100 מ"ל</UnitOfMeasure>
      <bIsWeighted>0</bIsWeighted>
      <QtyInPackage>1</QtyInPackage>
      <ItemPrice>12.90</ItemPrice>
      <UnitOfMeasurePrice>1.8429</UnitOfMeasurePrice>
      <AllowDiscount>1</AllowDiscount>
      <ItemStatus>1</ItemStatus>
      <ItemId>242770</ItemId>
    </Item>
    <Item>
      <PriceUpdateDate>2016-07-04 16:25:35</PriceUpdateDate>
      <ItemCode>4770237049450</ItemCode>
      <ItemType>1</ItemType>
      <ItemName>גלידה וניל בכוס</ItemName>
      <ManufacturerName>,</ManufacturerName>
      <ManufactureCountry>לא ידוע</ManufactureCountry>
      <ManufacturerItemDescription>גלידה בכוס 70 גרם</ManufacturerItemDescription>
      <UnitQty>גרמים</UnitQty>
      <Quantity>70.00</Quantity>
      <UnitOfMeasure>100 גרם</UnitOfMeasure>
      <bIsWeighted>0</bIsWeighted>
      <QtyInPackage>1</QtyInPackage>
      <ItemPrice>4.90</ItemPrice>
      <UnitOfMeasurePrice>7.0000</UnitOfMeasurePrice>
      <AllowDiscount>1</AllowDiscount>
      <ItemStatus>1</ItemStatus>
      <ItemId>268768</ItemId>
    </Item>
    <Item>
      <PriceUpdateDate>2015-01-01 00:00:00</PriceUpdateDate>
      <ItemCode>816696010601</ItemCode>
      <ItemType>0</ItemType>
      <ItemName>צלחת 10.75 ברוק לבן</ItemName>
      <ManufacturerName>HANTRONIX</ManufacturerName>
      <ManufactureCountry>לא ידוע</ManufactureCountry>
      <ManufacturerItemDescription>צלחת 10.75 ברוק לבן 10 יח</ManufacturerItemDescription>
      <UnitQty>Unknown </UnitQty>
      <Quantity>0.00</Quantity>
      <UnitOfMeasure>Unknown </UnitOfMeasure>
      <bIsWeighted>0</bIsWeighted>
      <QtyInPackage>1</QtyInPackage>
      <ItemPrice>39.90</ItemPrice>
      <UnitOfMeasurePrice>0.0000</UnitOfMeasurePrice>
      <AllowDiscount>1</AllowDiscount>
      <ItemStatus>1</ItemStatus>
      <ItemId>242782</ItemId>
    </Item>
    <Item>
      <PriceUpdateDate>2015-01-01 00:00:00</PriceUpdateDate>
      <ItemCode>816696010632</ItemCode>
      <ItemType>0</ItemType>
      <ItemName>צלחת מרק ברוק לבן 10</ItemName>
      <ManufacturerName>HANTRONIX</ManufacturerName>
      <ManufactureCountry>לא ידוע</ManufactureCountry>
      <ManufacturerItemDescription>צלחת מרק ברוק לבן 10 יח</ManufacturerItemDescription>
      <UnitQty>Unknown </UnitQty>
      <Quantity>0.00</Quantity>
      <UnitOfMeasure>Unknown </UnitOfMeasure>
      <bIsWeighted>0</bIsWeighted>
      <QtyInPackage>1</QtyInPackage>
      <ItemPrice>27.90</ItemPrice>
      <UnitOfMeasurePrice>0.0000</UnitOfMeasurePrice>
      <AllowDiscount>1</AllowDiscount>
      <ItemStatus>1</ItemStatus>
      <ItemId>242785</ItemId>
    </Item>
    <Item>
      <PriceUpdateDate>2015-01-01 00:00:00</PriceUpdateDate>
      <ItemCode>816696010670</ItemCode>
      <ItemType>0</ItemType>
      <ItemName>צלחת 6.5 ברוק קרם 10</ItemName>
      <ManufacturerName>HANTRONIX</ManufacturerName>
      <ManufactureCountry>לא ידוע</ManufactureCountry>
      <ManufacturerItemDescription>צלחת 6.5 ברוק קרם 10 יח</ManufacturerItemDescription>
      <UnitQty>Unknown </UnitQty>
      <Quantity>0.00</Quantity>
      <UnitOfMeasure>Unknown </UnitOfMeasure>
      <bIsWeighted>0</bIsWeighted>
      <QtyInPackage>1</QtyInPackage>
      <ItemPrice>12.90</ItemPrice>
      <UnitOfMeasurePrice>0.0000</UnitOfMeasurePrice>
      <AllowDiscount>1</AllowDiscount>
      <ItemStatus>1</ItemStatus>
      <ItemId>242789</ItemId>
    </Item>
    <Item>
      <PriceUpdateDate>2015-01-01 00:00:00</PriceUpdateDate>
      <ItemCode>816696010687</ItemCode>
      <ItemType>0</ItemType>
      <ItemName>צלחת מרק ברוק קרם</ItemName>
      <ManufacturerName>HANTRONIX</ManufacturerName>
      <ManufactureCountry>לא ידוע</ManufactureCountry>
      <ManufacturerItemDescription>צלחת מרק ברוק קרם .10 יח</ManufacturerItemDescription>
      <UnitQty>Unknown </UnitQty>
      <Quantity>0.00</Quantity>
      <UnitOfMeasure>Unknown </UnitOfMeasure>
      <bIsWeighted>0</bIsWeighted>
      <QtyInPackage>1</QtyInPackage>
      <ItemPrice>27.90</ItemPrice>
      <UnitOfMeasurePrice>0.0000</UnitOfMeasurePrice>
      <AllowDiscount>1</AllowDiscount>
      <ItemStatus>1</ItemStatus>
      <ItemId>242790</ItemId>
    </Item>
    <Item>
      <PriceUpdateDate>2015-01-01 00:00:00</PriceUpdateDate>
      <ItemCode>7290105691934</ItemCode>
      <ItemType>0</ItemType>
      <ItemName>קמח שמרים 1 ק"ג</ItemName>
      <ManufacturerName>תחנת קמח המפרץ</ManufacturerName>
      <ManufactureCountry>לא ידוע</ManufactureCountry>
      <ManufacturerItemDescription>קמח שמרים 1 ק"ג</ManufacturerItemDescription>
      <UnitQty>קילוגרמים</UnitQty>
      <Quantity>1.00</Quantity>
      <UnitOfMeasure>ק"ג     </UnitOfMeasure>
      <bIsWeighted>0</bIsWeighted>
      <QtyInPackage>1</QtyInPackage>
      <ItemPrice>7.90</ItemPrice>
      <UnitOfMeasurePrice>7.9000</UnitOfMeasurePrice>
      <AllowDiscount>1</AllowDiscount>
      <ItemStatus>1</ItemStatus>
      <ItemId>242808</ItemId>
    </Item>
    <Item>
      <PriceUpdateDate>2015-01-01 00:00:00</PriceUpdateDate>
      <ItemCode>7290015057011</ItemCode>
      <ItemType>0</ItemType>
      <ItemName>אטריות דקות להקפצה 2</ItemName>
      <ManufacturerName>,</ManufacturerName>
      <ManufactureCountry>לא ידוע</ManufactureCountry>
      <ManufacturerItemDescription>אטריות דקות להקפצה 200 גרם</ManufacturerItemDescription>
      <UnitQty>גרמים</UnitQty>
      <Quantity>200.00</Quantity>
      <UnitOfMeasure>100 גרם</UnitOfMeasure>
      <bIsWeighted>0</bIsWeighted>
      <QtyInPackage>1</QtyInPackage>
      <ItemPrice>4.90</ItemPrice>
      <UnitOfMeasurePrice>2.4500</UnitOfMeasurePrice>
      <AllowDiscount>1</AllowDiscount>
      <ItemStatus>1</ItemStatus>
      <ItemId>252496</ItemId>
    </Item>
    <Item>
      <PriceUpdateDate>2015-01-01 00:00:00</PriceUpdateDate>
      <ItemCode>8723400756552</ItemCode>
      <ItemType>0</ItemType>
      <ItemName>מנטוס צבעי הקשת 4 יח</ItemName>
      <ManufacturerName>פרפטי ואן מלה ברדה</ManufacturerName>
      <ManufactureCountry>הולנד</ManufactureCountry>
      <ManufacturerItemDescription>מנטוס צבעי הקשת 4 יח</ManufacturerItemDescription>
      <UnitQty>Unknown </UnitQty>
      <Quantity>0.00</Quantity>
      <UnitOfMeasure>Unknown </UnitOfMeasure>
      <bIsWeighted>0</bIsWeighted>
      <QtyInPackage>4</QtyInPackage>
      <ItemPrice>10.90</ItemPrice>
      <UnitOfMeasurePrice>0.0000</UnitOfMeasurePrice>
      <AllowDiscount>1</AllowDiscount>
      <ItemStatus>1</ItemStatus>
      <ItemId>242910</ItemId>
    </Item>
    <Item>
      <PriceUpdateDate>2015-01-01 00:00:00</PriceUpdateDate>
      <ItemCode>7290010259991</ItemCode>
      <ItemType>0</ItemType>
      <ItemName>צנימים 250 גרם חת"ס</ItemName>
      <ManufacturerName>דן קייק</ManufacturerName>
      <ManufactureCountry>לא ידוע</ManufactureCountry>
      <ManufacturerItemDescription>צנימים 250 גרם חת"ס פ"ת</ManufacturerItemDescription>
      <UnitQty>גרמים</UnitQty>
      <Quantity>250.00</Quantity>
      <UnitOfMeasure>100 גרם</UnitOfMeasure>
      <bIsWeighted>0</bIsWeighted>
      <QtyInPackage>1</QtyInPackage>
      <ItemPrice>7.90</ItemPrice>
      <UnitOfMeasurePrice>3.1600</UnitOfMeasurePrice>
      <AllowDiscount>1</AllowDiscount>
      <ItemStatus>1</ItemStatus>
      <ItemId>242934</ItemId>
    </Item>
    <Item>
      <PriceUpdateDate>2015-01-01 00:00:00</PriceUpdateDate>
      <ItemCode>7290012483233</ItemCode>
      <ItemType>0</ItemType>
      <ItemName>אנשובי ארוך בשמן זית</ItemName>
      <ManufacturerName>פלוט</ManufacturerName>
      <ManufactureCountry>איטליה</ManufactureCountry>
      <ManufacturerItemDescription>אנשובי ארוך בשמן זית 80 גרם צנצנת</ManufacturerItemDescription>
      <UnitQty>גרמים</UnitQty>
      <Quantity>80.00</Quantity>
      <UnitOfMeasure>100 גרם</UnitOfMeasure>
      <bIsWeighted>0</bIsWeighted>
      <QtyInPackage>1</QtyInPackage>
      <ItemPrice>13.90</ItemPrice>
      <UnitOfMeasurePrice>17.3750</UnitOfMeasurePrice>
      <AllowDiscount>1</AllowDiscount>
      <ItemStatus>1</ItemStatus>
      <ItemId>242935</ItemId>
    </Item>
    <Item>
      <PriceUpdateDate>2016-06-16 10:10:32</PriceUpdateDate>
      <ItemCode>7290003527380</ItemCode>
      <ItemType>1</ItemType>
      <ItemName>דובדבנים ללא חרצנים</ItemName>
      <ManufacturerName>,</ManufacturerName>
      <ManufactureCountry>לא ידוע</ManufactureCountry>
      <ManufacturerItemDescription>דובדבנים ללא חרצנים 680 גרם</ManufacturerItemDescription>
      <UnitQty>גרמים</UnitQty>
      <Quantity>680.00</Quantity>
      <UnitOfMeasure>100 גרם</UnitOfMeasure>
      <bIsWeighted>0</bIsWeighted>
      <QtyInPackage>1</QtyInPackage>
      <ItemPrice>7.90</ItemPrice>
      <UnitOfMeasurePrice>1.1618</UnitOfMeasurePrice>
      <AllowDiscount>1</AllowDiscount>
      <ItemStatus>1</ItemStatus>
      <ItemId>268461</ItemId>
    </Item>
    <Item>
      <PriceUpdateDate>2015-07-16 11:13:07</PriceUpdateDate>
      <ItemCode>2019794</ItemCode>
      <ItemType>0</ItemType>
      <ItemName>רסק עגבניות טבע טרי</ItemName>
      <ManufacturerName>,</ManufacturerName>
      <ManufactureCountry>לא ידוע</ManufactureCountry>
      <ManufacturerItemDescription>רסק עגבניות טבע טרי 22% 100</ManufacturerItemDescription>
      <UnitQty>גרמים</UnitQty>
      <Quantity>100.00</Quantity>
      <UnitOfMeasure>100 גרם</UnitOfMeasure>
      <bIsWeighted>0</bIsWeighted>
      <QtyInPackage>1</QtyInPackage>
      <ItemPrice>1.50</ItemPrice>
      <UnitOfMeasurePrice>1.5000</UnitOfMeasurePrice>
      <AllowDiscount>1</AllowDiscount>
      <ItemStatus>1</ItemStatus>
      <ItemId>243025</ItemId>
    </Item>
    <Item>
      <PriceUpdateDate>2015-01-01 00:00:00</PriceUpdateDate>
      <ItemCode>2019787</ItemCode>
      <ItemType>0</ItemType>
      <ItemName>רסק עגבניות טבע טרי</ItemName>
      <ManufacturerName>פריניר</ManufacturerName>
      <ManufactureCountry>לא ידוע</ManufactureCountry>
      <ManufacturerItemDescription>רסק עגבניות טבע טרי 22% 260 גרם</ManufacturerItemDescription>
      <UnitQty>גרמים</UnitQty>
      <Quantity>260.00</Quantity>
      <UnitOfMeasure>100 גרם</UnitOfMeasure>
      <bIsWeighted>0</bIsWeighted>
      <QtyInPackage>1</QtyInPackage>
      <ItemPrice>3.70</ItemPrice>
      <UnitOfMeasurePrice>1.4231</UnitOfMeasurePrice>
      <AllowDiscount>1</AllowDiscount>
      <ItemStatus>1</ItemStatus>
      <ItemId>243026</ItemId>
    </Item>
    <Item>
      <PriceUpdateDate>2015-01-01 00:00:00</PriceUpdateDate>
      <ItemCode>2019114</ItemCode>
      <ItemType>0</ItemType>
      <ItemName>רסק עגבניות פריניר</ItemName>
      <ManufacturerName>פריניר</ManufacturerName>
      <ManufactureCountry>לא ידוע</ManufactureCountry>
      <ManufacturerItemDescription>רסק עגבניות פריניר 28% 580 גרם</ManufacturerItemDescription>
      <UnitQty>גרמים</UnitQty>
      <Quantity>580.00</Quantity>
      <UnitOfMeasure>100 גרם</UnitOfMeasure>
      <bIsWeighted>0</bIsWeighted>
      <QtyInPackage>1</QtyInPackage>
      <ItemPrice>6.50</ItemPrice>
      <UnitOfMeasurePrice>1.1207</UnitOfMeasurePrice>
      <AllowDiscount>1</AllowDiscount>
      <ItemStatus>1</ItemStatus>
      <ItemId>243027</ItemId>
    </Item>
    <Item>
      <PriceUpdateDate>2015-01-01 00:00:00</PriceUpdateDate>
      <ItemCode>2019763</ItemCode>
      <ItemType>0</ItemType>
      <ItemName>עגבניות מרוסקות 800</ItemName>
      <ManufacturerName>,</ManufacturerName>
      <ManufactureCountry>לא ידוע</ManufactureCountry>
      <ManufacturerItemDescription>עגבניות מרוסקות 800 גרם</ManufacturerItemDescription>
      <UnitQty>גרמים</UnitQty>
      <Quantity>800.00</Quantity>
      <UnitOfMeasure>100 גרם</UnitOfMeasure>
      <bIsWeighted>0</bIsWeighted>
      <QtyInPackage>1</QtyInPackage>
      <ItemPrice>5.90</ItemPrice>
      <UnitOfMeasurePrice>0.7375</UnitOfMeasurePrice>
      <AllowDiscount>1</AllowDiscount>
      <ItemStatus>1</ItemStatus>
      <ItemId>243028</ItemId>
    </Item>
    <Item>
      <PriceUpdateDate>2015-09-20 12:14:23</PriceUpdateDate>
      <ItemCode>8005200496525</ItemCode>
      <ItemType>0</ItemType>
      <ItemName>נסטי בטעם אפרסק 1.5</ItemName>
      <ManufacturerName>סן פלגרינו</ManufacturerName>
      <ManufactureCountry>איטליה</ManufactureCountry>
      <ManufacturerItemDescription>נסטי בטעם אפרסק 1.5 ליטר</ManufacturerItemDescription>
      <UnitQty>ליטרים</UnitQty>
      <Quantity>1.50</Quantity>
      <UnitOfMeasure>ליטר    </UnitOfMeasure>
      <bIsWeighted>0</bIsWeighted>
      <QtyInPackage>1</QtyInPackage>
      <ItemPrice>4.90</ItemPrice>
      <UnitOfMeasurePrice>3.2667</UnitOfMeasurePrice>
      <AllowDiscount>1</AllowDiscount>
      <ItemStatus>1</ItemStatus>
      <ItemId>243054</ItemId>
    </Item>
    <Item>
      <PriceUpdateDate>2015-09-20 12:14:23</PriceUpdateDate>
      <ItemCode>8005200536528</ItemCode>
      <ItemType>0</ItemType>
      <ItemName>נסטי בטעם מנגו אננס</ItemName>
      <ManufacturerName>סן פלגרינו</ManufacturerName>
      <ManufactureCountry>איטליה</ManufactureCountry>
      <ManufacturerItemDescription>נסטי בטעם מנגו אננס 1.5 ליטר</ManufacturerItemDescription>
      <UnitQty>ליטרים</UnitQty>
      <Quantity>1.50</Quantity>
      <UnitOfMeasure>ליטר    </UnitOfMeasure>
      <bIsWeighted>0</bIsWeighted>
      <QtyInPackage>1</QtyInPackage>
      <ItemPrice>4.90</ItemPrice>
      <UnitOfMeasurePrice>3.2667</UnitOfMeasurePrice>
      <AllowDiscount>1</AllowDiscount>
      <ItemStatus>1</ItemStatus>
      <ItemId>243055</ItemId>
    </Item>
    <Item>
      <PriceUpdateDate>2016-07-14 08:17:35</PriceUpdateDate>
      <ItemCode>7290012413643</ItemCode>
      <ItemType>0</ItemType>
      <ItemName>תה ירוק קמומיל 25 שק</ItemName>
      <ManufacturerName>ויסוצקי</ManufacturerName>
      <ManufactureCountry>ישראל</ManufactureCountry>
      <ManufacturerItemDescription>תה ירוק קמומיל 25 שקיקים</ManufacturerItemDescription>
      <UnitQty>גרמים</UnitQty>
      <Quantity>38.00</Quantity>
      <UnitOfMeasure>100 גרם</UnitOfMeasure>
      <bIsWeighted>0</bIsWeighted>
      <QtyInPackage>1</QtyInPackage>
      <ItemPrice>21.50</ItemPrice>
      <UnitOfMeasurePrice>56.5789</UnitOfMeasurePrice>
      <AllowDiscount>1</AllowDiscount>
      <ItemStatus>1</ItemStatus>
      <ItemId>243061</ItemId>
    </Item>
    <Item>
      <PriceUpdateDate>2015-01-01 00:00:00</PriceUpdateDate>
      <ItemCode>7290105968098</ItemCode>
      <ItemType>0</ItemType>
      <ItemName>סלט קולסלאו 500 גרם</ItemName>
      <ManufacturerName>,</ManufacturerName>
      <ManufactureCountry>לא ידוע</ManufactureCountry>
      <ManufacturerItemDescription>סלט קולסלאו 500 גרם</ManufacturerItemDescription>
      <UnitQty>גרמים</UnitQty>
      <Quantity>500.00</Quantity>
      <UnitOfMeasure>100 גרם</UnitOfMeasure>
      <bIsWeighted>0</bIsWeighted>
      <QtyInPackage>1</QtyInPackage>
      <ItemPrice>14.90</ItemPrice>
      <UnitOfMeasurePrice>2.9800</UnitOfMeasurePrice>
      <AllowDiscount>1</AllowDiscount>
      <ItemStatus>1</ItemStatus>
      <ItemId>243084</ItemId>
    </Item>
    <Item>
      <PriceUpdateDate>2016-03-15 15:23:19</PriceUpdateDate>
      <ItemCode>7290105968630</ItemCode>
      <ItemType>0</ItemType>
      <ItemName>מאגדת אנרגי אגוזים ל</ItemName>
      <ManufacturerName>שטראוס</ManufacturerName>
      <ManufactureCountry>ישראל</ManufactureCountry>
      <ManufacturerItemDescription>מאגדת אנרגי אגוזים ללס מצופה שוקולד</ManufacturerItemDescription>
      <UnitQty>גרמים</UnitQty>
      <Quantity>168.00</Quantity>
      <UnitOfMeasure>100 גרם</UnitOfMeasure>
      <bIsWeighted>0</bIsWeighted>
      <QtyInPackage>1</QtyInPackage>
      <ItemPrice>15.90</ItemPrice>
      <UnitOfMeasurePrice>9.4643</UnitOfMeasurePrice>
      <AllowDiscount>1</AllowDiscount>
      <ItemStatus>1</ItemStatus>
      <ItemId>243091</ItemId>
    </Item>
    <Item>
      <PriceUpdateDate>2015-01-01 00:00:00</PriceUpdateDate>
      <ItemCode>70650</ItemCode>
      <ItemType>0</ItemType>
      <ItemName>מרק פטריות 1 ק"ג</ItemName>
      <ManufacturerName>אסם</ManufacturerName>
      <ManufactureCountry>לא ידוע</ManufactureCountry>
      <ManufacturerItemDescription>מרק פטריות 1 ק"ג</ManufacturerItemDescription>
      <UnitQty>קילוגרמים</UnitQty>
      <Quantity>1.00</Quantity>
      <UnitOfMeasure>ק"ג     </UnitOfMeasure>
      <bIsWeighted>0</bIsWeighted>
      <QtyInPackage>1</QtyInPackage>
      <ItemPrice>47.90</ItemPrice>
      <UnitOfMeasurePrice>47.9000</UnitOfMeasurePrice>
      <AllowDiscount>1</AllowDiscount>
      <ItemStatus>1</ItemStatus>
      <ItemId>243094</ItemId>
    </Item>
    <Item>
      <PriceUpdateDate>2015-01-01 00:00:00</PriceUpdateDate>
      <ItemCode>166605</ItemCode>
      <ItemType>0</ItemType>
      <ItemName>פנטסטיק יסמין לניקוי</ItemName>
      <ManufacturerName>יוניליוור</ManufacturerName>
      <ManufactureCountry>ישראל</ManufactureCountry>
      <ManufacturerItemDescription>פנטסטיק יסמין לניקוי כללי 4 ליטר</ManufacturerItemDescription>
      <UnitQty>ליטרים</UnitQty>
      <Quantity>4.00</Quantity>
      <UnitOfMeasure>ליטר    </UnitOfMeasure>
      <bIsWeighted>0</bIsWeighted>
      <QtyInPackage>1</QtyInPackage>
      <ItemPrice>21.90</ItemPrice>
      <UnitOfMeasurePrice>5.4750</UnitOfMeasurePrice>
      <AllowDiscount>1</AllowDiscount>
      <ItemStatus>1</ItemStatus>
      <ItemId>243097</ItemId>
    </Item>
    <Item>
      <PriceUpdateDate>2016-01-03 12:17:03</PriceUpdateDate>
      <ItemCode>7290107971638</ItemCode>
      <ItemType>1</ItemType>
      <ItemName>מארז רביעיית ספיד סט</ItemName>
      <ManufacturerName>קולגייט פלמוליב</ManufacturerName>
      <ManufactureCountry>לא ידוע</ManufactureCountry>
      <ManufacturerItemDescription>מארז רביעיית ספיד סטיק גל לאישה</ManufacturerItemDescription>
      <UnitQty>גרמים</UnitQty>
      <Quantity>380.00</Quantity>
      <UnitOfMeasure>100 גרם</UnitOfMeasure>
      <bIsWeighted>0</bIsWeighted>
      <QtyInPackage>1</QtyInPackage>
      <ItemPrice>58.90</ItemPrice>
      <UnitOfMeasurePrice>15.5000</UnitOfMeasurePrice>
      <AllowDiscount>1</AllowDiscount>
      <ItemStatus>1</ItemStatus>
      <ItemId>266344</ItemId>
    </Item>
    <Item>
      <PriceUpdateDate>2015-01-01 00:00:00</PriceUpdateDate>
      <ItemCode>7290011154776</ItemCode>
      <ItemType>0</ItemType>
      <ItemName>סילאן לחיץ 670 גרם</ItemName>
      <ManufacturerName>,</ManufacturerName>
      <ManufactureCountry>לא ידוע</ManufactureCountry>
      <ManufacturerItemDescription>סילאן לחיץ 670 גרם</ManufacturerItemDescription>
      <UnitQty>גרמים</UnitQty>
      <Quantity>670.00</Quantity>
      <UnitOfMeasure>100 גרם</UnitOfMeasure>
      <bIsWeighted>0</bIsWeighted>
      <QtyInPackage>1</QtyInPackage>
      <ItemPrice>14.90</ItemPrice>
      <UnitOfMeasurePrice>2.2239</UnitOfMeasurePrice>
      <AllowDiscount>1</AllowDiscount>
      <ItemStatus>1</ItemStatus>
      <ItemId>243133</ItemId>
    </Item>
    <Item>
      <PriceUpdateDate>2015-01-01 00:00:00</PriceUpdateDate>
      <ItemCode>7290105961525</ItemCode>
      <ItemType>0</ItemType>
      <ItemName>שוקולד ספלנדיד מריר</ItemName>
      <ManufacturerName>עלית</ManufacturerName>
      <ManufactureCountry>ישראל</ManufactureCountry>
      <ManufacturerItemDescription>שוקולד ספלנדיד מריר 85% 100 גרם OU</ManufacturerItemDescription>
      <UnitQty>גרמים</UnitQty>
      <Quantity>100.00</Quantity>
      <UnitOfMeasure>100 גרם</UnitOfMeasure>
      <bIsWeighted>0</bIsWeighted>
      <QtyInPackage>1</QtyInPackage>
      <ItemPrice>9.90</ItemPrice>
      <UnitOfMeasurePrice>9.9000</UnitOfMeasurePrice>
      <AllowDiscount>1</AllowDiscount>
      <ItemStatus>1</ItemStatus>
      <ItemId>243150</ItemId>
    </Item>
    <Item>
      <PriceUpdateDate>2015-01-01 00:00:00</PriceUpdateDate>
      <ItemCode>7290014555082</ItemCode>
      <ItemType>0</ItemType>
      <ItemName>מים מזוקקים 4 ליטר</ItemName>
      <ManufacturerName>,</ManufacturerName>
      <ManufactureCountry>לא ידוע</ManufactureCountry>
      <ManufacturerItemDescription>מים מזוקקים 4 ליטר</ManufacturerItemDescription>
      <UnitQty>Unknown </UnitQty>
      <Quantity>0.00</Quantity>
      <UnitOfMeasure>Unknown </UnitOfMeasure>
      <bIsWeighted>0</bIsWeighted>
      <QtyInPackage>1</QtyInPackage>
      <ItemPrice>9.90</ItemPrice>
      <UnitOfMeasurePrice>0.0000</UnitOfMeasurePrice>
      <AllowDiscount>1</AllowDiscount>
      <ItemStatus>1</ItemStatus>
      <ItemId>243151</ItemId>
    </Item>
    <Item>
      <PriceUpdateDate>2015-01-01 00:00:00</PriceUpdateDate>
      <ItemCode>4685072</ItemCode>
      <ItemType>0</ItemType>
      <ItemName>חלה מקמח מלא ושמן זי</ItemName>
      <ManufacturerName>,</ManufacturerName>
      <ManufactureCountry>לא ידוע</ManufactureCountry>
      <ManufacturerItemDescription>חלה מקמח מלא ושמן זית 500 גרם</ManufacturerItemDescription>
      <UnitQty>גרמים</UnitQty>
      <Quantity>500.00</Quantity>
      <UnitOfMeasure>100 גרם</UnitOfMeasure>
      <bIsWeighted>0</bIsWeighted>
      <QtyInPackage>1</QtyInPackage>
      <ItemPrice>13.90</ItemPrice>
      <UnitOfMeasurePrice>2.7800</UnitOfMeasurePrice>
      <AllowDiscount>1</AllowDiscount>
      <ItemStatus>1</ItemStatus>
      <ItemId>243186</ItemId>
    </Item>
    <Item>
      <PriceUpdateDate>2015-01-01 00:00:00</PriceUpdateDate>
      <ItemCode>159034</ItemCode>
      <ItemType>0</ItemType>
      <ItemName>שניצל אמיתי קריספי 7</ItemName>
      <ManufacturerName>עוף טוב</ManufacturerName>
      <ManufactureCountry>ישראל</ManufactureCountry>
      <ManufacturerItemDescription>שניצל אמיתי קריספי 700 גרם עוף טוב</ManufacturerItemDescription>
      <UnitQty>גרמים</UnitQty>
      <Quantity>700.00</Quantity>
      <UnitOfMeasure>100 גרם</UnitOfMeasure>
      <bIsWeighted>0</bIsWeighted>
      <QtyInPackage>1</QtyInPackage>
      <ItemPrice>29.90</ItemPrice>
      <UnitOfMeasurePrice>4.2714</UnitOfMeasurePrice>
      <AllowDiscount>1</AllowDiscount>
      <ItemStatus>1</ItemStatus>
      <ItemId>243197</ItemId>
    </Item>
    <Item>
      <PriceUpdateDate>2015-01-01 00:00:00</PriceUpdateDate>
      <ItemCode>158211</ItemCode>
      <ItemType>0</ItemType>
      <ItemName>שניצל דק ענק 700 גרם</ItemName>
      <ManufacturerName>עוף טוב</ManufacturerName>
      <ManufactureCountry>ישראל</ManufactureCountry>
      <ManufacturerItemDescription>שניצל דק ענק 700 גרםעוף טוב</ManufacturerItemDescription>
      <UnitQty>גרמים</UnitQty>
      <Quantity>700.00</Quantity>
      <UnitOfMeasure>100 גרם</UnitOfMeasure>
      <bIsWeighted>0</bIsWeighted>
      <QtyInPackage>1</QtyInPackage>
      <ItemPrice>29.90</ItemPrice>
      <UnitOfMeasurePrice>4.2714</UnitOfMeasurePrice>
      <AllowDiscount>1</AllowDiscount>
      <ItemStatus>1</ItemStatus>
      <ItemId>243199</ItemId>
    </Item>
    <Item>
      <PriceUpdateDate>2015-01-01 00:00:00</PriceUpdateDate>
      <ItemCode>158105</ItemCode>
      <ItemType>0</ItemType>
      <ItemName>שניצל דינוזאור 700 ג</ItemName>
      <ManufacturerName>עוף טוב</ManufacturerName>
      <ManufactureCountry>ישראל</ManufactureCountry>
      <ManufacturerItemDescription>שניצל דינוזאור 700 גרם עוף טוב</ManufacturerItemDescription>
      <UnitQty>גרמים</UnitQty>
      <Quantity>700.00</Quantity>
      <UnitOfMeasure>100 גרם</UnitOfMeasure>
      <bIsWeighted>0</bIsWeighted>
      <QtyInPackage>1</QtyInPackage>
      <ItemPrice>29.90</ItemPrice>
      <UnitOfMeasurePrice>4.2714</UnitOfMeasurePrice>
      <AllowDiscount>1</AllowDiscount>
      <ItemStatus>1</ItemStatus>
      <ItemId>243201</ItemId>
    </Item>
    <Item>
      <PriceUpdateDate>2015-01-01 00:00:00</PriceUpdateDate>
      <ItemCode>159010</ItemCode>
      <ItemType>0</ItemType>
      <ItemName>שניצל דובונים 700 גר</ItemName>
      <ManufacturerName>עוף טוב</ManufacturerName>
      <ManufactureCountry>ישראל</ManufactureCountry>
      <ManufacturerItemDescription>שניצל דובונים 700 גרם עוף טוב</ManufacturerItemDescription>
      <UnitQty>גרמים</UnitQty>
      <Quantity>700.00</Quantity>
      <UnitOfMeasure>100 גרם</UnitOfMeasure>
      <bIsWeighted>0</bIsWeighted>
      <QtyInPackage>1</QtyInPackage>
      <ItemPrice>29.90</ItemPrice>
      <UnitOfMeasurePrice>4.2714</UnitOfMeasurePrice>
      <AllowDiscount>1</AllowDiscount>
      <ItemStatus>1</ItemStatus>
      <ItemId>243202</ItemId>
    </Item>
    <Item>
      <PriceUpdateDate>2015-01-01 00:00:00</PriceUpdateDate>
      <ItemCode>7290103156251</ItemCode>
      <ItemType>0</ItemType>
      <ItemName>תבניות ח"פ מלבן 28 י</ItemName>
      <ManufacturerName>,</ManufacturerName>
      <ManufactureCountry>לא ידוע</ManufactureCountry>
      <ManufacturerItemDescription>תבניות ח"פ מלבן 28 יח  R29</ManufacturerItemDescription>
      <UnitQty>Unknown </UnitQty>
      <Quantity>0.00</Quantity>
      <UnitOfMeasure>Unknown </UnitOfMeasure>
      <bIsWeighted>0</bIsWeighted>
      <QtyInPackage>1</QtyInPackage>
      <ItemPrice>14.90</ItemPrice>
      <UnitOfMeasurePrice>0.0000</UnitOfMeasurePrice>
      <AllowDiscount>1</AllowDiscount>
      <ItemStatus>1</ItemStatus>
      <ItemId>249082</ItemId>
    </Item>
    <Item>
      <PriceUpdateDate>2015-01-01 00:00:00</PriceUpdateDate>
      <ItemCode>78731874931</ItemCode>
      <ItemType>0</ItemType>
      <ItemName>כוסות ענק לשתיה חמה</ItemName>
      <ManufacturerName>,</ManufacturerName>
      <ManufactureCountry>לא ידוע</ManufactureCountry>
      <ManufacturerItemDescription>כוסות ענק לשתיה חמה 160 יח</ManufacturerItemDescription>
      <UnitQty>גרמים</UnitQty>
      <Quantity>0.00</Quantity>
      <UnitOfMeasure>100 גרם</UnitOfMeasure>
      <bIsWeighted>0</bIsWeighted>
      <QtyInPackage>1</QtyInPackage>
      <ItemPrice>79.90</ItemPrice>
      <UnitOfMeasurePrice>0.0000</UnitOfMeasurePrice>
      <AllowDiscount>1</AllowDiscount>
      <ItemStatus>1</ItemStatus>
      <ItemId>255073</ItemId>
    </Item>
    <Item>
      <PriceUpdateDate>2015-01-01 00:00:00</PriceUpdateDate>
      <ItemCode>13000514910</ItemCode>
      <ItemType>0</ItemType>
      <ItemName>מתבל עגבניות היינץ 3</ItemName>
      <ManufacturerName>,</ManufacturerName>
      <ManufactureCountry>לא ידוע</ManufactureCountry>
      <ManufacturerItemDescription>קטשופ היינץ 3.2 ק"ג</ManufacturerItemDescription>
      <UnitQty>קילוגרמים</UnitQty>
      <Quantity>3.20</Quantity>
      <UnitOfMeasure>ק"ג     </UnitOfMeasure>
      <bIsWeighted>0</bIsWeighted>
      <QtyInPackage>1</QtyInPackage>
      <ItemPrice>29.90</ItemPrice>
      <UnitOfMeasurePrice>9.3437</UnitOfMeasurePrice>
      <AllowDiscount>1</AllowDiscount>
      <ItemStatus>1</ItemStatus>
      <ItemId>249373</ItemId>
    </Item>
    <Item>
      <PriceUpdateDate>2015-01-01 00:00:00</PriceUpdateDate>
      <ItemCode>7290013615886</ItemCode>
      <ItemType>0</ItemType>
      <ItemName>פולי סויה</ItemName>
      <ManufacturerName>,</ManufacturerName>
      <ManufactureCountry>לא ידוע</ManufactureCountry>
      <ManufacturerItemDescription>פולי סויה 1  ק"ג</ManufacturerItemDescription>
      <UnitQty>קילוגרמים</UnitQty>
      <Quantity>1.00</Quantity>
      <UnitOfMeasure>ק"ג     </UnitOfMeasure>
      <bIsWeighted>0</bIsWeighted>
      <QtyInPackage>1</QtyInPackage>
      <ItemPrice>13.90</ItemPrice>
      <UnitOfMeasurePrice>13.9000</UnitOfMeasurePrice>
      <AllowDiscount>1</AllowDiscount>
      <ItemStatus>1</ItemStatus>
      <ItemId>243264</ItemId>
    </Item>
    <Item>
      <PriceUpdateDate>2015-09-20 12:48:05</PriceUpdateDate>
      <ItemCode>8712561653220</ItemCode>
      <ItemType>0</ItemType>
      <ItemName>תחליב רחצה דאב תאנה</ItemName>
      <ManufacturerName>,</ManufacturerName>
      <ManufactureCountry>לא ידוע</ManufactureCountry>
      <ManufacturerItemDescription>תחליב רחצה דאב תאנה 750 מ"ל</ManufacturerItemDescription>
      <UnitQty>מיליליטרים</UnitQty>
      <Quantity>750.00</Quantity>
      <UnitOfMeasure>100 מ"ל</UnitOfMeasure>
      <bIsWeighted>0</bIsWeighted>
      <QtyInPackage>1</QtyInPackage>
      <ItemPrice>16.90</ItemPrice>
      <UnitOfMeasurePrice>2.2533</UnitOfMeasurePrice>
      <AllowDiscount>1</AllowDiscount>
      <ItemStatus>1</ItemStatus>
      <ItemId>264733</ItemId>
    </Item>
    <Item>
      <PriceUpdateDate>2015-01-01 00:00:00</PriceUpdateDate>
      <ItemCode>2109334</ItemCode>
      <ItemType>0</ItemType>
      <ItemName>קציצות דג סלמון לביש</ItemName>
      <ManufacturerName>דלידג</ManufacturerName>
      <ManufactureCountry>לא ידוע</ManufactureCountry>
      <ManufacturerItemDescription>קציצות דג סלמון לבישול 750 גרם</ManufacturerItemDescription>
      <UnitQty>גרמים</UnitQty>
      <Quantity>750.00</Quantity>
      <UnitOfMeasure>100 גרם</UnitOfMeasure>
      <bIsWeighted>0</bIsWeighted>
      <QtyInPackage>1</QtyInPackage>
      <ItemPrice>19.90</ItemPrice>
      <UnitOfMeasurePrice>2.6533</UnitOfMeasurePrice>
      <AllowDiscount>1</AllowDiscount>
      <ItemStatus>1</ItemStatus>
      <ItemId>243372</ItemId>
    </Item>
    <Item>
      <PriceUpdateDate>2015-01-01 00:00:00</PriceUpdateDate>
      <ItemCode>56760</ItemCode>
      <ItemType>0</ItemType>
      <ItemName>גבינת עמק 28% 400 גר</ItemName>
      <ManufacturerName>תנובה מרכז שיתופי לש</ManufacturerName>
      <ManufactureCountry>לא ידוע</ManufactureCountry>
      <ManufacturerItemDescription>גבינת עמק 28% 400 גרם בד"צ</ManufacturerItemDescription>
      <UnitQty>גרמים</UnitQty>
      <Quantity>400.00</Quantity>
      <UnitOfMeasure>100 גרם</UnitOfMeasure>
      <bIsWeighted>0</bIsWeighted>
      <QtyInPackage>1</QtyInPackage>
      <ItemPrice>27.90</ItemPrice>
      <UnitOfMeasurePrice>6.9750</UnitOfMeasurePrice>
      <AllowDiscount>1</AllowDiscount>
      <ItemStatus>1</ItemStatus>
      <ItemId>243374</ItemId>
    </Item>
    <Item>
      <PriceUpdateDate>2015-01-01 00:00:00</PriceUpdateDate>
      <ItemCode>20748469594</ItemCode>
      <ItemType>0</ItemType>
      <ItemName>זוג קשת יהלום</ItemName>
      <ManufacturerName>,</ManufacturerName>
      <ManufactureCountry>לא ידוע</ManufactureCountry>
      <ManufacturerItemDescription>זוג קשת יהלום</ManufacturerItemDescription>
      <UnitQty>Unknown </UnitQty>
      <Quantity>0.00</Quantity>
      <UnitOfMeasure>Unknown </UnitOfMeasure>
      <bIsWeighted>0</bIsWeighted>
      <QtyInPackage>1</QtyInPackage>
      <ItemPrice>7.90</ItemPrice>
      <UnitOfMeasurePrice>0.0000</UnitOfMeasurePrice>
      <AllowDiscount>1</AllowDiscount>
      <ItemStatus>1</ItemStatus>
      <ItemId>243387</ItemId>
    </Item>
    <Item>
      <PriceUpdateDate>2015-01-01 00:00:00</PriceUpdateDate>
      <ItemCode>208220</ItemCode>
      <ItemType>0</ItemType>
      <ItemName>שעועית צילי חריף 550</ItemName>
      <ManufacturerName>זנלכל</ManufacturerName>
      <ManufactureCountry>לא ידוע</ManufactureCountry>
      <ManufacturerItemDescription>שעועית צילי חריף 550 גרם  יכין</ManufacturerItemDescription>
      <UnitQty>גרמים</UnitQty>
      <Quantity>550.00</Quantity>
      <UnitOfMeasure>100 גרם</UnitOfMeasure>
      <bIsWeighted>0</bIsWeighted>
      <QtyInPackage>1</QtyInPackage>
      <ItemPrice>6.50</ItemPrice>
      <UnitOfMeasurePrice>1.1818</UnitOfMeasurePrice>
      <AllowDiscount>1</AllowDiscount>
      <ItemStatus>1</ItemStatus>
      <ItemId>243391</ItemId>
    </Item>
    <Item>
      <PriceUpdateDate>2015-01-01 00:00:00</PriceUpdateDate>
      <ItemCode>208428</ItemCode>
      <ItemType>0</ItemType>
      <ItemName>חומוס שלם יכין 550 ג</ItemName>
      <ManufacturerName>זנלכל</ManufacturerName>
      <ManufactureCountry>לא ידוע</ManufactureCountry>
      <ManufacturerItemDescription>חומוס שלם יכין 550 א2 גרם</ManufacturerItemDescription>
      <UnitQty>גרמים</UnitQty>
      <Quantity>600.00</Quantity>
      <UnitOfMeasure>100 גרם</UnitOfMeasure>
      <bIsWeighted>0</bIsWeighted>
      <QtyInPackage>1</QtyInPackage>
      <ItemPrice>5.90</ItemPrice>
      <UnitOfMeasurePrice>0.9833</UnitOfMeasurePrice>
      <AllowDiscount>1</AllowDiscount>
      <ItemStatus>1</ItemStatus>
      <ItemId>243392</ItemId>
    </Item>
    <Item>
      <PriceUpdateDate>2015-01-01 00:00:00</PriceUpdateDate>
      <ItemCode>6788023</ItemCode>
      <ItemType>0</ItemType>
      <ItemName>שמפו 10 לשיער צבוע</ItemName>
      <ManufacturerName>אמיליה קוסמטיקס</ManufacturerName>
      <ManufactureCountry>לא ידוע</ManufactureCountry>
      <ManufacturerItemDescription>שמפו 10 לשיער צבוע 700מ"ל</ManufacturerItemDescription>
      <UnitQty>מיליליטרים</UnitQty>
      <Quantity>700.00</Quantity>
      <UnitOfMeasure>100 מ"ל</UnitOfMeasure>
      <bIsWeighted>0</bIsWeighted>
      <QtyInPackage>1</QtyInPackage>
      <ItemPrice>12.90</ItemPrice>
      <UnitOfMeasurePrice>1.8429</UnitOfMeasurePrice>
      <AllowDiscount>1</AllowDiscount>
      <ItemStatus>1</ItemStatus>
      <ItemId>243398</ItemId>
    </Item>
    <Item>
      <PriceUpdateDate>2015-01-01 00:00:00</PriceUpdateDate>
      <ItemCode>6788030</ItemCode>
      <ItemType>0</ItemType>
      <ItemName>שמפו 10 לשיער מתולתל</ItemName>
      <ManufacturerName>אמיליה קוסמטיקס</ManufacturerName>
      <ManufactureCountry>לא ידוע</ManufactureCountry>
      <ManufacturerItemDescription>שמפו 10 לשיער מתולתל 700 מ"ל</ManufacturerItemDescription>
      <UnitQty>מיליליטרים</UnitQty>
      <Quantity>700.00</Quantity>
      <UnitOfMeasure>100 מ"ל</UnitOfMeasure>
      <bIsWeighted>0</bIsWeighted>
      <QtyInPackage>1</QtyInPackage>
      <ItemPrice>12.90</ItemPrice>
      <UnitOfMeasurePrice>1.8429</UnitOfMeasurePrice>
      <AllowDiscount>1</AllowDiscount>
      <ItemStatus>1</ItemStatus>
      <ItemId>243399</ItemId>
    </Item>
    <Item>
      <PriceUpdateDate>2015-01-01 00:00:00</PriceUpdateDate>
      <ItemCode>2077268</ItemCode>
      <ItemType>0</ItemType>
      <ItemName>קציצות דג מיני 500 ג</ItemName>
      <ManufacturerName>דלידג</ManufacturerName>
      <ManufactureCountry>לא ידוע</ManufactureCountry>
      <ManufacturerItemDescription>קציצות דג מיני 500 גרם</ManufacturerItemDescription>
      <UnitQty>גרמים</UnitQty>
      <Quantity>500.00</Quantity>
      <UnitOfMeasure>100 גרם</UnitOfMeasure>
      <bIsWeighted>0</bIsWeighted>
      <QtyInPackage>1</QtyInPackage>
      <ItemPrice>19.90</ItemPrice>
      <UnitOfMeasurePrice>3.9800</UnitOfMeasurePrice>
      <AllowDiscount>1</AllowDiscount>
      <ItemStatus>1</ItemStatus>
      <ItemId>243401</ItemId>
    </Item>
    <Item>
      <PriceUpdateDate>2016-01-25 12:21:12</PriceUpdateDate>
      <ItemCode>7290013615756</ItemCode>
      <ItemType>0</ItemType>
      <ItemName>ארטישוק 1 ק"ג</ItemName>
      <ManufacturerName>,</ManufacturerName>
      <ManufactureCountry>לא ידוע</ManufactureCountry>
      <ManufacturerItemDescription>ארטישוק 1 ק"ג</ManufacturerItemDescription>
      <UnitQty>קילוגרמים</UnitQty>
      <Quantity>1.00</Quantity>
      <UnitOfMeasure>ק"ג     </UnitOfMeasure>
      <bIsWeighted>0</bIsWeighted>
      <QtyInPackage>1</QtyInPackage>
      <ItemPrice>24.90</ItemPrice>
      <UnitOfMeasurePrice>24.9000</UnitOfMeasurePrice>
      <AllowDiscount>1</AllowDiscount>
      <ItemStatus>1</ItemStatus>
      <ItemId>243410</ItemId>
    </Item>
    <Item>
      <PriceUpdateDate>2015-01-01 00:00:00</PriceUpdateDate>
      <ItemCode>6931500340904</ItemCode>
      <ItemType>0</ItemType>
      <ItemName>זוג כוסיות לנרונים מ</ItemName>
      <ManufacturerName>,</ManufacturerName>
      <ManufactureCountry>לא ידוע</ManufactureCountry>
      <ManufacturerItemDescription>זוג כוסיות לנרונים מהודר וגדול</ManufacturerItemDescription>
      <UnitQty>Unknown </UnitQty>
      <Quantity>0.00</Quantity>
      <UnitOfMeasure>Unknown </UnitOfMeasure>
      <bIsWeighted>0</bIsWeighted>
      <QtyInPackage>1</QtyInPackage>
      <ItemPrice>14.90</ItemPrice>
      <UnitOfMeasurePrice>0.0000</UnitOfMeasurePrice>
      <AllowDiscount>1</AllowDiscount>
      <ItemStatus>1</ItemStatus>
      <ItemId>243498</ItemId>
    </Item>
    <Item>
      <PriceUpdateDate>2015-01-01 00:00:00</PriceUpdateDate>
      <ItemCode>7290103154080</ItemCode>
      <ItemType>0</ItemType>
      <ItemName>כוסות מודפסות פלסטיק</ItemName>
      <ManufacturerName>LARIPLAST</ManufacturerName>
      <ManufactureCountry>לא ידוע</ManufactureCountry>
      <ManufacturerItemDescription>כוסות מודפסות פלסטיק קשיח 40 יח</ManufacturerItemDescription>
      <UnitQty>Unknown </UnitQty>
      <Quantity>0.00</Quantity>
      <UnitOfMeasure>Unknown </UnitOfMeasure>
      <bIsWeighted>0</bIsWeighted>
      <QtyInPackage>1</QtyInPackage>
      <ItemPrice>10.90</ItemPrice>
      <UnitOfMeasurePrice>0.0000</UnitOfMeasurePrice>
      <AllowDiscount>1</AllowDiscount>
      <ItemStatus>1</ItemStatus>
      <ItemId>243515</ItemId>
    </Item>
    <Item>
      <PriceUpdateDate>2015-01-01 00:00:00</PriceUpdateDate>
      <ItemCode>54384</ItemCode>
      <ItemType>0</ItemType>
      <ItemName>מארז קוטג 5% 3*250 ג</ItemName>
      <ManufacturerName>תנובה מרכז שיתופי לש</ManufacturerName>
      <ManufactureCountry>לא ידוע</ManufactureCountry>
      <ManufacturerItemDescription>מארז קוטג 5% 3*250 גרם</ManufacturerItemDescription>
      <UnitQty>גרמים</UnitQty>
      <Quantity>750.00</Quantity>
      <UnitOfMeasure>100 גרם</UnitOfMeasure>
      <bIsWeighted>0</bIsWeighted>
      <QtyInPackage>1</QtyInPackage>
      <ItemPrice>14.90</ItemPrice>
      <UnitOfMeasurePrice>1.9867</UnitOfMeasurePrice>
      <AllowDiscount>1</AllowDiscount>
      <ItemStatus>1</ItemStatus>
      <ItemId>243520</ItemId>
    </Item>
    <Item>
      <PriceUpdateDate>2015-01-01 00:00:00</PriceUpdateDate>
      <ItemCode>2111665</ItemCode>
      <ItemType>0</ItemType>
      <ItemName>רסק עגבניות 28% פרי</ItemName>
      <ManufacturerName>זנלכל</ManufacturerName>
      <ManufactureCountry>לא ידוע</ManufactureCountry>
      <ManufacturerItemDescription>רסק עגבניות 28% פרי מבורך 580 גרם</ManufacturerItemDescription>
      <UnitQty>גרמים</UnitQty>
      <Quantity>600.00</Quantity>
      <UnitOfMeasure>100 גרם</UnitOfMeasure>
      <bIsWeighted>0</bIsWeighted>
      <QtyInPackage>1</QtyInPackage>
      <ItemPrice>6.90</ItemPrice>
      <UnitOfMeasurePrice>1.1500</UnitOfMeasurePrice>
      <AllowDiscount>1</AllowDiscount>
      <ItemStatus>1</ItemStatus>
      <ItemId>243549</ItemId>
    </Item>
    <Item>
      <PriceUpdateDate>2015-01-01 00:00:00</PriceUpdateDate>
      <ItemCode>3119509</ItemCode>
      <ItemType>0</ItemType>
      <ItemName>בקבוק בירה ריק חוזר</ItemName>
      <ManufacturerName>,</ManufacturerName>
      <ManufactureCountry>לא ידוע</ManufactureCountry>
      <ManufacturerItemDescription>בקבוק בירה ריק חוזר</ManufacturerItemDescription>
      <UnitQty>Unknown </UnitQty>
      <Quantity>0.00</Quantity>
      <UnitOfMeasure>Unknown </UnitOfMeasure>
      <bIsWeighted>0</bIsWeighted>
      <QtyInPackage>1</QtyInPackage>
      <ItemPrice>1.20</ItemPrice>
      <UnitOfMeasurePrice>0.0000</UnitOfMeasurePrice>
      <AllowDiscount>1</AllowDiscount>
      <ItemStatus>1</ItemStatus>
      <ItemId>243550</ItemId>
    </Item>
    <Item>
      <PriceUpdateDate>2016-03-15 15:04:26</PriceUpdateDate>
      <ItemCode>2871361</ItemCode>
      <ItemType>0</ItemType>
      <ItemName>בירה קרלסברג בקבוק ח</ItemName>
      <ManufacturerName>קרלסברג ישראל</ManufacturerName>
      <ManufactureCountry>לא ידוע</ManufactureCountry>
      <ManufacturerItemDescription>בירה קרלסברג ב.חוזר 500 5% אלכוהול</ManufacturerItemDescription>
      <UnitQty>מיליליטרים</UnitQty>
      <Quantity>500.00</Quantity>
      <UnitOfMeasure>100 מ"ל</UnitOfMeasure>
      <bIsWeighted>0</bIsWeighted>
      <QtyInPackage>1</QtyInPackage>
      <ItemPrice>7.90</ItemPrice>
      <UnitOfMeasurePrice>1.5800</UnitOfMeasurePrice>
      <AllowDiscount>1</AllowDiscount>
      <ItemStatus>1</ItemStatus>
      <ItemId>243551</ItemId>
    </Item>
    <Item>
      <PriceUpdateDate>2015-09-09 15:21:11</PriceUpdateDate>
      <ItemCode>2871248</ItemCode>
      <ItemType>0</ItemType>
      <ItemName>בירה טובורג רד בקבוק</ItemName>
      <ManufacturerName>קרלסברג ישראל</ManufacturerName>
      <ManufactureCountry>לא ידוע</ManufactureCountry>
      <ManufacturerItemDescription>בירה טובורג רד ב.חוזר 500 מ"ל 5.2% אלכוה</ManufacturerItemDescription>
      <UnitQty>מיליליטרים</UnitQty>
      <Quantity>500.00</Quantity>
      <UnitOfMeasure>100 מ"ל</UnitOfMeasure>
      <bIsWeighted>0</bIsWeighted>
      <QtyInPackage>1</QtyInPackage>
      <ItemPrice>7.90</ItemPrice>
      <UnitOfMeasurePrice>1.5800</UnitOfMeasurePrice>
      <AllowDiscount>1</AllowDiscount>
      <ItemStatus>1</ItemStatus>
      <ItemId>243552</ItemId>
    </Item>
    <Item>
      <PriceUpdateDate>2015-01-01 00:00:00</PriceUpdateDate>
      <ItemCode>3681709</ItemCode>
      <ItemType>0</ItemType>
      <ItemName>בוטן מטוגן 200 גרם</ItemName>
      <ManufacturerName>,</ManufacturerName>
      <ManufactureCountry>לא ידוע</ManufactureCountry>
      <ManufacturerItemDescription>בוטן מטוגן 200 גרם</ManufacturerItemDescription>
      <UnitQty>גרמים</UnitQty>
      <Quantity>200.00</Quantity>
      <UnitOfMeasure>100 גרם</UnitOfMeasure>
      <bIsWeighted>0</bIsWeighted>
      <QtyInPackage>1</QtyInPackage>
      <ItemPrice>6.90</ItemPrice>
      <UnitOfMeasurePrice>3.4500</UnitOfMeasurePrice>
      <AllowDiscount>1</AllowDiscount>
      <ItemStatus>1</ItemStatus>
      <ItemId>243558</ItemId>
    </Item>
    <Item>
      <PriceUpdateDate>2015-01-01 00:00:00</PriceUpdateDate>
      <ItemCode>7290010153978</ItemCode>
      <ItemType>0</ItemType>
      <ItemName>קונפיטורה שזיף 340 ג</ItemName>
      <ManufacturerName>מיה תעשיות מזון בעמ</ManufacturerName>
      <ManufactureCountry>ישראל</ManufactureCountry>
      <ManufacturerItemDescription>קונפיטורה שזיף 340 גרם</ManufacturerItemDescription>
      <UnitQty>גרמים</UnitQty>
      <Quantity>340.00</Quantity>
      <UnitOfMeasure>100 גרם</UnitOfMeasure>
      <bIsWeighted>0</bIsWeighted>
      <QtyInPackage>1</QtyInPackage>
      <ItemPrice>11.90</ItemPrice>
      <UnitOfMeasurePrice>3.5000</UnitOfMeasurePrice>
      <AllowDiscount>1</AllowDiscount>
      <ItemStatus>1</ItemStatus>
      <ItemId>243562</ItemId>
    </Item>
    <Item>
      <PriceUpdateDate>2015-01-01 00:00:00</PriceUpdateDate>
      <ItemCode>8636940</ItemCode>
      <ItemType>0</ItemType>
      <ItemName>בוטן גרוס 100 גרם</ItemName>
      <ManufacturerName>מיה תעשיות מזון בעמ</ManufacturerName>
      <ManufactureCountry>ישראל</ManufactureCountry>
      <ManufacturerItemDescription>בוטן גרוס 100 גרם</ManufacturerItemDescription>
      <UnitQty>גרמים</UnitQty>
      <Quantity>100.00</Quantity>
      <UnitOfMeasure>100 גרם</UnitOfMeasure>
      <bIsWeighted>0</bIsWeighted>
      <QtyInPackage>1</QtyInPackage>
      <ItemPrice>4.80</ItemPrice>
      <UnitOfMeasurePrice>4.8000</UnitOfMeasurePrice>
      <AllowDiscount>1</AllowDiscount>
      <ItemStatus>1</ItemStatus>
      <ItemId>243566</ItemId>
    </Item>
    <Item>
      <PriceUpdateDate>2015-01-01 00:00:00</PriceUpdateDate>
      <ItemCode>7290013677105</ItemCode>
      <ItemType>0</ItemType>
      <ItemName>אפונה יבשה 500 גרם ס</ItemName>
      <ManufacturerName>מיה תעשיות מזון בעמ</ManufacturerName>
      <ManufactureCountry>ישראל</ManufactureCountry>
      <ManufacturerItemDescription>אפונה יבשה 500 גרם סלקטד</ManufacturerItemDescription>
      <UnitQty>גרמים</UnitQty>
      <Quantity>500.00</Quantity>
      <UnitOfMeasure>100 גרם</UnitOfMeasure>
      <bIsWeighted>0</bIsWeighted>
      <QtyInPackage>1</QtyInPackage>
      <ItemPrice>7.90</ItemPrice>
      <UnitOfMeasurePrice>1.5800</UnitOfMeasurePrice>
      <AllowDiscount>1</AllowDiscount>
      <ItemStatus>1</ItemStatus>
      <ItemId>243571</ItemId>
    </Item>
    <Item>
      <PriceUpdateDate>2015-01-01 00:00:00</PriceUpdateDate>
      <ItemCode>7290013677112</ItemCode>
      <ItemType>0</ItemType>
      <ItemName>בורגול 500 גרם סלקטד</ItemName>
      <ManufacturerName>מיה תעשיות מזון בעמ</ManufacturerName>
      <ManufactureCountry>ישראל</ManufactureCountry>
      <ManufacturerItemDescription>בורגול 500 גרם סלקטד</ManufacturerItemDescription>
      <UnitQty>גרמים</UnitQty>
      <Quantity>500.00</Quantity>
      <UnitOfMeasure>100 גרם</UnitOfMeasure>
      <bIsWeighted>0</bIsWeighted>
      <QtyInPackage>1</QtyInPackage>
      <ItemPrice>7.90</ItemPrice>
      <UnitOfMeasurePrice>1.5800</UnitOfMeasurePrice>
      <AllowDiscount>1</AllowDiscount>
      <ItemStatus>1</ItemStatus>
      <ItemId>243572</ItemId>
    </Item>
    <Item>
      <PriceUpdateDate>2015-01-01 00:00:00</PriceUpdateDate>
      <ItemCode>7290013677297</ItemCode>
      <ItemType>0</ItemType>
      <ItemName>אבקת בצל 80 גרם שקית</ItemName>
      <ManufacturerName>מיה תעשיות מזון בעמ</ManufacturerName>
      <ManufactureCountry>ישראל</ManufactureCountry>
      <ManufacturerItemDescription>אבקת בצל 80 גרם שקית</ManufacturerItemDescription>
      <UnitQty>גרמים</UnitQty>
      <Quantity>100.00</Quantity>
      <UnitOfMeasure>100 גרם</UnitOfMeasure>
      <bIsWeighted>0</bIsWeighted>
      <QtyInPackage>1</QtyInPackage>
      <ItemPrice>3.80</ItemPrice>
      <UnitOfMeasurePrice>3.8000</UnitOfMeasurePrice>
      <AllowDiscount>1</AllowDiscount>
      <ItemStatus>1</ItemStatus>
      <ItemId>243573</ItemId>
    </Item>
    <Item>
      <PriceUpdateDate>2015-01-01 00:00:00</PriceUpdateDate>
      <ItemCode>7290013677327</ItemCode>
      <ItemType>0</ItemType>
      <ItemName>אבקת קארי 80 גרם שקי</ItemName>
      <ManufacturerName>מיה תעשיות מזון בעמ</ManufacturerName>
      <ManufactureCountry>ישראל</ManufactureCountry>
      <ManufacturerItemDescription>אבקת קארי 80 גרם שקית</ManufacturerItemDescription>
      <UnitQty>גרמים</UnitQty>
      <Quantity>100.00</Quantity>
      <UnitOfMeasure>100 גרם</UnitOfMeasure>
      <bIsWeighted>0</bIsWeighted>
      <QtyInPackage>1</QtyInPackage>
      <ItemPrice>3.90</ItemPrice>
      <UnitOfMeasurePrice>3.9000</UnitOfMeasurePrice>
      <AllowDiscount>1</AllowDiscount>
      <ItemStatus>1</ItemStatus>
      <ItemId>243574</ItemId>
    </Item>
    <Item>
      <PriceUpdateDate>2015-01-01 00:00:00</PriceUpdateDate>
      <ItemCode>7290013677273</ItemCode>
      <ItemType>0</ItemType>
      <ItemName>תבלין גריל דג 80 גרם</ItemName>
      <ManufacturerName>מיה תעשיות מזון בעמ</ManufacturerName>
      <ManufactureCountry>ישראל</ManufactureCountry>
      <ManufacturerItemDescription>תבלין גריל דג 80 גרם שקית</ManufacturerItemDescription>
      <UnitQty>גרמים</UnitQty>
      <Quantity>80.00</Quantity>
      <UnitOfMeasure>100 גרם</UnitOfMeasure>
      <bIsWeighted>0</bIsWeighted>
      <QtyInPackage>1</QtyInPackage>
      <ItemPrice>3.90</ItemPrice>
      <UnitOfMeasurePrice>4.8750</UnitOfMeasurePrice>
      <AllowDiscount>1</AllowDiscount>
      <ItemStatus>1</ItemStatus>
      <ItemId>243584</ItemId>
    </Item>
    <Item>
      <PriceUpdateDate>2015-01-01 00:00:00</PriceUpdateDate>
      <ItemCode>7290013677259</ItemCode>
      <ItemType>0</ItemType>
      <ItemName>תבלין זעתר 50 גרם שק</ItemName>
      <ManufacturerName>מיה תעשיות מזון בעמ</ManufacturerName>
      <ManufactureCountry>ישראל</ManufactureCountry>
      <ManufacturerItemDescription>תבלין זעתר 50 גרם שקית</ManufacturerItemDescription>
      <UnitQty>גרמים</UnitQty>
      <Quantity>80.00</Quantity>
      <UnitOfMeasure>100 גרם</UnitOfMeasure>
      <bIsWeighted>0</bIsWeighted>
      <QtyInPackage>1</QtyInPackage>
      <ItemPrice>3.90</ItemPrice>
      <UnitOfMeasurePrice>4.8750</UnitOfMeasurePrice>
      <AllowDiscount>1</AllowDiscount>
      <ItemStatus>1</ItemStatus>
      <ItemId>243585</ItemId>
    </Item>
    <Item>
      <PriceUpdateDate>2015-01-01 00:00:00</PriceUpdateDate>
      <ItemCode>7290013677648</ItemCode>
      <ItemType>0</ItemType>
      <ItemName>שמן זית למאור 1 ליטר</ItemName>
      <ManufacturerName>,</ManufacturerName>
      <ManufactureCountry>לא ידוע</ManufactureCountry>
      <ManufacturerItemDescription>שמן זית למאור 1 ליטר בד"צ</ManufacturerItemDescription>
      <UnitQty>ליטרים</UnitQty>
      <Quantity>1.00</Quantity>
      <UnitOfMeasure>ליטר    </UnitOfMeasure>
      <bIsWeighted>0</bIsWeighted>
      <QtyInPackage>1</QtyInPackage>
      <ItemPrice>15.90</ItemPrice>
      <UnitOfMeasurePrice>15.9000</UnitOfMeasurePrice>
      <AllowDiscount>1</AllowDiscount>
      <ItemStatus>1</ItemStatus>
      <ItemId>243594</ItemId>
    </Item>
    <Item>
      <PriceUpdateDate>2015-01-01 00:00:00</PriceUpdateDate>
      <ItemCode>7290013677266</ItemCode>
      <ItemType>0</ItemType>
      <ItemName>תבלין לפיצה 80 גרם ש</ItemName>
      <ManufacturerName>,</ManufacturerName>
      <ManufactureCountry>לא ידוע</ManufactureCountry>
      <ManufacturerItemDescription>תבלין לפיצה 80 גרם שקית</ManufacturerItemDescription>
      <UnitQty>גרמים</UnitQty>
      <Quantity>80.00</Quantity>
      <UnitOfMeasure>100 גרם</UnitOfMeasure>
      <bIsWeighted>0</bIsWeighted>
      <QtyInPackage>1</QtyInPackage>
      <ItemPrice>3.90</ItemPrice>
      <UnitOfMeasurePrice>4.8750</UnitOfMeasurePrice>
      <AllowDiscount>1</AllowDiscount>
      <ItemStatus>1</ItemStatus>
      <ItemId>243595</ItemId>
    </Item>
    <Item>
      <PriceUpdateDate>2016-01-27 08:36:59</PriceUpdateDate>
      <ItemCode>7290104961526</ItemCode>
      <ItemType>0</ItemType>
      <ItemName>דאודורנט טיטניום ספר</ItemName>
      <ManufacturerName>אמיליה קוסמטיקס</ManufacturerName>
      <ManufactureCountry>לא ידוע</ManufactureCountry>
      <ManufacturerItemDescription>דאודורנט טיטניום ספריי גוף קלאסי 150 מ"ל</ManufacturerItemDescription>
      <UnitQty>מיליליטרים</UnitQty>
      <Quantity>150.00</Quantity>
      <UnitOfMeasure>100 מ"ל</UnitOfMeasure>
      <bIsWeighted>0</bIsWeighted>
      <QtyInPackage>1</QtyInPackage>
      <ItemPrice>9.90</ItemPrice>
      <UnitOfMeasurePrice>6.6000</UnitOfMeasurePrice>
      <AllowDiscount>1</AllowDiscount>
      <ItemStatus>1</ItemStatus>
      <ItemId>243597</ItemId>
    </Item>
    <Item>
      <PriceUpdateDate>2016-01-27 08:36:59</PriceUpdateDate>
      <ItemCode>7290104961540</ItemCode>
      <ItemType>0</ItemType>
      <ItemName>דאודורנט טיטניום ספר</ItemName>
      <ManufacturerName>אמיליה קוסמטיקס</ManufacturerName>
      <ManufactureCountry>לא ידוע</ManufactureCountry>
      <ManufacturerItemDescription>דאודורנט טיטניום ספריי גוף מטאל 150 מ"ל</ManufacturerItemDescription>
      <UnitQty>מיליליטרים</UnitQty>
      <Quantity>150.00</Quantity>
      <UnitOfMeasure>100 מ"ל</UnitOfMeasure>
      <bIsWeighted>0</bIsWeighted>
      <QtyInPackage>1</QtyInPackage>
      <ItemPrice>9.90</ItemPrice>
      <UnitOfMeasurePrice>6.6000</UnitOfMeasurePrice>
      <AllowDiscount>1</AllowDiscount>
      <ItemStatus>1</ItemStatus>
      <ItemId>243598</ItemId>
    </Item>
    <Item>
      <PriceUpdateDate>2016-01-27 08:36:59</PriceUpdateDate>
      <ItemCode>7290104961533</ItemCode>
      <ItemType>0</ItemType>
      <ItemName>דאודורנט טיטניום ספר</ItemName>
      <ManufacturerName>אמיליה קוסמטיקס</ManufacturerName>
      <ManufactureCountry>לא ידוע</ManufactureCountry>
      <ManufacturerItemDescription>דאודורנט טיטניום ספריי גוף בלק 150 מ"ל</ManufacturerItemDescription>
      <UnitQty>מיליליטרים</UnitQty>
      <Quantity>150.00</Quantity>
      <UnitOfMeasure>100 מ"ל</UnitOfMeasure>
      <bIsWeighted>0</bIsWeighted>
      <QtyInPackage>1</QtyInPackage>
      <ItemPrice>9.90</ItemPrice>
      <UnitOfMeasurePrice>6.6000</UnitOfMeasurePrice>
      <AllowDiscount>1</AllowDiscount>
      <ItemStatus>1</ItemStatus>
      <ItemId>243599</ItemId>
    </Item>
    <Item>
      <PriceUpdateDate>2015-01-01 00:00:00</PriceUpdateDate>
      <ItemCode>166711</ItemCode>
      <ItemType>0</ItemType>
      <ItemName>שוגי מופחת סוכר 20%</ItemName>
      <ManufacturerName>יוניליוור</ManufacturerName>
      <ManufactureCountry>ישראל</ManufactureCountry>
      <ManufacturerItemDescription>שוגי מופחת סוכר 20% 500 גרם</ManufacturerItemDescription>
      <UnitQty>גרמים</UnitQty>
      <Quantity>500.00</Quantity>
      <UnitOfMeasure>100 גרם</UnitOfMeasure>
      <bIsWeighted>0</bIsWeighted>
      <QtyInPackage>1</QtyInPackage>
      <ItemPrice>19.90</ItemPrice>
      <UnitOfMeasurePrice>3.9800</UnitOfMeasurePrice>
      <AllowDiscount>1</AllowDiscount>
      <ItemStatus>1</ItemStatus>
      <ItemId>243601</ItemId>
    </Item>
    <Item>
      <PriceUpdateDate>2015-01-01 00:00:00</PriceUpdateDate>
      <ItemCode>96619498024</ItemCode>
      <ItemType>0</ItemType>
      <ItemName>טישו בקרטון 110 יח ק</ItemName>
      <ManufacturerName>,</ManufacturerName>
      <ManufactureCountry>לא ידוע</ManufactureCountry>
      <ManufacturerItemDescription>טישו בקרטון 110 יח קירקלנד</ManufacturerItemDescription>
      <UnitQty>Unknown </UnitQty>
      <Quantity>0.00</Quantity>
      <UnitOfMeasure>Unknown </UnitOfMeasure>
      <bIsWeighted>0</bIsWeighted>
      <QtyInPackage>1</QtyInPackage>
      <ItemPrice>5.90</ItemPrice>
      <UnitOfMeasurePrice>0.0000</UnitOfMeasurePrice>
      <AllowDiscount>1</AllowDiscount>
      <ItemStatus>1</ItemStatus>
      <ItemId>248429</ItemId>
    </Item>
    <Item>
      <PriceUpdateDate>2015-01-01 00:00:00</PriceUpdateDate>
      <ItemCode>11210007253</ItemCode>
      <ItemType>0</ItemType>
      <ItemName>רוטב טבסקו שום 60 מ"</ItemName>
      <ManufacturerName>ניצן</ManufacturerName>
      <ManufactureCountry>ארצות הברית</ManufactureCountry>
      <ManufacturerItemDescription>רוטב טבסקו שום 60 מל</ManufacturerItemDescription>
      <UnitQty>מיליליטרים</UnitQty>
      <Quantity>60.00</Quantity>
      <UnitOfMeasure>100 מ"ל</UnitOfMeasure>
      <bIsWeighted>0</bIsWeighted>
      <QtyInPackage>1</QtyInPackage>
      <ItemPrice>10.90</ItemPrice>
      <UnitOfMeasurePrice>18.1667</UnitOfMeasurePrice>
      <AllowDiscount>1</AllowDiscount>
      <ItemStatus>1</ItemStatus>
      <ItemId>243614</ItemId>
    </Item>
    <Item>
      <PriceUpdateDate>2015-01-01 00:00:00</PriceUpdateDate>
      <ItemCode>11210009387</ItemCode>
      <ItemType>0</ItemType>
      <ItemName>רוטב טבסקו ירוק 60 מ</ItemName>
      <ManufacturerName>ניצן</ManufacturerName>
      <ManufactureCountry>ארצות הברית</ManufactureCountry>
      <ManufacturerItemDescription>רוטב טבסקו ירוק 60 מל</ManufacturerItemDescription>
      <UnitQty>מיליליטרים</UnitQty>
      <Quantity>60.00</Quantity>
      <UnitOfMeasure>100 מ"ל</UnitOfMeasure>
      <bIsWeighted>0</bIsWeighted>
      <QtyInPackage>1</QtyInPackage>
      <ItemPrice>10.90</ItemPrice>
      <UnitOfMeasurePrice>18.1667</UnitOfMeasurePrice>
      <AllowDiscount>1</AllowDiscount>
      <ItemStatus>1</ItemStatus>
      <ItemId>243615</ItemId>
    </Item>
    <Item>
      <PriceUpdateDate>2015-01-01 00:00:00</PriceUpdateDate>
      <ItemCode>7290013677044</ItemCode>
      <ItemType>0</ItemType>
      <ItemName>עדשים אדומים 500 גרם</ItemName>
      <ManufacturerName>מיה תעשיות מזון בעמ</ManufacturerName>
      <ManufactureCountry>ישראל</ManufactureCountry>
      <ManufacturerItemDescription>עדשים אדומים 500 גרם סלקטד</ManufacturerItemDescription>
      <UnitQty>גרמים</UnitQty>
      <Quantity>500.00</Quantity>
      <UnitOfMeasure>100 גרם</UnitOfMeasure>
      <bIsWeighted>0</bIsWeighted>
      <QtyInPackage>1</QtyInPackage>
      <ItemPrice>7.90</ItemPrice>
      <UnitOfMeasurePrice>1.5800</UnitOfMeasurePrice>
      <AllowDiscount>1</AllowDiscount>
      <ItemStatus>1</ItemStatus>
      <ItemId>243624</ItemId>
    </Item>
    <Item>
      <PriceUpdateDate>2015-01-01 00:00:00</PriceUpdateDate>
      <ItemCode>7290013677082</ItemCode>
      <ItemType>0</ItemType>
      <ItemName>שעועית אדומה 500 גרם</ItemName>
      <ManufacturerName>מיה תעשיות מזון בעמ</ManufacturerName>
      <ManufactureCountry>ישראל</ManufactureCountry>
      <ManufacturerItemDescription>שעועית אדומה 500 גרם סלקטד</ManufacturerItemDescription>
      <UnitQty>גרמים</UnitQty>
      <Quantity>500.00</Quantity>
      <UnitOfMeasure>100 גרם</UnitOfMeasure>
      <bIsWeighted>0</bIsWeighted>
      <QtyInPackage>1</QtyInPackage>
      <ItemPrice>7.90</ItemPrice>
      <UnitOfMeasurePrice>1.5800</UnitOfMeasurePrice>
      <AllowDiscount>1</AllowDiscount>
      <ItemStatus>1</ItemStatus>
      <ItemId>243625</ItemId>
    </Item>
    <Item>
      <PriceUpdateDate>2015-01-01 00:00:00</PriceUpdateDate>
      <ItemCode>5068058</ItemCode>
      <ItemType>0</ItemType>
      <ItemName>תירס קל א2 פ.ג</ItemName>
      <ManufacturerName>,</ManufacturerName>
      <ManufactureCountry>לא ידוע</ManufactureCountry>
      <ManufacturerItemDescription>תירס קל א2 פ.ג</ManufacturerItemDescription>
      <UnitQty>גרמים</UnitQty>
      <Quantity>340.00</Quantity>
      <UnitOfMeasure>100 גרם</UnitOfMeasure>
      <bIsWeighted>0</bIsWeighted>
      <QtyInPackage>1</QtyInPackage>
      <ItemPrice>5.90</ItemPrice>
      <UnitOfMeasurePrice>1.7353</UnitOfMeasurePrice>
      <AllowDiscount>1</AllowDiscount>
      <ItemStatus>1</ItemStatus>
      <ItemId>243628</ItemId>
    </Item>
    <Item>
      <PriceUpdateDate>2015-01-01 00:00:00</PriceUpdateDate>
      <ItemCode>3060078</ItemCode>
      <ItemType>0</ItemType>
      <ItemName>קמח ישראלי שיפון מלא</ItemName>
      <ManufacturerName>טחנות ישראליות</ManufacturerName>
      <ManufactureCountry>לא ידוע</ManufactureCountry>
      <ManufacturerItemDescription>קמח ישראלי שיפון מלא 1 ק"ג</ManufacturerItemDescription>
      <UnitQty>קילוגרמים</UnitQty>
      <Quantity>1.00</Quantity>
      <UnitOfMeasure>ק"ג     </UnitOfMeasure>
      <bIsWeighted>0</bIsWeighted>
      <QtyInPackage>1</QtyInPackage>
      <ItemPrice>4.90</ItemPrice>
      <UnitOfMeasurePrice>4.9000</UnitOfMeasurePrice>
      <AllowDiscount>1</AllowDiscount>
      <ItemStatus>1</ItemStatus>
      <ItemId>243636</ItemId>
    </Item>
    <Item>
      <PriceUpdateDate>2015-01-01 00:00:00</PriceUpdateDate>
      <ItemCode>97643070446</ItemCode>
      <ItemType>0</ItemType>
      <ItemName>שוקולד שמרלינג אייס</ItemName>
      <ManufacturerName>,</ManufacturerName>
      <ManufactureCountry>לא ידוע</ManufactureCountry>
      <ManufacturerItemDescription>שוקולד שמרלינג אייס קפה 100 גרם</ManufacturerItemDescription>
      <UnitQty>גרמים</UnitQty>
      <Quantity>100.00</Quantity>
      <UnitOfMeasure>100 גרם</UnitOfMeasure>
      <bIsWeighted>0</bIsWeighted>
      <QtyInPackage>1</QtyInPackage>
      <ItemPrice>9.90</ItemPrice>
      <UnitOfMeasurePrice>9.9000</UnitOfMeasurePrice>
      <AllowDiscount>1</AllowDiscount>
      <ItemStatus>1</ItemStatus>
      <ItemId>254282</ItemId>
    </Item>
    <Item>
      <PriceUpdateDate>2015-01-01 00:00:00</PriceUpdateDate>
      <ItemCode>7290014324008</ItemCode>
      <ItemType>0</ItemType>
      <ItemName>שקיות פסגור סנדוויץ</ItemName>
      <ManufacturerName>,</ManufacturerName>
      <ManufactureCountry>לא ידוע</ManufactureCountry>
      <ManufacturerItemDescription>שקיות פסגור סנדוויץ זיפ קליק</ManufacturerItemDescription>
      <UnitQty>Unknown </UnitQty>
      <Quantity>0.00</Quantity>
      <UnitOfMeasure>Unknown </UnitOfMeasure>
      <bIsWeighted>0</bIsWeighted>
      <QtyInPackage>1</QtyInPackage>
      <ItemPrice>12.90</ItemPrice>
      <UnitOfMeasurePrice>0.0000</UnitOfMeasurePrice>
      <AllowDiscount>1</AllowDiscount>
      <ItemStatus>1</ItemStatus>
      <ItemId>243800</ItemId>
    </Item>
    <Item>
      <PriceUpdateDate>2015-01-01 00:00:00</PriceUpdateDate>
      <ItemCode>7290014324015</ItemCode>
      <ItemType>0</ItemType>
      <ItemName>שקיות פסגור הקפאה זי</ItemName>
      <ManufacturerName>,</ManufacturerName>
      <ManufactureCountry>לא ידוע</ManufactureCountry>
      <ManufacturerItemDescription>שקיות פסגור הקפאה זיפ קליק</ManufacturerItemDescription>
      <UnitQty>Unknown </UnitQty>
      <Quantity>0.00</Quantity>
      <UnitOfMeasure>Unknown </UnitOfMeasure>
      <bIsWeighted>0</bIsWeighted>
      <QtyInPackage>1</QtyInPackage>
      <ItemPrice>12.90</ItemPrice>
      <UnitOfMeasurePrice>0.0000</UnitOfMeasurePrice>
      <AllowDiscount>1</AllowDiscount>
      <ItemStatus>1</ItemStatus>
      <ItemId>243801</ItemId>
    </Item>
    <Item>
      <PriceUpdateDate>2015-01-01 00:00:00</PriceUpdateDate>
      <ItemCode>5901483020309</ItemCode>
      <ItemType>0</ItemType>
      <ItemName>חליטת פירות יער</ItemName>
      <ManufacturerName>,</ManufacturerName>
      <ManufactureCountry>לא ידוע</ManufactureCountry>
      <ManufacturerItemDescription>חליטת פירות יער</ManufacturerItemDescription>
      <UnitQty>Unknown </UnitQty>
      <Quantity>0.00</Quantity>
      <UnitOfMeasure>Unknown </UnitOfMeasure>
      <bIsWeighted>0</bIsWeighted>
      <QtyInPackage>1</QtyInPackage>
      <ItemPrice>7.90</ItemPrice>
      <UnitOfMeasurePrice>0.0000</UnitOfMeasurePrice>
      <AllowDiscount>1</AllowDiscount>
      <ItemStatus>1</ItemStatus>
      <ItemId>253160</ItemId>
    </Item>
    <Item>
      <PriceUpdateDate>2015-01-01 00:00:00</PriceUpdateDate>
      <ItemCode>5000394203389</ItemCode>
      <ItemType>0</ItemType>
      <ItemName>סוללות דורסל בייסיק</ItemName>
      <ManufacturerName>פרוקטר</ManufacturerName>
      <ManufactureCountry>לא ידוע</ManufactureCountry>
      <ManufacturerItemDescription>סוללות דורסל בייסיק 12AAA</ManufacturerItemDescription>
      <UnitQty>Unknown </UnitQty>
      <Quantity>0.00</Quantity>
      <UnitOfMeasure>Unknown </UnitOfMeasure>
      <bIsWeighted>0</bIsWeighted>
      <QtyInPackage>1</QtyInPackage>
      <ItemPrice>29.90</ItemPrice>
      <UnitOfMeasurePrice>0.0000</UnitOfMeasurePrice>
      <AllowDiscount>1</AllowDiscount>
      <ItemStatus>1</ItemStatus>
      <ItemId>243817</ItemId>
    </Item>
    <Item>
      <PriceUpdateDate>2015-01-01 00:00:00</PriceUpdateDate>
      <ItemCode>7290010193493</ItemCode>
      <ItemType>0</ItemType>
      <ItemName>חזה הודו מעושן 200 ג</ItemName>
      <ManufacturerName>מ ב גלאט עוף למהדרין</ManufacturerName>
      <ManufactureCountry>ישראל</ManufactureCountry>
      <ManufacturerItemDescription>חזה הודו מעושן 200 גרם</ManufacturerItemDescription>
      <UnitQty>גרמים</UnitQty>
      <Quantity>200.00</Quantity>
      <UnitOfMeasure>100 גרם</UnitOfMeasure>
      <bIsWeighted>0</bIsWeighted>
      <QtyInPackage>1</QtyInPackage>
      <ItemPrice>15.90</ItemPrice>
      <UnitOfMeasurePrice>7.9500</UnitOfMeasurePrice>
      <AllowDiscount>1</AllowDiscount>
      <ItemStatus>1</ItemStatus>
      <ItemId>243819</ItemId>
    </Item>
    <Item>
      <PriceUpdateDate>2015-01-01 00:00:00</PriceUpdateDate>
      <ItemCode>7290010193486</ItemCode>
      <ItemType>0</ItemType>
      <ItemName>חזה הודו מעושן 400 ג</ItemName>
      <ManufacturerName>מ ב גלאט עוף למהדרין</ManufacturerName>
      <ManufactureCountry>ישראל</ManufactureCountry>
      <ManufacturerItemDescription>חזה הודו מעושן 400 גרם</ManufacturerItemDescription>
      <UnitQty>גרמים</UnitQty>
      <Quantity>400.00</Quantity>
      <UnitOfMeasure>100 גרם</UnitOfMeasure>
      <bIsWeighted>0</bIsWeighted>
      <QtyInPackage>1</QtyInPackage>
      <ItemPrice>28.90</ItemPrice>
      <UnitOfMeasurePrice>7.2250</UnitOfMeasurePrice>
      <AllowDiscount>1</AllowDiscount>
      <ItemStatus>1</ItemStatus>
      <ItemId>243820</ItemId>
    </Item>
    <Item>
      <PriceUpdateDate>2015-01-01 00:00:00</PriceUpdateDate>
      <ItemCode>7290010193431</ItemCode>
      <ItemType>0</ItemType>
      <ItemName>סלמי מובחר 200 גרם</ItemName>
      <ManufacturerName>,</ManufacturerName>
      <ManufactureCountry>לא ידוע</ManufactureCountry>
      <ManufacturerItemDescription>סלמי מובחר 200 גרם</ManufacturerItemDescription>
      <UnitQty>גרמים</UnitQty>
      <Quantity>200.00</Quantity>
      <UnitOfMeasure>100 גרם</UnitOfMeasure>
      <bIsWeighted>0</bIsWeighted>
      <QtyInPackage>1</QtyInPackage>
      <ItemPrice>12.90</ItemPrice>
      <UnitOfMeasurePrice>6.4500</UnitOfMeasurePrice>
      <AllowDiscount>1</AllowDiscount>
      <ItemStatus>1</ItemStatus>
      <ItemId>243821</ItemId>
    </Item>
    <Item>
      <PriceUpdateDate>2015-01-01 00:00:00</PriceUpdateDate>
      <ItemCode>7290010193479</ItemCode>
      <ItemType>0</ItemType>
      <ItemName>מעדן שווארמה  200 גר</ItemName>
      <ManufacturerName>מ ב גלאט עוף למהדרין</ManufacturerName>
      <ManufactureCountry>ישראל</ManufactureCountry>
      <ManufacturerItemDescription>מעדן שווארמה  200 גרם</ManufacturerItemDescription>
      <UnitQty>גרמים</UnitQty>
      <Quantity>200.00</Quantity>
      <UnitOfMeasure>100 גרם</UnitOfMeasure>
      <bIsWeighted>0</bIsWeighted>
      <QtyInPackage>1</QtyInPackage>
      <ItemPrice>14.90</ItemPrice>
      <UnitOfMeasurePrice>7.4500</UnitOfMeasurePrice>
      <AllowDiscount>1</AllowDiscount>
      <ItemStatus>1</ItemStatus>
      <ItemId>243822</ItemId>
    </Item>
    <Item>
      <PriceUpdateDate>2015-01-01 00:00:00</PriceUpdateDate>
      <ItemCode>7290010193448</ItemCode>
      <ItemType>0</ItemType>
      <ItemName>פסטרמה רומנית 400 גר</ItemName>
      <ManufacturerName>מ ב גלאט עוף למהדרין</ManufacturerName>
      <ManufactureCountry>ישראל</ManufactureCountry>
      <ManufacturerItemDescription>פסטרמה רומנית 400 גרם</ManufacturerItemDescription>
      <UnitQty>גרמים</UnitQty>
      <Quantity>400.00</Quantity>
      <UnitOfMeasure>100 גרם</UnitOfMeasure>
      <bIsWeighted>0</bIsWeighted>
      <QtyInPackage>1</QtyInPackage>
      <ItemPrice>29.90</ItemPrice>
      <UnitOfMeasurePrice>7.4750</UnitOfMeasurePrice>
      <AllowDiscount>1</AllowDiscount>
      <ItemStatus>1</ItemStatus>
      <ItemId>243823</ItemId>
    </Item>
    <Item>
      <PriceUpdateDate>2015-01-01 00:00:00</PriceUpdateDate>
      <ItemCode>7290010193394</ItemCode>
      <ItemType>0</ItemType>
      <ItemName>תה מעושן 200 גרם</ItemName>
      <ManufacturerName>,</ManufacturerName>
      <ManufactureCountry>לא ידוע</ManufactureCountry>
      <ManufacturerItemDescription>תה מעושן 200 גרם</ManufacturerItemDescription>
      <UnitQty>גרמים</UnitQty>
      <Quantity>200.00</Quantity>
      <UnitOfMeasure>100 גרם</UnitOfMeasure>
      <bIsWeighted>0</bIsWeighted>
      <QtyInPackage>1</QtyInPackage>
      <ItemPrice>10.90</ItemPrice>
      <UnitOfMeasurePrice>5.4500</UnitOfMeasurePrice>
      <AllowDiscount>1</AllowDiscount>
      <ItemStatus>1</ItemStatus>
      <ItemId>243824</ItemId>
    </Item>
    <Item>
      <PriceUpdateDate>2015-01-01 00:00:00</PriceUpdateDate>
      <ItemCode>7290010193608</ItemCode>
      <ItemType>0</ItemType>
      <ItemName>מארז נקניקיות עוף 3*</ItemName>
      <ManufacturerName>מ ב גלאט עוף למהדרין</ManufacturerName>
      <ManufactureCountry>ישראל</ManufactureCountry>
      <ManufacturerItemDescription>מארז נקניקיות עוף 3*300 גרם</ManufacturerItemDescription>
      <UnitQty>גרמים</UnitQty>
      <Quantity>900.00</Quantity>
      <UnitOfMeasure>100 גרם</UnitOfMeasure>
      <bIsWeighted>0</bIsWeighted>
      <QtyInPackage>3</QtyInPackage>
      <ItemPrice>19.90</ItemPrice>
      <UnitOfMeasurePrice>2.2111</UnitOfMeasurePrice>
      <AllowDiscount>1</AllowDiscount>
      <ItemStatus>1</ItemStatus>
      <ItemId>243828</ItemId>
    </Item>
    <Item>
      <PriceUpdateDate>2015-01-01 00:00:00</PriceUpdateDate>
      <ItemCode>7290010193523</ItemCode>
      <ItemType>0</ItemType>
      <ItemName>פסטרמה מעודנת 400 גר</ItemName>
      <ManufacturerName>מ ב גלאט עוף למהדרין</ManufacturerName>
      <ManufactureCountry>ישראל</ManufactureCountry>
      <ManufacturerItemDescription>פסטרמה מעודנת 400 גרם</ManufacturerItemDescription>
      <UnitQty>גרמים</UnitQty>
      <Quantity>400.00</Quantity>
      <UnitOfMeasure>100 גרם</UnitOfMeasure>
      <bIsWeighted>0</bIsWeighted>
      <QtyInPackage>1</QtyInPackage>
      <ItemPrice>22.90</ItemPrice>
      <UnitOfMeasurePrice>5.7250</UnitOfMeasurePrice>
      <AllowDiscount>1</AllowDiscount>
      <ItemStatus>1</ItemStatus>
      <ItemId>243830</ItemId>
    </Item>
    <Item>
      <PriceUpdateDate>2015-01-01 00:00:00</PriceUpdateDate>
      <ItemCode>7290010193615</ItemCode>
      <ItemType>0</ItemType>
      <ItemName>מארז תה מעושן + פסטר</ItemName>
      <ManufacturerName>מ ב גלאט עוף למהדרין</ManufacturerName>
      <ManufactureCountry>ישראל</ManufactureCountry>
      <ManufacturerItemDescription>מארז תה מעושן + פסטרמה 600 גרם</ManufacturerItemDescription>
      <UnitQty>גרמים</UnitQty>
      <Quantity>600.00</Quantity>
      <UnitOfMeasure>100 גרם</UnitOfMeasure>
      <bIsWeighted>0</bIsWeighted>
      <QtyInPackage>2</QtyInPackage>
      <ItemPrice>22.90</ItemPrice>
      <UnitOfMeasurePrice>3.8167</UnitOfMeasurePrice>
      <AllowDiscount>1</AllowDiscount>
      <ItemStatus>1</ItemStatus>
      <ItemId>243831</ItemId>
    </Item>
    <Item>
      <PriceUpdateDate>2015-09-20 12:48:02</PriceUpdateDate>
      <ItemCode>110844</ItemCode>
      <ItemType>0</ItemType>
      <ItemName>כיפלי גריל 50 גרם</ItemName>
      <ManufacturerName>יוניליוור</ManufacturerName>
      <ManufactureCountry>ישראל</ManufactureCountry>
      <ManufacturerItemDescription>כיפלי גריל 50 גרם</ManufacturerItemDescription>
      <UnitQty>גרמים</UnitQty>
      <Quantity>50.00</Quantity>
      <UnitOfMeasure>100 גרם</UnitOfMeasure>
      <bIsWeighted>0</bIsWeighted>
      <QtyInPackage>1</QtyInPackage>
      <ItemPrice>3.90</ItemPrice>
      <UnitOfMeasurePrice>7.8000</UnitOfMeasurePrice>
      <AllowDiscount>1</AllowDiscount>
      <ItemStatus>1</ItemStatus>
      <ItemId>243841</ItemId>
    </Item>
    <Item>
      <PriceUpdateDate>2016-02-25 16:26:03</PriceUpdateDate>
      <ItemCode>7290012372957</ItemCode>
      <ItemType>1</ItemType>
      <ItemName>קמח מלא 1 ק"ג 100%</ItemName>
      <ManufacturerName>,</ManufacturerName>
      <ManufactureCountry>לא ידוע</ManufactureCountry>
      <ManufacturerItemDescription>קמח רימונים מלא 100% 1 ק"ג</ManufacturerItemDescription>
      <UnitQty>קילוגרמים</UnitQty>
      <Quantity>1.00</Quantity>
      <UnitOfMeasure>ק"ג     </UnitOfMeasure>
      <bIsWeighted>0</bIsWeighted>
      <QtyInPackage>1</QtyInPackage>
      <ItemPrice>7.90</ItemPrice>
      <UnitOfMeasurePrice>7.9000</UnitOfMeasurePrice>
      <AllowDiscount>1</AllowDiscount>
      <ItemStatus>1</ItemStatus>
      <ItemId>267043</ItemId>
    </Item>
    <Item>
      <PriceUpdateDate>2015-01-01 00:00:00</PriceUpdateDate>
      <ItemCode>7290104726262</ItemCode>
      <ItemType>0</ItemType>
      <ItemName>מארז דני לשתייה 500</ItemName>
      <ManufacturerName>שטראוס</ManufacturerName>
      <ManufactureCountry>ישראל</ManufactureCountry>
      <ManufacturerItemDescription>מארז דני לשתייה 500 מל</ManufacturerItemDescription>
      <UnitQty>מיליליטרים</UnitQty>
      <Quantity>500.00</Quantity>
      <UnitOfMeasure>100 מ"ל</UnitOfMeasure>
      <bIsWeighted>0</bIsWeighted>
      <QtyInPackage>1</QtyInPackage>
      <ItemPrice>9.90</ItemPrice>
      <UnitOfMeasurePrice>1.9800</UnitOfMeasurePrice>
      <AllowDiscount>1</AllowDiscount>
      <ItemStatus>1</ItemStatus>
      <ItemId>243965</ItemId>
    </Item>
    <Item>
      <PriceUpdateDate>2015-01-01 00:00:00</PriceUpdateDate>
      <ItemCode>7290105968654</ItemCode>
      <ItemType>0</ItemType>
      <ItemName>רביולי בטטה פרווה</ItemName>
      <ManufacturerName>שטראוס</ManufacturerName>
      <ManufactureCountry>ישראל</ManufactureCountry>
      <ManufacturerItemDescription>רביולי בטטה פרווה 400 גרם</ManufacturerItemDescription>
      <UnitQty>גרמים</UnitQty>
      <Quantity>400.00</Quantity>
      <UnitOfMeasure>100 גרם</UnitOfMeasure>
      <bIsWeighted>0</bIsWeighted>
      <QtyInPackage>1</QtyInPackage>
      <ItemPrice>19.90</ItemPrice>
      <UnitOfMeasurePrice>4.9750</UnitOfMeasurePrice>
      <AllowDiscount>1</AllowDiscount>
      <ItemStatus>1</ItemStatus>
      <ItemId>243977</ItemId>
    </Item>
    <Item>
      <PriceUpdateDate>2015-11-08 09:46:04</PriceUpdateDate>
      <ItemCode>4009900504126</ItemCode>
      <ItemType>1</ItemType>
      <ItemName>מסטיק אורביט פרופשיו</ItemName>
      <ManufacturerName>ריגלי</ManufacturerName>
      <ManufactureCountry>לא ידוע</ManufactureCountry>
      <ManufacturerItemDescription>מסטיק אורביט פרופשיונל פפרמינט</ManufacturerItemDescription>
      <UnitQty>Unknown </UnitQty>
      <Quantity>0.00</Quantity>
      <UnitOfMeasure>Unknown </UnitOfMeasure>
      <bIsWeighted>0</bIsWeighted>
      <QtyInPackage>1</QtyInPackage>
      <ItemPrice>8.90</ItemPrice>
      <UnitOfMeasurePrice>0.0000</UnitOfMeasurePrice>
      <AllowDiscount>1</AllowDiscount>
      <ItemStatus>1</ItemStatus>
      <ItemId>265799</ItemId>
    </Item>
    <Item>
      <PriceUpdateDate>2015-09-21 08:15:32</PriceUpdateDate>
      <ItemCode>7290105695024</ItemCode>
      <ItemType>0</ItemType>
      <ItemName>פתיתים אפויים אורז ע</ItemName>
      <ManufacturerName>אסם</ManufacturerName>
      <ManufactureCountry>לא ידוע</ManufactureCountry>
      <ManufacturerItemDescription>פתיתים אפויים אורז עם אטריות 500 גרם</ManufacturerItemDescription>
      <UnitQty>גרמים</UnitQty>
      <Quantity>500.00</Quantity>
      <UnitOfMeasure>100 גרם</UnitOfMeasure>
      <bIsWeighted>0</bIsWeighted>
      <QtyInPackage>1</QtyInPackage>
      <ItemPrice>5.90</ItemPrice>
      <UnitOfMeasurePrice>1.1800</UnitOfMeasurePrice>
      <AllowDiscount>1</AllowDiscount>
      <ItemStatus>1</ItemStatus>
      <ItemId>243989</ItemId>
    </Item>
    <Item>
      <PriceUpdateDate>2015-11-08 09:46:04</PriceUpdateDate>
      <ItemCode>4009900503952</ItemCode>
      <ItemType>1</ItemType>
      <ItemName>מסטיק אורביט פרופשיו</ItemName>
      <ManufacturerName>ריגלי</ManufacturerName>
      <ManufactureCountry>לא ידוע</ManufactureCountry>
      <ManufacturerItemDescription>מסטיק אורביט פרופשיונל באבלמינט</ManufacturerItemDescription>
      <UnitQty>Unknown </UnitQty>
      <Quantity>0.00</Quantity>
      <UnitOfMeasure>Unknown </UnitOfMeasure>
      <bIsWeighted>0</bIsWeighted>
      <QtyInPackage>1</QtyInPackage>
      <ItemPrice>8.90</ItemPrice>
      <UnitOfMeasurePrice>0.0000</UnitOfMeasurePrice>
      <AllowDiscount>1</AllowDiscount>
      <ItemStatus>1</ItemStatus>
      <ItemId>265800</ItemId>
    </Item>
    <Item>
      <PriceUpdateDate>2015-01-01 00:00:00</PriceUpdateDate>
      <ItemCode>7290014083806</ItemCode>
      <ItemType>0</ItemType>
      <ItemName>עוגיות בטעם חמאה 350</ItemName>
      <ManufacturerName>דן קייק</ManufacturerName>
      <ManufactureCountry>פורטוגל</ManufactureCountry>
      <ManufacturerItemDescription>עוגיות בטעם חמאה 350 גרם</ManufacturerItemDescription>
      <UnitQty>גרמים</UnitQty>
      <Quantity>350.00</Quantity>
      <UnitOfMeasure>100 גרם</UnitOfMeasure>
      <bIsWeighted>0</bIsWeighted>
      <QtyInPackage>1</QtyInPackage>
      <ItemPrice>11.90</ItemPrice>
      <UnitOfMeasurePrice>3.4000</UnitOfMeasurePrice>
      <AllowDiscount>1</AllowDiscount>
      <ItemStatus>1</ItemStatus>
      <ItemId>244030</ItemId>
    </Item>
    <Item>
      <PriceUpdateDate>2015-01-01 00:00:00</PriceUpdateDate>
      <ItemCode>7290010259830</ItemCode>
      <ItemType>0</ItemType>
      <ItemName>מנת השף מרק עם נודלס</ItemName>
      <ManufacturerName>נמצאו</ManufacturerName>
      <ManufactureCountry>תאילנד</ManufactureCountry>
      <ManufacturerItemDescription>מנת השף מרק עם נודלס סיני פיקנטי</ManufacturerItemDescription>
      <UnitQty>גרמים</UnitQty>
      <Quantity>70.00</Quantity>
      <UnitOfMeasure>100 גרם</UnitOfMeasure>
      <bIsWeighted>0</bIsWeighted>
      <QtyInPackage>1</QtyInPackage>
      <ItemPrice>3.90</ItemPrice>
      <UnitOfMeasurePrice>5.5714</UnitOfMeasurePrice>
      <AllowDiscount>1</AllowDiscount>
      <ItemStatus>1</ItemStatus>
      <ItemId>244036</ItemId>
    </Item>
    <Item>
      <PriceUpdateDate>2015-01-01 00:00:00</PriceUpdateDate>
      <ItemCode>7290010259861</ItemCode>
      <ItemType>0</ItemType>
      <ItemName>מנת השף מרק עם נודלס</ItemName>
      <ManufacturerName>נמצאו</ManufacturerName>
      <ManufactureCountry>תאילנד</ManufactureCountry>
      <ManufacturerItemDescription>מנת השף מרק עם נודלס בטעם ירקות</ManufacturerItemDescription>
      <UnitQty>גרמים</UnitQty>
      <Quantity>70.00</Quantity>
      <UnitOfMeasure>100 גרם</UnitOfMeasure>
      <bIsWeighted>0</bIsWeighted>
      <QtyInPackage>1</QtyInPackage>
      <ItemPrice>3.90</ItemPrice>
      <UnitOfMeasurePrice>5.5714</UnitOfMeasurePrice>
      <AllowDiscount>1</AllowDiscount>
      <ItemStatus>1</ItemStatus>
      <ItemId>244039</ItemId>
    </Item>
    <Item>
      <PriceUpdateDate>2016-01-04 11:52:51</PriceUpdateDate>
      <ItemCode>8714789834467</ItemCode>
      <ItemType>0</ItemType>
      <ItemName>נוזל כלים פלמוליב 1.</ItemName>
      <ManufacturerName>קולגייט פלמוליב</ManufacturerName>
      <ManufactureCountry>יוון</ManufactureCountry>
      <ManufacturerItemDescription>נוזל כלים פלמוליב 1.5 ליטר</ManufacturerItemDescription>
      <UnitQty>ליטרים</UnitQty>
      <Quantity>1.50</Quantity>
      <UnitOfMeasure>ליטר    </UnitOfMeasure>
      <bIsWeighted>0</bIsWeighted>
      <QtyInPackage>1</QtyInPackage>
      <ItemPrice>13.90</ItemPrice>
      <UnitOfMeasurePrice>9.2667</UnitOfMeasurePrice>
      <AllowDiscount>1</AllowDiscount>
      <ItemStatus>1</ItemStatus>
      <ItemId>244063</ItemId>
    </Item>
    <Item>
      <PriceUpdateDate>2015-01-01 00:00:00</PriceUpdateDate>
      <ItemCode>7290013080301</ItemCode>
      <ItemType>0</ItemType>
      <ItemName>מאגדת באגסי גריל20*2</ItemName>
      <ManufacturerName>א מ חטיפי העמק בעמ</ManufacturerName>
      <ManufactureCountry>לא ידוע</ManufactureCountry>
      <ManufacturerItemDescription>מאגדת באגסי גריל20*20 גרם</ManufacturerItemDescription>
      <UnitQty>גרמים</UnitQty>
      <Quantity>400.00</Quantity>
      <UnitOfMeasure>100 גרם</UnitOfMeasure>
      <bIsWeighted>0</bIsWeighted>
      <QtyInPackage>1</QtyInPackage>
      <ItemPrice>8.90</ItemPrice>
      <UnitOfMeasurePrice>2.2250</UnitOfMeasurePrice>
      <AllowDiscount>1</AllowDiscount>
      <ItemStatus>1</ItemStatus>
      <ItemId>244065</ItemId>
    </Item>
    <Item>
      <PriceUpdateDate>2015-01-01 00:00:00</PriceUpdateDate>
      <ItemCode>7290013080318</ItemCode>
      <ItemType>0</ItemType>
      <ItemName>מאגדת באגסי פלאפל 20</ItemName>
      <ManufacturerName>א מ חטיפי העמק בעמ</ManufacturerName>
      <ManufactureCountry>לא ידוע</ManufactureCountry>
      <ManufacturerItemDescription>מאגדת באגסי פלאפל 20*20 גרם</ManufacturerItemDescription>
      <UnitQty>גרמים</UnitQty>
      <Quantity>400.00</Quantity>
      <UnitOfMeasure>100 גרם</UnitOfMeasure>
      <bIsWeighted>0</bIsWeighted>
      <QtyInPackage>1</QtyInPackage>
      <ItemPrice>8.90</ItemPrice>
      <UnitOfMeasurePrice>2.2250</UnitOfMeasurePrice>
      <AllowDiscount>1</AllowDiscount>
      <ItemStatus>1</ItemStatus>
      <ItemId>244066</ItemId>
    </Item>
    <Item>
      <PriceUpdateDate>2015-01-01 00:00:00</PriceUpdateDate>
      <ItemCode>7290013080486</ItemCode>
      <ItemType>0</ItemType>
      <ItemName>מאגדת באגסי פיצה 20*</ItemName>
      <ManufacturerName>א מ חטיפי העמק בעמ</ManufacturerName>
      <ManufactureCountry>לא ידוע</ManufactureCountry>
      <ManufacturerItemDescription>מאגדת באגסי פיצה 20*20 גרם</ManufacturerItemDescription>
      <UnitQty>גרמים</UnitQty>
      <Quantity>400.00</Quantity>
      <UnitOfMeasure>100 גרם</UnitOfMeasure>
      <bIsWeighted>0</bIsWeighted>
      <QtyInPackage>1</QtyInPackage>
      <ItemPrice>8.90</ItemPrice>
      <UnitOfMeasurePrice>2.2250</UnitOfMeasurePrice>
      <AllowDiscount>1</AllowDiscount>
      <ItemStatus>1</ItemStatus>
      <ItemId>244067</ItemId>
    </Item>
    <Item>
      <PriceUpdateDate>2015-01-01 00:00:00</PriceUpdateDate>
      <ItemCode>7290013080479</ItemCode>
      <ItemType>0</ItemType>
      <ItemName>מאגדת באגסי בצל 20*2</ItemName>
      <ManufacturerName>א מ חטיפי העמק בעמ</ManufacturerName>
      <ManufactureCountry>לא ידוע</ManufactureCountry>
      <ManufacturerItemDescription>מאגדת באגסי בצל 20*20 גרם</ManufacturerItemDescription>
      <UnitQty>גרמים</UnitQty>
      <Quantity>400.00</Quantity>
      <UnitOfMeasure>100 גרם</UnitOfMeasure>
      <bIsWeighted>0</bIsWeighted>
      <QtyInPackage>1</QtyInPackage>
      <ItemPrice>8.90</ItemPrice>
      <UnitOfMeasurePrice>2.2250</UnitOfMeasurePrice>
      <AllowDiscount>1</AllowDiscount>
      <ItemStatus>1</ItemStatus>
      <ItemId>244068</ItemId>
    </Item>
    <Item>
      <PriceUpdateDate>2015-01-01 00:00:00</PriceUpdateDate>
      <ItemCode>7290103154493</ItemCode>
      <ItemType>0</ItemType>
      <ItemName>צלחות קטנות קשת 222</ItemName>
      <ManufacturerName>,</ManufacturerName>
      <ManufactureCountry>לא ידוע</ManufactureCountry>
      <ManufacturerItemDescription>צלחות קטנות קשת 222 יח</ManufacturerItemDescription>
      <UnitQty>Unknown </UnitQty>
      <Quantity>0.00</Quantity>
      <UnitOfMeasure>Unknown </UnitOfMeasure>
      <bIsWeighted>0</bIsWeighted>
      <QtyInPackage>1</QtyInPackage>
      <ItemPrice>19.90</ItemPrice>
      <UnitOfMeasurePrice>0.0000</UnitOfMeasurePrice>
      <AllowDiscount>1</AllowDiscount>
      <ItemStatus>1</ItemStatus>
      <ItemId>244090</ItemId>
    </Item>
    <Item>
      <PriceUpdateDate>2015-01-01 00:00:00</PriceUpdateDate>
      <ItemCode>7290013615930</ItemCode>
      <ItemType>0</ItemType>
      <ItemName>ברוקולי קפואה 1 ק"ג</ItemName>
      <ManufacturerName>,</ManufacturerName>
      <ManufactureCountry>לא ידוע</ManufactureCountry>
      <ManufacturerItemDescription>ברוקולי קפואה 1 ק"ג</ManufacturerItemDescription>
      <UnitQty>קילוגרמים</UnitQty>
      <Quantity>1.00</Quantity>
      <UnitOfMeasure>ק"ג     </UnitOfMeasure>
      <bIsWeighted>0</bIsWeighted>
      <QtyInPackage>1</QtyInPackage>
      <ItemPrice>13.90</ItemPrice>
      <UnitOfMeasurePrice>13.9000</UnitOfMeasurePrice>
      <AllowDiscount>1</AllowDiscount>
      <ItemStatus>1</ItemStatus>
      <ItemId>244139</ItemId>
    </Item>
    <Item>
      <PriceUpdateDate>2015-01-01 00:00:00</PriceUpdateDate>
      <ItemCode>7290013615947</ItemCode>
      <ItemType>0</ItemType>
      <ItemName>כרובית קפואה 1 ק"ג</ItemName>
      <ManufacturerName>,</ManufacturerName>
      <ManufactureCountry>לא ידוע</ManufactureCountry>
      <ManufacturerItemDescription>כרובית קפואה 1 ק"ג</ManufacturerItemDescription>
      <UnitQty>קילוגרמים</UnitQty>
      <Quantity>1.00</Quantity>
      <UnitOfMeasure>ק"ג     </UnitOfMeasure>
      <bIsWeighted>0</bIsWeighted>
      <QtyInPackage>1</QtyInPackage>
      <ItemPrice>13.90</ItemPrice>
      <UnitOfMeasurePrice>13.9000</UnitOfMeasurePrice>
      <AllowDiscount>1</AllowDiscount>
      <ItemStatus>1</ItemStatus>
      <ItemId>244140</ItemId>
    </Item>
    <Item>
      <PriceUpdateDate>2015-01-01 00:00:00</PriceUpdateDate>
      <ItemCode>7290013615954</ItemCode>
      <ItemType>0</ItemType>
      <ItemName>תרד קפוא 1 ק"ג</ItemName>
      <ManufacturerName>,</ManufacturerName>
      <ManufactureCountry>לא ידוע</ManufactureCountry>
      <ManufacturerItemDescription>תרד קפוא 1 ק"ג</ManufacturerItemDescription>
      <UnitQty>קילוגרמים</UnitQty>
      <Quantity>1.00</Quantity>
      <UnitOfMeasure>ק"ג     </UnitOfMeasure>
      <bIsWeighted>0</bIsWeighted>
      <QtyInPackage>1</QtyInPackage>
      <ItemPrice>13.90</ItemPrice>
      <UnitOfMeasurePrice>13.9000</UnitOfMeasurePrice>
      <AllowDiscount>1</AllowDiscount>
      <ItemStatus>1</ItemStatus>
      <ItemId>244141</ItemId>
    </Item>
    <Item>
      <PriceUpdateDate>2015-01-01 00:00:00</PriceUpdateDate>
      <ItemCode>7290013883445</ItemCode>
      <ItemType>0</ItemType>
      <ItemName>אסטוניש קרם למטבח כח</ItemName>
      <ManufacturerName>,</ManufacturerName>
      <ManufactureCountry>לא ידוע</ManufactureCountry>
      <ManufacturerItemDescription>אסטוניש קרם למטבח כחול 550 מ"ל פקק לחיץ</ManufacturerItemDescription>
      <UnitQty>מיליליטרים</UnitQty>
      <Quantity>550.00</Quantity>
      <UnitOfMeasure>100 מ"ל</UnitOfMeasure>
      <bIsWeighted>0</bIsWeighted>
      <QtyInPackage>1</QtyInPackage>
      <ItemPrice>17.50</ItemPrice>
      <UnitOfMeasurePrice>3.1818</UnitOfMeasurePrice>
      <AllowDiscount>1</AllowDiscount>
      <ItemStatus>1</ItemStatus>
      <ItemId>244166</ItemId>
    </Item>
    <Item>
      <PriceUpdateDate>2015-01-01 00:00:00</PriceUpdateDate>
      <ItemCode>7290013883469</ItemCode>
      <ItemType>0</ItemType>
      <ItemName>אסטוניש קרם למטבח צה</ItemName>
      <ManufacturerName>,</ManufacturerName>
      <ManufactureCountry>לא ידוע</ManufactureCountry>
      <ManufacturerItemDescription>אסטוניש קרם למטבח צהוב 550 מ"ל פקק לחיץ</ManufacturerItemDescription>
      <UnitQty>מיליליטרים</UnitQty>
      <Quantity>550.00</Quantity>
      <UnitOfMeasure>100 מ"ל</UnitOfMeasure>
      <bIsWeighted>0</bIsWeighted>
      <QtyInPackage>1</QtyInPackage>
      <ItemPrice>17.50</ItemPrice>
      <UnitOfMeasurePrice>3.1818</UnitOfMeasurePrice>
      <AllowDiscount>1</AllowDiscount>
      <ItemStatus>1</ItemStatus>
      <ItemId>244167</ItemId>
    </Item>
    <Item>
      <PriceUpdateDate>2015-01-01 00:00:00</PriceUpdateDate>
      <ItemCode>3882267</ItemCode>
      <ItemType>0</ItemType>
      <ItemName>שמן תירס 3 ליטר</ItemName>
      <ManufacturerName>,</ManufacturerName>
      <ManufactureCountry>לא ידוע</ManufactureCountry>
      <ManufacturerItemDescription>שמן תירס 3 ליטר</ManufacturerItemDescription>
      <UnitQty>ליטרים</UnitQty>
      <Quantity>3.00</Quantity>
      <UnitOfMeasure>ליטר    </UnitOfMeasure>
      <bIsWeighted>0</bIsWeighted>
      <QtyInPackage>1</QtyInPackage>
      <ItemPrice>26.90</ItemPrice>
      <UnitOfMeasurePrice>8.9667</UnitOfMeasurePrice>
      <AllowDiscount>1</AllowDiscount>
      <ItemStatus>1</ItemStatus>
      <ItemId>244182</ItemId>
    </Item>
    <Item>
      <PriceUpdateDate>2015-01-01 00:00:00</PriceUpdateDate>
      <ItemCode>7290014083813</ItemCode>
      <ItemType>0</ItemType>
      <ItemName>שפורטים מעושנים בשמן</ItemName>
      <ManufacturerName>Briavais Vilns</ManufacturerName>
      <ManufactureCountry>לטביה</ManufactureCountry>
      <ManufacturerItemDescription>שפורטים מעושנים בשמן 190 גרם</ManufacturerItemDescription>
      <UnitQty>גרמים</UnitQty>
      <Quantity>190.00</Quantity>
      <UnitOfMeasure>100 גרם</UnitOfMeasure>
      <bIsWeighted>0</bIsWeighted>
      <QtyInPackage>1</QtyInPackage>
      <ItemPrice>8.80</ItemPrice>
      <UnitOfMeasurePrice>4.6316</UnitOfMeasurePrice>
      <AllowDiscount>1</AllowDiscount>
      <ItemStatus>1</ItemStatus>
      <ItemId>244208</ItemId>
    </Item>
    <Item>
      <PriceUpdateDate>2015-09-21 08:46:10</PriceUpdateDate>
      <ItemCode>7290014434080</ItemCode>
      <ItemType>0</ItemType>
      <ItemName>מקלות חמוצים בטעם תו</ItemName>
      <ManufacturerName>סאדת גידה</ManufacturerName>
      <ManufactureCountry>לא ידוע</ManufactureCountry>
      <ManufacturerItemDescription>מקלות חמוצים בטעם תות 20 גרם</ManufacturerItemDescription>
      <UnitQty>Unknown </UnitQty>
      <Quantity>0.00</Quantity>
      <UnitOfMeasure>Unknown </UnitOfMeasure>
      <bIsWeighted>0</bIsWeighted>
      <QtyInPackage>1</QtyInPackage>
      <ItemPrice>1.30</ItemPrice>
      <UnitOfMeasurePrice>0.0000</UnitOfMeasurePrice>
      <AllowDiscount>1</AllowDiscount>
      <ItemStatus>1</ItemStatus>
      <ItemId>244210</ItemId>
    </Item>
    <Item>
      <PriceUpdateDate>2015-09-21 08:46:10</PriceUpdateDate>
      <ItemCode>7290014434097</ItemCode>
      <ItemType>0</ItemType>
      <ItemName>מקלות חמוצים בטעם תפ</ItemName>
      <ManufacturerName>סאדת גידה</ManufacturerName>
      <ManufactureCountry>לא ידוע</ManufactureCountry>
      <ManufacturerItemDescription>מקלות חמוצים בטעם תפוח 20 גרם</ManufacturerItemDescription>
      <UnitQty>Unknown </UnitQty>
      <Quantity>0.00</Quantity>
      <UnitOfMeasure>Unknown </UnitOfMeasure>
      <bIsWeighted>0</bIsWeighted>
      <QtyInPackage>1</QtyInPackage>
      <ItemPrice>1.30</ItemPrice>
      <UnitOfMeasurePrice>0.0000</UnitOfMeasurePrice>
      <AllowDiscount>1</AllowDiscount>
      <ItemStatus>1</ItemStatus>
      <ItemId>244211</ItemId>
    </Item>
    <Item>
      <PriceUpdateDate>2015-09-21 08:46:10</PriceUpdateDate>
      <ItemCode>7290014434103</ItemCode>
      <ItemType>0</ItemType>
      <ItemName>מקלות חמוצים בטעם פט</ItemName>
      <ManufacturerName>סאדת גידה</ManufacturerName>
      <ManufactureCountry>לא ידוע</ManufactureCountry>
      <ManufacturerItemDescription>מקלות חמוצים בטעם פטל 20 גרם</ManufacturerItemDescription>
      <UnitQty>Unknown </UnitQty>
      <Quantity>0.00</Quantity>
      <UnitOfMeasure>Unknown </UnitOfMeasure>
      <bIsWeighted>0</bIsWeighted>
      <QtyInPackage>1</QtyInPackage>
      <ItemPrice>1.30</ItemPrice>
      <UnitOfMeasurePrice>0.0000</UnitOfMeasurePrice>
      <AllowDiscount>1</AllowDiscount>
      <ItemStatus>1</ItemStatus>
      <ItemId>244212</ItemId>
    </Item>
    <Item>
      <PriceUpdateDate>2016-05-05 16:25:56</PriceUpdateDate>
      <ItemCode>7290013268235</ItemCode>
      <ItemType>0</ItemType>
      <ItemName>דאודורנט קרמה רול או</ItemName>
      <ManufacturerName>אמיליה קוסמטיקס</ManufacturerName>
      <ManufactureCountry>לא ידוע</ManufactureCountry>
      <ManufacturerItemDescription>דאודורנט קרמה רול און פרח קלאסי 75 מ"ל</ManufacturerItemDescription>
      <UnitQty>מיליליטרים</UnitQty>
      <Quantity>75.00</Quantity>
      <UnitOfMeasure>100 מ"ל</UnitOfMeasure>
      <bIsWeighted>0</bIsWeighted>
      <QtyInPackage>1</QtyInPackage>
      <ItemPrice>8.90</ItemPrice>
      <UnitOfMeasurePrice>11.8667</UnitOfMeasurePrice>
      <AllowDiscount>1</AllowDiscount>
      <ItemStatus>1</ItemStatus>
      <ItemId>268098</ItemId>
    </Item>
    <Item>
      <PriceUpdateDate>2015-01-01 00:00:00</PriceUpdateDate>
      <ItemCode>7290013848260</ItemCode>
      <ItemType>0</ItemType>
      <ItemName>קרם גוף כיף דבש 200</ItemName>
      <ManufacturerName>קוסמופארם</ManufacturerName>
      <ManufactureCountry>לא ידוע</ManufactureCountry>
      <ManufacturerItemDescription>קרם גוף כיף דבש 200 מ"ל</ManufacturerItemDescription>
      <UnitQty>מיליליטרים</UnitQty>
      <Quantity>200.00</Quantity>
      <UnitOfMeasure>100 מ"ל</UnitOfMeasure>
      <bIsWeighted>0</bIsWeighted>
      <QtyInPackage>1</QtyInPackage>
      <ItemPrice>12.90</ItemPrice>
      <UnitOfMeasurePrice>6.4500</UnitOfMeasurePrice>
      <AllowDiscount>1</AllowDiscount>
      <ItemStatus>1</ItemStatus>
      <ItemId>244220</ItemId>
    </Item>
    <Item>
      <PriceUpdateDate>2015-01-01 00:00:00</PriceUpdateDate>
      <ItemCode>7290013848277</ItemCode>
      <ItemType>0</ItemType>
      <ItemName>קרם גוף כיף שקד 200</ItemName>
      <ManufacturerName>קוסמופארם</ManufacturerName>
      <ManufactureCountry>לא ידוע</ManufactureCountry>
      <ManufacturerItemDescription>קרם גוף כיף שקד 200 מ"ל</ManufacturerItemDescription>
      <UnitQty>מיליליטרים</UnitQty>
      <Quantity>200.00</Quantity>
      <UnitOfMeasure>100 מ"ל</UnitOfMeasure>
      <bIsWeighted>0</bIsWeighted>
      <QtyInPackage>1</QtyInPackage>
      <ItemPrice>12.90</ItemPrice>
      <UnitOfMeasurePrice>6.4500</UnitOfMeasurePrice>
      <AllowDiscount>1</AllowDiscount>
      <ItemStatus>1</ItemStatus>
      <ItemId>244221</ItemId>
    </Item>
    <Item>
      <PriceUpdateDate>2015-01-01 00:00:00</PriceUpdateDate>
      <ItemCode>7290013848284</ItemCode>
      <ItemType>0</ItemType>
      <ItemName>קרם גוף כיף לבנדר 20</ItemName>
      <ManufacturerName>קוסמופארם</ManufacturerName>
      <ManufactureCountry>לא ידוע</ManufactureCountry>
      <ManufacturerItemDescription>קרם גוף כיף לבנדר 200 מ"ל</ManufacturerItemDescription>
      <UnitQty>מיליליטרים</UnitQty>
      <Quantity>200.00</Quantity>
      <UnitOfMeasure>100 מ"ל</UnitOfMeasure>
      <bIsWeighted>0</bIsWeighted>
      <QtyInPackage>1</QtyInPackage>
      <ItemPrice>12.90</ItemPrice>
      <UnitOfMeasurePrice>6.4500</UnitOfMeasurePrice>
      <AllowDiscount>1</AllowDiscount>
      <ItemStatus>1</ItemStatus>
      <ItemId>244222</ItemId>
    </Item>
    <Item>
      <PriceUpdateDate>2015-01-01 00:00:00</PriceUpdateDate>
      <ItemCode>7290013848291</ItemCode>
      <ItemType>0</ItemType>
      <ItemName>קרם גוף כיף קוקוס ונ</ItemName>
      <ManufacturerName>קוסמופארם</ManufacturerName>
      <ManufactureCountry>לא ידוע</ManufactureCountry>
      <ManufacturerItemDescription>קרם גוף כיף קוקוס וניל 200 מ"ל</ManufacturerItemDescription>
      <UnitQty>מיליליטרים</UnitQty>
      <Quantity>200.00</Quantity>
      <UnitOfMeasure>100 מ"ל</UnitOfMeasure>
      <bIsWeighted>0</bIsWeighted>
      <QtyInPackage>1</QtyInPackage>
      <ItemPrice>12.90</ItemPrice>
      <UnitOfMeasurePrice>6.4500</UnitOfMeasurePrice>
      <AllowDiscount>1</AllowDiscount>
      <ItemStatus>1</ItemStatus>
      <ItemId>244223</ItemId>
    </Item>
    <Item>
      <PriceUpdateDate>2015-01-01 00:00:00</PriceUpdateDate>
      <ItemCode>7290014397057</ItemCode>
      <ItemType>0</ItemType>
      <ItemName>שמפו קרמה א.טאצ לשיע</ItemName>
      <ManufacturerName>קוסמופארם</ManufacturerName>
      <ManufactureCountry>לא ידוע</ManufactureCountry>
      <ManufacturerItemDescription>שמפו קרמה א.טאצ לשיער יבש 400 מ"ל</ManufacturerItemDescription>
      <UnitQty>מיליליטרים</UnitQty>
      <Quantity>400.00</Quantity>
      <UnitOfMeasure>100 מ"ל</UnitOfMeasure>
      <bIsWeighted>0</bIsWeighted>
      <QtyInPackage>1</QtyInPackage>
      <ItemPrice>16.70</ItemPrice>
      <UnitOfMeasurePrice>4.1750</UnitOfMeasurePrice>
      <AllowDiscount>1</AllowDiscount>
      <ItemStatus>1</ItemStatus>
      <ItemId>244225</ItemId>
    </Item>
    <Item>
      <PriceUpdateDate>2015-01-01 00:00:00</PriceUpdateDate>
      <ItemCode>7290014397088</ItemCode>
      <ItemType>0</ItemType>
      <ItemName>שמפו קרמה א.טאצ 2 ב-</ItemName>
      <ManufacturerName>קוסמופארם</ManufacturerName>
      <ManufactureCountry>לא ידוע</ManufactureCountry>
      <ManufacturerItemDescription>שמפו קרמה א.טאצ 2 ב-1 400 מ"ל</ManufacturerItemDescription>
      <UnitQty>מיליליטרים</UnitQty>
      <Quantity>400.00</Quantity>
      <UnitOfMeasure>100 מ"ל</UnitOfMeasure>
      <bIsWeighted>0</bIsWeighted>
      <QtyInPackage>1</QtyInPackage>
      <ItemPrice>9.90</ItemPrice>
      <UnitOfMeasurePrice>2.4750</UnitOfMeasurePrice>
      <AllowDiscount>1</AllowDiscount>
      <ItemStatus>1</ItemStatus>
      <ItemId>244228</ItemId>
    </Item>
    <Item>
      <PriceUpdateDate>2015-01-01 00:00:00</PriceUpdateDate>
      <ItemCode>7290014397095</ItemCode>
      <ItemType>0</ItemType>
      <ItemName>מרכך קרמה א.טאצ לשיע</ItemName>
      <ManufacturerName>קוסמופארם</ManufacturerName>
      <ManufactureCountry>לא ידוע</ManufactureCountry>
      <ManufacturerItemDescription>מרכך קרמה א.טאצ לשיער רגיל 400 מ"ל</ManufacturerItemDescription>
      <UnitQty>מיליליטרים</UnitQty>
      <Quantity>400.00</Quantity>
      <UnitOfMeasure>100 מ"ל</UnitOfMeasure>
      <bIsWeighted>0</bIsWeighted>
      <QtyInPackage>1</QtyInPackage>
      <ItemPrice>9.90</ItemPrice>
      <UnitOfMeasurePrice>2.4750</UnitOfMeasurePrice>
      <AllowDiscount>1</AllowDiscount>
      <ItemStatus>1</ItemStatus>
      <ItemId>244229</ItemId>
    </Item>
    <Item>
      <PriceUpdateDate>2015-01-01 00:00:00</PriceUpdateDate>
      <ItemCode>7290107870429</ItemCode>
      <ItemType>0</ItemType>
      <ItemName>רוטב בסיס לבישול 5 ב</ItemName>
      <ManufacturerName>אסם</ManufacturerName>
      <ManufactureCountry>לא ידוע</ManufactureCountry>
      <ManufacturerItemDescription>רוטב בסיס לבישול 5 ב- 1 580 מ"ל</ManufacturerItemDescription>
      <UnitQty>מיליליטרים</UnitQty>
      <Quantity>580.00</Quantity>
      <UnitOfMeasure>100 מ"ל</UnitOfMeasure>
      <bIsWeighted>0</bIsWeighted>
      <QtyInPackage>1</QtyInPackage>
      <ItemPrice>16.90</ItemPrice>
      <UnitOfMeasurePrice>2.9138</UnitOfMeasurePrice>
      <AllowDiscount>1</AllowDiscount>
      <ItemStatus>1</ItemStatus>
      <ItemId>253824</ItemId>
    </Item>
    <Item>
      <PriceUpdateDate>2015-01-01 00:00:00</PriceUpdateDate>
      <ItemCode>7290014397101</ItemCode>
      <ItemType>0</ItemType>
      <ItemName>מרכך קרמה א.טאצ לשיע</ItemName>
      <ManufacturerName>קוסמופארם</ManufacturerName>
      <ManufactureCountry>לא ידוע</ManufactureCountry>
      <ManufacturerItemDescription>מרכך קרמה א.טאצ לשיער יבש 400 מ"ל</ManufacturerItemDescription>
      <UnitQty>מיליליטרים</UnitQty>
      <Quantity>400.00</Quantity>
      <UnitOfMeasure>100 מ"ל</UnitOfMeasure>
      <bIsWeighted>0</bIsWeighted>
      <QtyInPackage>1</QtyInPackage>
      <ItemPrice>16.70</ItemPrice>
      <UnitOfMeasurePrice>4.1750</UnitOfMeasurePrice>
      <AllowDiscount>1</AllowDiscount>
      <ItemStatus>1</ItemStatus>
      <ItemId>244230</ItemId>
    </Item>
    <Item>
      <PriceUpdateDate>2015-01-01 00:00:00</PriceUpdateDate>
      <ItemCode>7290014397514</ItemCode>
      <ItemType>0</ItemType>
      <ItemName>סנופרש הום בריח כותנ</ItemName>
      <ManufacturerName>סנו</ManufacturerName>
      <ManufactureCountry>לא ידוע</ManufactureCountry>
      <ManufacturerItemDescription>סנופרש הום בריח כותנה מלטפת 350 מ"ל</ManufacturerItemDescription>
      <UnitQty>מיליליטרים</UnitQty>
      <Quantity>350.00</Quantity>
      <UnitOfMeasure>100 מ"ל</UnitOfMeasure>
      <bIsWeighted>0</bIsWeighted>
      <QtyInPackage>1</QtyInPackage>
      <ItemPrice>9.90</ItemPrice>
      <UnitOfMeasurePrice>2.8286</UnitOfMeasurePrice>
      <AllowDiscount>1</AllowDiscount>
      <ItemStatus>1</ItemStatus>
      <ItemId>244240</ItemId>
    </Item>
    <Item>
      <PriceUpdateDate>2015-01-01 00:00:00</PriceUpdateDate>
      <ItemCode>7290014397507</ItemCode>
      <ItemType>0</ItemType>
      <ItemName>סנופרש הום בריח פריח</ItemName>
      <ManufacturerName>סנו</ManufacturerName>
      <ManufactureCountry>לא ידוע</ManufactureCountry>
      <ManufacturerItemDescription>סנופרש הום בריח פריחת היסמין 350 מ"ל</ManufacturerItemDescription>
      <UnitQty>מיליליטרים</UnitQty>
      <Quantity>350.00</Quantity>
      <UnitOfMeasure>100 מ"ל</UnitOfMeasure>
      <bIsWeighted>0</bIsWeighted>
      <QtyInPackage>1</QtyInPackage>
      <ItemPrice>9.90</ItemPrice>
      <UnitOfMeasurePrice>2.8286</UnitOfMeasurePrice>
      <AllowDiscount>1</AllowDiscount>
      <ItemStatus>1</ItemStatus>
      <ItemId>244241</ItemId>
    </Item>
    <Item>
      <PriceUpdateDate>2015-01-01 00:00:00</PriceUpdateDate>
      <ItemCode>7290014397538</ItemCode>
      <ItemType>0</ItemType>
      <ItemName>סנופרש הום בריח בוקר</ItemName>
      <ManufacturerName>סנו</ManufacturerName>
      <ManufactureCountry>לא ידוע</ManufactureCountry>
      <ManufacturerItemDescription>סנופרש הום בריח בוקר אביב 350 מ"ל</ManufacturerItemDescription>
      <UnitQty>מיליליטרים</UnitQty>
      <Quantity>350.00</Quantity>
      <UnitOfMeasure>100 מ"ל</UnitOfMeasure>
      <bIsWeighted>0</bIsWeighted>
      <QtyInPackage>1</QtyInPackage>
      <ItemPrice>9.90</ItemPrice>
      <UnitOfMeasurePrice>2.8286</UnitOfMeasurePrice>
      <AllowDiscount>1</AllowDiscount>
      <ItemStatus>1</ItemStatus>
      <ItemId>244242</ItemId>
    </Item>
    <Item>
      <PriceUpdateDate>2015-01-01 00:00:00</PriceUpdateDate>
      <ItemCode>7290014397521</ItemCode>
      <ItemType>0</ItemType>
      <ItemName>סנופרש הום בריח לבנד</ItemName>
      <ManufacturerName>סנו</ManufacturerName>
      <ManufactureCountry>לא ידוע</ManufactureCountry>
      <ManufacturerItemDescription>סנופרש הום בריח לבנדר פרובאנס 350 מ"ל</ManufacturerItemDescription>
      <UnitQty>מיליליטרים</UnitQty>
      <Quantity>350.00</Quantity>
      <UnitOfMeasure>100 מ"ל</UnitOfMeasure>
      <bIsWeighted>0</bIsWeighted>
      <QtyInPackage>1</QtyInPackage>
      <ItemPrice>9.90</ItemPrice>
      <UnitOfMeasurePrice>2.8286</UnitOfMeasurePrice>
      <AllowDiscount>1</AllowDiscount>
      <ItemStatus>1</ItemStatus>
      <ItemId>244243</ItemId>
    </Item>
    <Item>
      <PriceUpdateDate>2015-01-01 00:00:00</PriceUpdateDate>
      <ItemCode>7290014397491</ItemCode>
      <ItemType>0</ItemType>
      <ItemName>סנופרש הום בריח וניל</ItemName>
      <ManufacturerName>סנו</ManufacturerName>
      <ManufactureCountry>לא ידוע</ManufactureCountry>
      <ManufacturerItemDescription>סנופרש הום בריח וניל קוקוס 350 מ"ל</ManufacturerItemDescription>
      <UnitQty>מיליליטרים</UnitQty>
      <Quantity>350.00</Quantity>
      <UnitOfMeasure>100 מ"ל</UnitOfMeasure>
      <bIsWeighted>0</bIsWeighted>
      <QtyInPackage>1</QtyInPackage>
      <ItemPrice>9.90</ItemPrice>
      <UnitOfMeasurePrice>2.8286</UnitOfMeasurePrice>
      <AllowDiscount>1</AllowDiscount>
      <ItemStatus>1</ItemStatus>
      <ItemId>244244</ItemId>
    </Item>
    <Item>
      <PriceUpdateDate>2015-01-01 00:00:00</PriceUpdateDate>
      <ItemCode>7290102395217</ItemCode>
      <ItemType>0</ItemType>
      <ItemName>מאגדת מולר במתיקות מ</ItemName>
      <ManufacturerName>טרה</ManufacturerName>
      <ManufactureCountry>לא ידוע</ManufactureCountry>
      <ManufacturerItemDescription>מאגדת מולר במתיקות מעודנת 2% שמינייה</ManufacturerItemDescription>
      <UnitQty>ליטרים</UnitQty>
      <Quantity>1.20</Quantity>
      <UnitOfMeasure>ליטר    </UnitOfMeasure>
      <bIsWeighted>0</bIsWeighted>
      <QtyInPackage>1</QtyInPackage>
      <ItemPrice>16.90</ItemPrice>
      <UnitOfMeasurePrice>14.0833</UnitOfMeasurePrice>
      <AllowDiscount>1</AllowDiscount>
      <ItemStatus>1</ItemStatus>
      <ItemId>244245</ItemId>
    </Item>
    <Item>
      <PriceUpdateDate>2015-01-01 00:00:00</PriceUpdateDate>
      <ItemCode>446745</ItemCode>
      <ItemType>0</ItemType>
      <ItemName>חמאת שקדים 350 גרם</ItemName>
      <ManufacturerName>בטר אנד דיפרנט</ManufacturerName>
      <ManufactureCountry>לא ידוע</ManufactureCountry>
      <ManufacturerItemDescription>חמאת שקדים 350 גרם</ManufacturerItemDescription>
      <UnitQty>גרמים</UnitQty>
      <Quantity>350.00</Quantity>
      <UnitOfMeasure>100 גרם</UnitOfMeasure>
      <bIsWeighted>0</bIsWeighted>
      <QtyInPackage>1</QtyInPackage>
      <ItemPrice>39.90</ItemPrice>
      <UnitOfMeasurePrice>11.4000</UnitOfMeasurePrice>
      <AllowDiscount>1</AllowDiscount>
      <ItemStatus>1</ItemStatus>
      <ItemId>244270</ItemId>
    </Item>
    <Item>
      <PriceUpdateDate>2015-01-01 00:00:00</PriceUpdateDate>
      <ItemCode>7290103154448</ItemCode>
      <ItemType>0</ItemType>
      <ItemName>צלחות גדולות קשת עמי</ItemName>
      <ManufacturerName>,</ManufacturerName>
      <ManufactureCountry>לא ידוע</ManufactureCountry>
      <ManufacturerItemDescription>צלחות גדולות קשת עמיד במיקרוגל 86 יח</ManufacturerItemDescription>
      <UnitQty>Unknown </UnitQty>
      <Quantity>0.00</Quantity>
      <UnitOfMeasure>Unknown </UnitOfMeasure>
      <bIsWeighted>0</bIsWeighted>
      <QtyInPackage>1</QtyInPackage>
      <ItemPrice>19.90</ItemPrice>
      <UnitOfMeasurePrice>0.0000</UnitOfMeasurePrice>
      <AllowDiscount>1</AllowDiscount>
      <ItemStatus>1</ItemStatus>
      <ItemId>244277</ItemId>
    </Item>
    <Item>
      <PriceUpdateDate>2015-01-01 00:00:00</PriceUpdateDate>
      <ItemCode>7290103154455</ItemCode>
      <ItemType>0</ItemType>
      <ItemName>צלחות מרק קשת עמיד ב</ItemName>
      <ManufacturerName>,</ManufacturerName>
      <ManufactureCountry>לא ידוע</ManufactureCountry>
      <ManufacturerItemDescription>צלחות מרק קשת עמיד במיקרוגל 106 יח</ManufacturerItemDescription>
      <UnitQty>Unknown </UnitQty>
      <Quantity>0.00</Quantity>
      <UnitOfMeasure>Unknown </UnitOfMeasure>
      <bIsWeighted>0</bIsWeighted>
      <QtyInPackage>1</QtyInPackage>
      <ItemPrice>19.90</ItemPrice>
      <UnitOfMeasurePrice>0.0000</UnitOfMeasurePrice>
      <AllowDiscount>1</AllowDiscount>
      <ItemStatus>1</ItemStatus>
      <ItemId>244278</ItemId>
    </Item>
    <Item>
      <PriceUpdateDate>2015-01-01 00:00:00</PriceUpdateDate>
      <ItemCode>7290103154462</ItemCode>
      <ItemType>0</ItemType>
      <ItemName>צלחות קטנות קשת עמיד</ItemName>
      <ManufacturerName>,</ManufacturerName>
      <ManufactureCountry>לא ידוע</ManufactureCountry>
      <ManufacturerItemDescription>צלחות קטנות קשת עמיד במיקרוגל 150 יח</ManufacturerItemDescription>
      <UnitQty>Unknown </UnitQty>
      <Quantity>0.00</Quantity>
      <UnitOfMeasure>Unknown </UnitOfMeasure>
      <bIsWeighted>0</bIsWeighted>
      <QtyInPackage>1</QtyInPackage>
      <ItemPrice>19.90</ItemPrice>
      <UnitOfMeasurePrice>0.0000</UnitOfMeasurePrice>
      <AllowDiscount>1</AllowDiscount>
      <ItemStatus>1</ItemStatus>
      <ItemId>244279</ItemId>
    </Item>
    <Item>
      <PriceUpdateDate>2015-01-01 00:00:00</PriceUpdateDate>
      <ItemCode>7290103154479</ItemCode>
      <ItemType>0</ItemType>
      <ItemName>צלחות גדולות קשת 105</ItemName>
      <ManufacturerName>,</ManufacturerName>
      <ManufactureCountry>לא ידוע</ManufactureCountry>
      <ManufacturerItemDescription>צלחות גדולות קשת 105 יח</ManufacturerItemDescription>
      <UnitQty>Unknown </UnitQty>
      <Quantity>0.00</Quantity>
      <UnitOfMeasure>Unknown </UnitOfMeasure>
      <bIsWeighted>0</bIsWeighted>
      <QtyInPackage>1</QtyInPackage>
      <ItemPrice>19.90</ItemPrice>
      <UnitOfMeasurePrice>0.0000</UnitOfMeasurePrice>
      <AllowDiscount>1</AllowDiscount>
      <ItemStatus>1</ItemStatus>
      <ItemId>244280</ItemId>
    </Item>
    <Item>
      <PriceUpdateDate>2015-01-01 00:00:00</PriceUpdateDate>
      <ItemCode>7290103154486</ItemCode>
      <ItemType>0</ItemType>
      <ItemName>צלחות מרק קשת 125 יח</ItemName>
      <ManufacturerName>,</ManufacturerName>
      <ManufactureCountry>לא ידוע</ManufactureCountry>
      <ManufacturerItemDescription>צלחות מרק קשת 125 יח</ManufacturerItemDescription>
      <UnitQty>Unknown </UnitQty>
      <Quantity>0.00</Quantity>
      <UnitOfMeasure>Unknown </UnitOfMeasure>
      <bIsWeighted>0</bIsWeighted>
      <QtyInPackage>1</QtyInPackage>
      <ItemPrice>19.90</ItemPrice>
      <UnitOfMeasurePrice>0.0000</UnitOfMeasurePrice>
      <AllowDiscount>1</AllowDiscount>
      <ItemStatus>1</ItemStatus>
      <ItemId>244281</ItemId>
    </Item>
    <Item>
      <PriceUpdateDate>2016-03-13 13:58:57</PriceUpdateDate>
      <ItemCode>6920867</ItemCode>
      <ItemType>0</ItemType>
      <ItemName>גבינה הולנדית 9% קלא</ItemName>
      <ManufacturerName>צי תעשיות מזון יבנה</ManufacturerName>
      <ManufactureCountry>לא ידוע</ManufactureCountry>
      <ManufacturerItemDescription>גבינה הולנדית 9% קלאסית 200 גרם בד"צ</ManufacturerItemDescription>
      <UnitQty>גרמים</UnitQty>
      <Quantity>200.00</Quantity>
      <UnitOfMeasure>100 גרם</UnitOfMeasure>
      <bIsWeighted>0</bIsWeighted>
      <QtyInPackage>1</QtyInPackage>
      <ItemPrice>11.90</ItemPrice>
      <UnitOfMeasurePrice>5.9500</UnitOfMeasurePrice>
      <AllowDiscount>1</AllowDiscount>
      <ItemStatus>1</ItemStatus>
      <ItemId>244282</ItemId>
    </Item>
    <Item>
      <PriceUpdateDate>2016-03-13 13:58:57</PriceUpdateDate>
      <ItemCode>6920966</ItemCode>
      <ItemType>0</ItemType>
      <ItemName>גבינה הולנדית 5% קלא</ItemName>
      <ManufacturerName>צי תעשיות מזון יבנה</ManufacturerName>
      <ManufactureCountry>לא ידוע</ManufactureCountry>
      <ManufacturerItemDescription>גבינה הולנדית 5% קלאסית 200 גרם בד"צ</ManufacturerItemDescription>
      <UnitQty>גרמים</UnitQty>
      <Quantity>200.00</Quantity>
      <UnitOfMeasure>100 גרם</UnitOfMeasure>
      <bIsWeighted>0</bIsWeighted>
      <QtyInPackage>1</QtyInPackage>
      <ItemPrice>11.90</ItemPrice>
      <UnitOfMeasurePrice>5.9500</UnitOfMeasurePrice>
      <AllowDiscount>1</AllowDiscount>
      <ItemStatus>1</ItemStatus>
      <ItemId>244284</ItemId>
    </Item>
    <Item>
      <PriceUpdateDate>2015-01-01 00:00:00</PriceUpdateDate>
      <ItemCode>7290010328451</ItemCode>
      <ItemType>0</ItemType>
      <ItemName>חלבה עם פולי קקאו 40</ItemName>
      <ManufacturerName>אחדות ביחר לטחינה חל</ManufacturerName>
      <ManufactureCountry>לא ידוע</ManufactureCountry>
      <ManufacturerItemDescription>חלבה עם פולי קקאו 400 גרם</ManufacturerItemDescription>
      <UnitQty>גרמים</UnitQty>
      <Quantity>400.00</Quantity>
      <UnitOfMeasure>100 גרם</UnitOfMeasure>
      <bIsWeighted>0</bIsWeighted>
      <QtyInPackage>1</QtyInPackage>
      <ItemPrice>12.90</ItemPrice>
      <UnitOfMeasurePrice>3.2250</UnitOfMeasurePrice>
      <AllowDiscount>1</AllowDiscount>
      <ItemStatus>1</ItemStatus>
      <ItemId>244296</ItemId>
    </Item>
    <Item>
      <PriceUpdateDate>2015-01-01 00:00:00</PriceUpdateDate>
      <ItemCode>446936</ItemCode>
      <ItemType>0</ItemType>
      <ItemName>ציפוי עדיף ללא גלוטן</ItemName>
      <ManufacturerName>בטר אנד דיפרנט</ManufacturerName>
      <ManufactureCountry>לא ידוע</ManufactureCountry>
      <ManufacturerItemDescription>ציפוי עדיף ללא גלוטן 250 גרם</ManufacturerItemDescription>
      <UnitQty>גרמים</UnitQty>
      <Quantity>250.00</Quantity>
      <UnitOfMeasure>100 גרם</UnitOfMeasure>
      <bIsWeighted>0</bIsWeighted>
      <QtyInPackage>1</QtyInPackage>
      <ItemPrice>8.90</ItemPrice>
      <UnitOfMeasurePrice>3.5600</UnitOfMeasurePrice>
      <AllowDiscount>1</AllowDiscount>
      <ItemStatus>1</ItemStatus>
      <ItemId>244304</ItemId>
    </Item>
    <Item>
      <PriceUpdateDate>2015-01-01 00:00:00</PriceUpdateDate>
      <ItemCode>8989671</ItemCode>
      <ItemType>0</ItemType>
      <ItemName>ציפוי עדיף פריך ללא</ItemName>
      <ManufacturerName>בטר אנד דיפרנט</ManufacturerName>
      <ManufactureCountry>לא ידוע</ManufactureCountry>
      <ManufacturerItemDescription>ציפוי עדיף פריך ללא גלוטן 250 גרם</ManufacturerItemDescription>
      <UnitQty>גרמים</UnitQty>
      <Quantity>250.00</Quantity>
      <UnitOfMeasure>100 גרם</UnitOfMeasure>
      <bIsWeighted>0</bIsWeighted>
      <QtyInPackage>1</QtyInPackage>
      <ItemPrice>8.90</ItemPrice>
      <UnitOfMeasurePrice>3.5600</UnitOfMeasurePrice>
      <AllowDiscount>1</AllowDiscount>
      <ItemStatus>1</ItemStatus>
      <ItemId>244305</ItemId>
    </Item>
    <Item>
      <PriceUpdateDate>2015-01-01 00:00:00</PriceUpdateDate>
      <ItemCode>710069128002</ItemCode>
      <ItemType>0</ItemType>
      <ItemName>כרוב במי מלח 907 גרם</ItemName>
      <ManufacturerName>,</ManufacturerName>
      <ManufactureCountry>לא ידוע</ManufactureCountry>
      <ManufacturerItemDescription>כרוב במי מלח 907 גרם גפן</ManufacturerItemDescription>
      <UnitQty>גרמים</UnitQty>
      <Quantity>907.00</Quantity>
      <UnitOfMeasure>100 גרם</UnitOfMeasure>
      <bIsWeighted>0</bIsWeighted>
      <QtyInPackage>1</QtyInPackage>
      <ItemPrice>17.90</ItemPrice>
      <UnitOfMeasurePrice>1.9735</UnitOfMeasurePrice>
      <AllowDiscount>1</AllowDiscount>
      <ItemStatus>1</ItemStatus>
      <ItemId>244336</ItemId>
    </Item>
    <Item>
      <PriceUpdateDate>2015-01-01 00:00:00</PriceUpdateDate>
      <ItemCode>710069114128</ItemCode>
      <ItemType>0</ItemType>
      <ItemName>סירופ שוקולד גפן 616</ItemName>
      <ManufacturerName>,</ManufacturerName>
      <ManufactureCountry>לא ידוע</ManufactureCountry>
      <ManufacturerItemDescription>סירופ שוקולד גפן 616 מ"ל וואלאווע</ManufacturerItemDescription>
      <UnitQty>מיליליטרים</UnitQty>
      <Quantity>616.00</Quantity>
      <UnitOfMeasure>100 מ"ל</UnitOfMeasure>
      <bIsWeighted>0</bIsWeighted>
      <QtyInPackage>1</QtyInPackage>
      <ItemPrice>18.90</ItemPrice>
      <UnitOfMeasurePrice>3.0682</UnitOfMeasurePrice>
      <AllowDiscount>1</AllowDiscount>
      <ItemStatus>1</ItemStatus>
      <ItemId>244341</ItemId>
    </Item>
    <Item>
      <PriceUpdateDate>2015-01-01 00:00:00</PriceUpdateDate>
      <ItemCode>56081</ItemCode>
      <ItemType>0</ItemType>
      <ItemName>מאגדת פרילי טבע שישי</ItemName>
      <ManufacturerName>תנובה מרכז שיתופי לש</ManufacturerName>
      <ManufactureCountry>לא ידוע</ManufactureCountry>
      <ManufacturerItemDescription>מאגדת פרילי טבע שישיה</ManufacturerItemDescription>
      <UnitQty>קילוגרמים</UnitQty>
      <Quantity>1.20</Quantity>
      <UnitOfMeasure>ק"ג     </UnitOfMeasure>
      <bIsWeighted>0</bIsWeighted>
      <QtyInPackage>1</QtyInPackage>
      <ItemPrice>14.90</ItemPrice>
      <UnitOfMeasurePrice>12.4167</UnitOfMeasurePrice>
      <AllowDiscount>1</AllowDiscount>
      <ItemStatus>1</ItemStatus>
      <ItemId>244375</ItemId>
    </Item>
    <Item>
      <PriceUpdateDate>2015-01-01 00:00:00</PriceUpdateDate>
      <ItemCode>7290103157074</ItemCode>
      <ItemType>0</ItemType>
      <ItemName>שקיות אשפה לבן עם יד</ItemName>
      <ManufacturerName>רווח</ManufacturerName>
      <ManufactureCountry>לא ידוע</ManufactureCountry>
      <ManufacturerItemDescription>שקיות אשפה לבן עם ידיות 40 יח</ManufacturerItemDescription>
      <UnitQty>Unknown </UnitQty>
      <Quantity>0.00</Quantity>
      <UnitOfMeasure>Unknown </UnitOfMeasure>
      <bIsWeighted>0</bIsWeighted>
      <QtyInPackage>1</QtyInPackage>
      <ItemPrice>16.90</ItemPrice>
      <UnitOfMeasurePrice>0.0000</UnitOfMeasurePrice>
      <AllowDiscount>1</AllowDiscount>
      <ItemStatus>1</ItemStatus>
      <ItemId>254495</ItemId>
    </Item>
    <Item>
      <PriceUpdateDate>2015-01-01 00:00:00</PriceUpdateDate>
      <ItemCode>6102013100044</ItemCode>
      <ItemType>0</ItemType>
      <ItemName>מארז 5 סכיני גילוח 3</ItemName>
      <ManufacturerName>,</ManufacturerName>
      <ManufactureCountry>לא ידוע</ManufactureCountry>
      <ManufacturerItemDescription>מארז 5 סכיני גילוח 3 להבים</ManufacturerItemDescription>
      <UnitQty>Unknown </UnitQty>
      <Quantity>0.00</Quantity>
      <UnitOfMeasure>Unknown </UnitOfMeasure>
      <bIsWeighted>0</bIsWeighted>
      <QtyInPackage>1</QtyInPackage>
      <ItemPrice>5.90</ItemPrice>
      <UnitOfMeasurePrice>0.0000</UnitOfMeasurePrice>
      <AllowDiscount>1</AllowDiscount>
      <ItemStatus>1</ItemStatus>
      <ItemId>244390</ItemId>
    </Item>
    <Item>
      <PriceUpdateDate>2015-01-01 00:00:00</PriceUpdateDate>
      <ItemCode>7290102395477</ItemCode>
      <ItemType>0</ItemType>
      <ItemName>מו שוקולד וקצפת 123</ItemName>
      <ManufacturerName>טרה</ManufacturerName>
      <ManufactureCountry>לא ידוע</ManufactureCountry>
      <ManufacturerItemDescription>מו שוקולד וקצפת 123 גרם</ManufacturerItemDescription>
      <UnitQty>גרמים</UnitQty>
      <Quantity>123.00</Quantity>
      <UnitOfMeasure>100 גרם</UnitOfMeasure>
      <bIsWeighted>0</bIsWeighted>
      <QtyInPackage>1</QtyInPackage>
      <ItemPrice>2.80</ItemPrice>
      <UnitOfMeasurePrice>2.2764</UnitOfMeasurePrice>
      <AllowDiscount>1</AllowDiscount>
      <ItemStatus>1</ItemStatus>
      <ItemId>244392</ItemId>
    </Item>
    <Item>
      <PriceUpdateDate>2015-01-01 00:00:00</PriceUpdateDate>
      <ItemCode>7290102395460</ItemCode>
      <ItemType>0</ItemType>
      <ItemName>מו אגוזים וקצפת 123</ItemName>
      <ManufacturerName>טרה</ManufacturerName>
      <ManufactureCountry>לא ידוע</ManufactureCountry>
      <ManufacturerItemDescription>מו אגוזים וקצפת 123 גרם</ManufacturerItemDescription>
      <UnitQty>גרמים</UnitQty>
      <Quantity>123.00</Quantity>
      <UnitOfMeasure>100 גרם</UnitOfMeasure>
      <bIsWeighted>0</bIsWeighted>
      <QtyInPackage>1</QtyInPackage>
      <ItemPrice>2.80</ItemPrice>
      <UnitOfMeasurePrice>2.2764</UnitOfMeasurePrice>
      <AllowDiscount>1</AllowDiscount>
      <ItemStatus>1</ItemStatus>
      <ItemId>244393</ItemId>
    </Item>
    <Item>
      <PriceUpdateDate>2015-01-01 00:00:00</PriceUpdateDate>
      <ItemCode>7290102395446</ItemCode>
      <ItemType>0</ItemType>
      <ItemName>מו וניל וקצפת 123 גר</ItemName>
      <ManufacturerName>טרה</ManufacturerName>
      <ManufactureCountry>לא ידוע</ManufactureCountry>
      <ManufacturerItemDescription>מו וניל וקצפת 123 גרם</ManufacturerItemDescription>
      <UnitQty>גרמים</UnitQty>
      <Quantity>123.00</Quantity>
      <UnitOfMeasure>100 גרם</UnitOfMeasure>
      <bIsWeighted>0</bIsWeighted>
      <QtyInPackage>1</QtyInPackage>
      <ItemPrice>2.80</ItemPrice>
      <UnitOfMeasurePrice>2.2764</UnitOfMeasurePrice>
      <AllowDiscount>1</AllowDiscount>
      <ItemStatus>1</ItemStatus>
      <ItemId>244394</ItemId>
    </Item>
    <Item>
      <PriceUpdateDate>2015-01-01 00:00:00</PriceUpdateDate>
      <ItemCode>7290010429295</ItemCode>
      <ItemType>0</ItemType>
      <ItemName>מעדן פרי משמש יד מרד</ItemName>
      <ManufacturerName>שטראוס</ManufacturerName>
      <ManufactureCountry>לא ידוע</ManufactureCountry>
      <ManufacturerItemDescription>מעדן פרי משמש יד מרדכי 250 גרם</ManufacturerItemDescription>
      <UnitQty>גרמים</UnitQty>
      <Quantity>250.00</Quantity>
      <UnitOfMeasure>100 גרם</UnitOfMeasure>
      <bIsWeighted>0</bIsWeighted>
      <QtyInPackage>1</QtyInPackage>
      <ItemPrice>11.90</ItemPrice>
      <UnitOfMeasurePrice>4.7600</UnitOfMeasurePrice>
      <AllowDiscount>1</AllowDiscount>
      <ItemStatus>1</ItemStatus>
      <ItemId>244456</ItemId>
    </Item>
    <Item>
      <PriceUpdateDate>2015-01-01 00:00:00</PriceUpdateDate>
      <ItemCode>3804252</ItemCode>
      <ItemType>0</ItemType>
      <ItemName>תיבולית קנור לאורז ה</ItemName>
      <ManufacturerName>יוניליוור</ManufacturerName>
      <ManufactureCountry>ישראל</ManufactureCountry>
      <ManufacturerItemDescription>תיבולית קנור לאורז הודי 72 גרם</ManufacturerItemDescription>
      <UnitQty>גרמים</UnitQty>
      <Quantity>72.00</Quantity>
      <UnitOfMeasure>100 גרם</UnitOfMeasure>
      <bIsWeighted>0</bIsWeighted>
      <QtyInPackage>1</QtyInPackage>
      <ItemPrice>9.90</ItemPrice>
      <UnitOfMeasurePrice>13.7500</UnitOfMeasurePrice>
      <AllowDiscount>1</AllowDiscount>
      <ItemStatus>1</ItemStatus>
      <ItemId>244498</ItemId>
    </Item>
    <Item>
      <PriceUpdateDate>2015-01-01 00:00:00</PriceUpdateDate>
      <ItemCode>3804382</ItemCode>
      <ItemType>0</ItemType>
      <ItemName>תיבולית קנור פיטריות</ItemName>
      <ManufacturerName>יוניליוור</ManufacturerName>
      <ManufactureCountry>ישראל</ManufactureCountry>
      <ManufacturerItemDescription>תיבולית קנור פיטריות 72 גרם</ManufacturerItemDescription>
      <UnitQty>גרמים</UnitQty>
      <Quantity>72.00</Quantity>
      <UnitOfMeasure>100 גרם</UnitOfMeasure>
      <bIsWeighted>0</bIsWeighted>
      <QtyInPackage>1</QtyInPackage>
      <ItemPrice>9.90</ItemPrice>
      <UnitOfMeasurePrice>13.7500</UnitOfMeasurePrice>
      <AllowDiscount>1</AllowDiscount>
      <ItemStatus>1</ItemStatus>
      <ItemId>244499</ItemId>
    </Item>
    <Item>
      <PriceUpdateDate>2015-01-01 00:00:00</PriceUpdateDate>
      <ItemCode>5900535009729</ItemCode>
      <ItemType>0</ItemType>
      <ItemName>בירה היידי פילזנר 50</ItemName>
      <ManufacturerName>,</ManufacturerName>
      <ManufactureCountry>לא ידוע</ManufactureCountry>
      <ManufacturerItemDescription>בירה היידי פילזנר 500 מ"ל 3.8% אלכוהול</ManufacturerItemDescription>
      <UnitQty>מיליליטרים</UnitQty>
      <Quantity>500.00</Quantity>
      <UnitOfMeasure>100 מ"ל</UnitOfMeasure>
      <bIsWeighted>0</bIsWeighted>
      <QtyInPackage>1</QtyInPackage>
      <ItemPrice>4.20</ItemPrice>
      <UnitOfMeasurePrice>0.8400</UnitOfMeasurePrice>
      <AllowDiscount>1</AllowDiscount>
      <ItemStatus>1</ItemStatus>
      <ItemId>255069</ItemId>
    </Item>
    <Item>
      <PriceUpdateDate>2015-01-01 00:00:00</PriceUpdateDate>
      <ItemCode>239941</ItemCode>
      <ItemType>0</ItemType>
      <ItemName>מלוואח חסכוני 1.4 ק"</ItemName>
      <ManufacturerName>,</ManufacturerName>
      <ManufactureCountry>לא ידוע</ManufactureCountry>
      <ManufacturerItemDescription>מלוואח חסכוני 1.4 ק"ג</ManufacturerItemDescription>
      <UnitQty>קילוגרמים</UnitQty>
      <Quantity>1.40</Quantity>
      <UnitOfMeasure>ק"ג     </UnitOfMeasure>
      <bIsWeighted>0</bIsWeighted>
      <QtyInPackage>1</QtyInPackage>
      <ItemPrice>25.90</ItemPrice>
      <UnitOfMeasurePrice>18.5000</UnitOfMeasurePrice>
      <AllowDiscount>1</AllowDiscount>
      <ItemStatus>1</ItemStatus>
      <ItemId>253033</ItemId>
    </Item>
    <Item>
      <PriceUpdateDate>2015-09-20 12:48:02</PriceUpdateDate>
      <ItemCode>110851</ItemCode>
      <ItemType>0</ItemType>
      <ItemName>כיפלי בצל 70 גרם</ItemName>
      <ManufacturerName>יוניליוור</ManufacturerName>
      <ManufactureCountry>ישראל</ManufactureCountry>
      <ManufacturerItemDescription>כיפלי בצל 70 גרם</ManufacturerItemDescription>
      <UnitQty>גרמים</UnitQty>
      <Quantity>70.00</Quantity>
      <UnitOfMeasure>100 גרם</UnitOfMeasure>
      <bIsWeighted>0</bIsWeighted>
      <QtyInPackage>1</QtyInPackage>
      <ItemPrice>3.90</ItemPrice>
      <UnitOfMeasurePrice>5.5714</UnitOfMeasurePrice>
      <AllowDiscount>1</AllowDiscount>
      <ItemStatus>1</ItemStatus>
      <ItemId>244525</ItemId>
    </Item>
    <Item>
      <PriceUpdateDate>2015-01-01 00:00:00</PriceUpdateDate>
      <ItemCode>5410126116953</ItemCode>
      <ItemType>0</ItemType>
      <ItemName>ממרח עוגיות לוטוס קר</ItemName>
      <ManufacturerName>לוטוס</ManufacturerName>
      <ManufactureCountry>לא ידוע</ManufactureCountry>
      <ManufacturerItemDescription>ממרח עוגיות לוטוס קרמל 400 גרם</ManufacturerItemDescription>
      <UnitQty>גרמים</UnitQty>
      <Quantity>400.00</Quantity>
      <UnitOfMeasure>100 גרם</UnitOfMeasure>
      <bIsWeighted>0</bIsWeighted>
      <QtyInPackage>1</QtyInPackage>
      <ItemPrice>18.90</ItemPrice>
      <UnitOfMeasurePrice>4.7250</UnitOfMeasurePrice>
      <AllowDiscount>1</AllowDiscount>
      <ItemStatus>1</ItemStatus>
      <ItemId>244532</ItemId>
    </Item>
    <Item>
      <PriceUpdateDate>2016-05-05 16:25:56</PriceUpdateDate>
      <ItemCode>7290108350159</ItemCode>
      <ItemType>0</ItemType>
      <ItemName>נייר טואלט אקו 48 גל</ItemName>
      <ManufacturerName>סנו</ManufacturerName>
      <ManufactureCountry>לא ידוע</ManufactureCountry>
      <ManufacturerItemDescription>נ. טואלט אקו 48 גליל</ManufacturerItemDescription>
      <UnitQty>מטרים</UnitQty>
      <Quantity>883.00</Quantity>
      <UnitOfMeasure>מטר</UnitOfMeasure>
      <bIsWeighted>0</bIsWeighted>
      <QtyInPackage>1</QtyInPackage>
      <ItemPrice>32.90</ItemPrice>
      <UnitOfMeasurePrice>0.0373</UnitOfMeasurePrice>
      <AllowDiscount>1</AllowDiscount>
      <ItemStatus>1</ItemStatus>
      <ItemId>268099</ItemId>
    </Item>
    <Item>
      <PriceUpdateDate>2015-01-01 00:00:00</PriceUpdateDate>
      <ItemCode>2133131</ItemCode>
      <ItemType>0</ItemType>
      <ItemName>גבינת ריקוטה 5% 250</ItemName>
      <ManufacturerName>,</ManufacturerName>
      <ManufactureCountry>לא ידוע</ManufactureCountry>
      <ManufacturerItemDescription>גבינת ריקוטה 5% 250 גרם</ManufacturerItemDescription>
      <UnitQty>גרמים</UnitQty>
      <Quantity>250.00</Quantity>
      <UnitOfMeasure>100 גרם</UnitOfMeasure>
      <bIsWeighted>0</bIsWeighted>
      <QtyInPackage>1</QtyInPackage>
      <ItemPrice>13.90</ItemPrice>
      <UnitOfMeasurePrice>5.5600</UnitOfMeasurePrice>
      <AllowDiscount>1</AllowDiscount>
      <ItemStatus>1</ItemStatus>
      <ItemId>245722</ItemId>
    </Item>
    <Item>
      <PriceUpdateDate>2015-01-01 00:00:00</PriceUpdateDate>
      <ItemCode>8805964</ItemCode>
      <ItemType>0</ItemType>
      <ItemName>יין קברנה שיראז גליל</ItemName>
      <ManufacturerName>יקבי כרמל</ManufacturerName>
      <ManufactureCountry>ישראל</ManufactureCountry>
      <ManufacturerItemDescription>יין קברנה שיראז גליל עליון 750 מל</ManufacturerItemDescription>
      <UnitQty>מיליליטרים</UnitQty>
      <Quantity>750.00</Quantity>
      <UnitOfMeasure>100 מ"ל</UnitOfMeasure>
      <bIsWeighted>0</bIsWeighted>
      <QtyInPackage>1</QtyInPackage>
      <ItemPrice>43.90</ItemPrice>
      <UnitOfMeasurePrice>5.8533</UnitOfMeasurePrice>
      <AllowDiscount>1</AllowDiscount>
      <ItemStatus>1</ItemStatus>
      <ItemId>244562</ItemId>
    </Item>
    <Item>
      <PriceUpdateDate>2015-01-01 00:00:00</PriceUpdateDate>
      <ItemCode>7290010676408</ItemCode>
      <ItemType>0</ItemType>
      <ItemName>רגל עגל פרוסה</ItemName>
      <ManufacturerName>,</ManufacturerName>
      <ManufactureCountry>לא ידוע</ManufactureCountry>
      <ManufacturerItemDescription>רגל עגל פרוסה</ManufacturerItemDescription>
      <UnitQty>קילוגרמים</UnitQty>
      <Quantity>1.00</Quantity>
      <UnitOfMeasure>ק"ג</UnitOfMeasure>
      <bIsWeighted>1</bIsWeighted>
      <QtyInPackage>לא ידוע</QtyInPackage>
      <ItemPrice>19.90</ItemPrice>
      <UnitOfMeasurePrice>19.9000</UnitOfMeasurePrice>
      <AllowDiscount>1</AllowDiscount>
      <ItemStatus>1</ItemStatus>
      <ItemId>244676</ItemId>
    </Item>
    <Item>
      <PriceUpdateDate>2015-01-01 00:00:00</PriceUpdateDate>
      <ItemCode>291932</ItemCode>
      <ItemType>0</ItemType>
      <ItemName>סנובון נוזלי תפוח</ItemName>
      <ManufacturerName>סנו</ManufacturerName>
      <ManufactureCountry>לא ידוע</ManufactureCountry>
      <ManufacturerItemDescription>סנובון נוזלי תפוח 750 מ"ל</ManufacturerItemDescription>
      <UnitQty>מיליליטרים</UnitQty>
      <Quantity>750.00</Quantity>
      <UnitOfMeasure>100 מ"ל</UnitOfMeasure>
      <bIsWeighted>0</bIsWeighted>
      <QtyInPackage>1</QtyInPackage>
      <ItemPrice>7.50</ItemPrice>
      <UnitOfMeasurePrice>1.0000</UnitOfMeasurePrice>
      <AllowDiscount>1</AllowDiscount>
      <ItemStatus>1</ItemStatus>
      <ItemId>250615</ItemId>
    </Item>
    <Item>
      <PriceUpdateDate>2015-01-01 00:00:00</PriceUpdateDate>
      <ItemCode>835811005773</ItemCode>
      <ItemType>0</ItemType>
      <ItemName>מטליות אבק 40 יח 34/</ItemName>
      <ManufacturerName>,</ManufacturerName>
      <ManufactureCountry>לא ידוע</ManufactureCountry>
      <ManufacturerItemDescription>מטליות אבק 40 יח 34/37 ס"מ</ManufacturerItemDescription>
      <UnitQty>Unknown </UnitQty>
      <Quantity>0.00</Quantity>
      <UnitOfMeasure>Unknown </UnitOfMeasure>
      <bIsWeighted>0</bIsWeighted>
      <QtyInPackage>1</QtyInPackage>
      <ItemPrice>19.90</ItemPrice>
      <UnitOfMeasurePrice>0.0000</UnitOfMeasurePrice>
      <AllowDiscount>1</AllowDiscount>
      <ItemStatus>1</ItemStatus>
      <ItemId>244658</ItemId>
    </Item>
    <Item>
      <PriceUpdateDate>2015-01-01 00:00:00</PriceUpdateDate>
      <ItemCode>835811005759</ItemCode>
      <ItemType>0</ItemType>
      <ItemName>מטלית רצפה מיקרופייב</ItemName>
      <ManufacturerName>,</ManufacturerName>
      <ManufactureCountry>לא ידוע</ManufactureCountry>
      <ManufacturerItemDescription>מטלית רצפה מיקרופייבר 5 יח 80/50</ManufacturerItemDescription>
      <UnitQty>Unknown </UnitQty>
      <Quantity>0.00</Quantity>
      <UnitOfMeasure>Unknown </UnitOfMeasure>
      <bIsWeighted>0</bIsWeighted>
      <QtyInPackage>1</QtyInPackage>
      <ItemPrice>29.90</ItemPrice>
      <UnitOfMeasurePrice>0.0000</UnitOfMeasurePrice>
      <AllowDiscount>1</AllowDiscount>
      <ItemStatus>1</ItemStatus>
      <ItemId>244660</ItemId>
    </Item>
    <Item>
      <PriceUpdateDate>2015-01-01 00:00:00</PriceUpdateDate>
      <ItemCode>835811005742</ItemCode>
      <ItemType>0</ItemType>
      <ItemName>מטליות לניקוי מיקרופ</ItemName>
      <ManufacturerName>,</ManufacturerName>
      <ManufactureCountry>לא ידוע</ManufactureCountry>
      <ManufacturerItemDescription>מטליות לניקוי מיקרופייבר 10 יח 30/30</ManufacturerItemDescription>
      <UnitQty>Unknown </UnitQty>
      <Quantity>0.00</Quantity>
      <UnitOfMeasure>Unknown </UnitOfMeasure>
      <bIsWeighted>0</bIsWeighted>
      <QtyInPackage>1</QtyInPackage>
      <ItemPrice>19.90</ItemPrice>
      <UnitOfMeasurePrice>0.0000</UnitOfMeasurePrice>
      <AllowDiscount>1</AllowDiscount>
      <ItemStatus>1</ItemStatus>
      <ItemId>244661</ItemId>
    </Item>
    <Item>
      <PriceUpdateDate>2015-01-01 00:00:00</PriceUpdateDate>
      <ItemCode>835811005735</ItemCode>
      <ItemType>0</ItemType>
      <ItemName>כרית יפנית 12 יח</ItemName>
      <ManufacturerName>,</ManufacturerName>
      <ManufactureCountry>לא ידוע</ManufactureCountry>
      <ManufacturerItemDescription>כרית יפנית 12 יח</ManufacturerItemDescription>
      <UnitQty>Unknown </UnitQty>
      <Quantity>0.00</Quantity>
      <UnitOfMeasure>Unknown </UnitOfMeasure>
      <bIsWeighted>0</bIsWeighted>
      <QtyInPackage>1</QtyInPackage>
      <ItemPrice>9.90</ItemPrice>
      <UnitOfMeasurePrice>0.0000</UnitOfMeasurePrice>
      <AllowDiscount>1</AllowDiscount>
      <ItemStatus>1</ItemStatus>
      <ItemId>244662</ItemId>
    </Item>
    <Item>
      <PriceUpdateDate>2016-03-14 12:16:39</PriceUpdateDate>
      <ItemCode>7290010066513</ItemCode>
      <ItemType>0</ItemType>
      <ItemName>טונה בשמן צמחי 4*160</ItemName>
      <ManufacturerName>פילטונה</ManufacturerName>
      <ManufactureCountry>לא ידוע</ManufactureCountry>
      <ManufacturerItemDescription>טונה בשמן צמחי 4*160 גרם</ManufacturerItemDescription>
      <UnitQty>גרמים</UnitQty>
      <Quantity>640.00</Quantity>
      <UnitOfMeasure>100 גרם</UnitOfMeasure>
      <bIsWeighted>0</bIsWeighted>
      <QtyInPackage>1</QtyInPackage>
      <ItemPrice>19.90</ItemPrice>
      <UnitOfMeasurePrice>3.1094</UnitOfMeasurePrice>
      <AllowDiscount>1</AllowDiscount>
      <ItemStatus>1</ItemStatus>
      <ItemId>244664</ItemId>
    </Item>
    <Item>
      <PriceUpdateDate>2016-03-14 12:16:39</PriceUpdateDate>
      <ItemCode>7290010066575</ItemCode>
      <ItemType>0</ItemType>
      <ItemName>טונה במים 4*160 גרם</ItemName>
      <ManufacturerName>פילטונה</ManufacturerName>
      <ManufactureCountry>לא ידוע</ManufactureCountry>
      <ManufacturerItemDescription>טונה במים 4*160 גרם</ManufacturerItemDescription>
      <UnitQty>גרמים</UnitQty>
      <Quantity>640.00</Quantity>
      <UnitOfMeasure>100 גרם</UnitOfMeasure>
      <bIsWeighted>0</bIsWeighted>
      <QtyInPackage>1</QtyInPackage>
      <ItemPrice>19.90</ItemPrice>
      <UnitOfMeasurePrice>3.1094</UnitOfMeasurePrice>
      <AllowDiscount>1</AllowDiscount>
      <ItemStatus>1</ItemStatus>
      <ItemId>244665</ItemId>
    </Item>
    <Item>
      <PriceUpdateDate>2016-03-14 12:16:39</PriceUpdateDate>
      <ItemCode>7290010066582</ItemCode>
      <ItemType>0</ItemType>
      <ItemName>טונה בשמן קנולה 4</ItemName>
      <ManufacturerName>פילטונה</ManufacturerName>
      <ManufactureCountry>לא ידוע</ManufactureCountry>
      <ManufacturerItemDescription>טונה בשמן קנולה 4*160 גרם</ManufacturerItemDescription>
      <UnitQty>גרמים</UnitQty>
      <Quantity>640.00</Quantity>
      <UnitOfMeasure>100 גרם</UnitOfMeasure>
      <bIsWeighted>0</bIsWeighted>
      <QtyInPackage>1</QtyInPackage>
      <ItemPrice>19.90</ItemPrice>
      <UnitOfMeasurePrice>3.1094</UnitOfMeasurePrice>
      <AllowDiscount>1</AllowDiscount>
      <ItemStatus>1</ItemStatus>
      <ItemId>244666</ItemId>
    </Item>
    <Item>
      <PriceUpdateDate>2016-07-21 08:23:22</PriceUpdateDate>
      <ItemCode>7290013540034</ItemCode>
      <ItemType>0</ItemType>
      <ItemName>פתיתי טונה בשמן צמחי</ItemName>
      <ManufacturerName>תעשיות פילטונה</ManufacturerName>
      <ManufactureCountry>לא ידוע</ManufactureCountry>
      <ManufacturerItemDescription>פתיתי טונה בשמן צמחי 4*160 גרם</ManufacturerItemDescription>
      <UnitQty>גרמים</UnitQty>
      <Quantity>640.00</Quantity>
      <UnitOfMeasure>100 גרם</UnitOfMeasure>
      <bIsWeighted>0</bIsWeighted>
      <QtyInPackage>1</QtyInPackage>
      <ItemPrice>4.90</ItemPrice>
      <UnitOfMeasurePrice>0.7656</UnitOfMeasurePrice>
      <AllowDiscount>1</AllowDiscount>
      <ItemStatus>1</ItemStatus>
      <ItemId>244671</ItemId>
    </Item>
    <Item>
      <PriceUpdateDate>2016-08-15 11:00:34</PriceUpdateDate>
      <ItemCode>7290108750010</ItemCode>
      <ItemType>1</ItemType>
      <ItemName>חומוס 400 גרם</ItemName>
      <ManufacturerName>,</ManufacturerName>
      <ManufactureCountry>לא ידוע</ManufactureCountry>
      <ManufacturerItemDescription>חומוס 400 גרם</ManufacturerItemDescription>
      <UnitQty>גרמים</UnitQty>
      <Quantity>400.00</Quantity>
      <UnitOfMeasure>100 גרם</UnitOfMeasure>
      <bIsWeighted>0</bIsWeighted>
      <QtyInPackage>1</QtyInPackage>
      <ItemPrice>9.90</ItemPrice>
      <UnitOfMeasurePrice>2.4750</UnitOfMeasurePrice>
      <AllowDiscount>1</AllowDiscount>
      <ItemStatus>1</ItemStatus>
      <ItemId>269486</ItemId>
    </Item>
    <Item>
      <PriceUpdateDate>2015-01-01 00:00:00</PriceUpdateDate>
      <ItemCode>4225377</ItemCode>
      <ItemType>0</ItemType>
      <ItemName>סרדין בשמן צמחי 125</ItemName>
      <ManufacturerName>פוסידון</ManufacturerName>
      <ManufactureCountry>לא ידוע</ManufactureCountry>
      <ManufacturerItemDescription>סרדין בשמן צמחי 125 גרם</ManufacturerItemDescription>
      <UnitQty>גרמים</UnitQty>
      <Quantity>125.00</Quantity>
      <UnitOfMeasure>100 גרם</UnitOfMeasure>
      <bIsWeighted>0</bIsWeighted>
      <QtyInPackage>1</QtyInPackage>
      <ItemPrice>3.90</ItemPrice>
      <UnitOfMeasurePrice>3.1200</UnitOfMeasurePrice>
      <AllowDiscount>1</AllowDiscount>
      <ItemStatus>1</ItemStatus>
      <ItemId>244713</ItemId>
    </Item>
    <Item>
      <PriceUpdateDate>2015-01-01 00:00:00</PriceUpdateDate>
      <ItemCode>7290014168152</ItemCode>
      <ItemType>0</ItemType>
      <ItemName>נייר אלומיניום עבה</ItemName>
      <ManufacturerName>טופפלסט</ManufacturerName>
      <ManufactureCountry>לא ידוע</ManufactureCountry>
      <ManufacturerItemDescription>נייר אלומיניום עבה 30 מטר 45 ס"מ</ManufacturerItemDescription>
      <UnitQty>Unknown </UnitQty>
      <Quantity>0.00</Quantity>
      <UnitOfMeasure>Unknown </UnitOfMeasure>
      <bIsWeighted>0</bIsWeighted>
      <QtyInPackage>1</QtyInPackage>
      <ItemPrice>19.90</ItemPrice>
      <UnitOfMeasurePrice>0.0000</UnitOfMeasurePrice>
      <AllowDiscount>1</AllowDiscount>
      <ItemStatus>1</ItemStatus>
      <ItemId>244719</ItemId>
    </Item>
    <Item>
      <PriceUpdateDate>2015-01-01 00:00:00</PriceUpdateDate>
      <ItemCode>7290014168176</ItemCode>
      <ItemType>0</ItemType>
      <ItemName>ניילון נצמד 100 מטר</ItemName>
      <ManufacturerName>טופפלסט</ManufacturerName>
      <ManufactureCountry>לא ידוע</ManufactureCountry>
      <ManufacturerItemDescription>ניילון נצמד 100 מטר 45 ס"מ</ManufacturerItemDescription>
      <UnitQty>Unknown </UnitQty>
      <Quantity>0.00</Quantity>
      <UnitOfMeasure>Unknown </UnitOfMeasure>
      <bIsWeighted>0</bIsWeighted>
      <QtyInPackage>1</QtyInPackage>
      <ItemPrice>19.90</ItemPrice>
      <UnitOfMeasurePrice>0.0000</UnitOfMeasurePrice>
      <AllowDiscount>1</AllowDiscount>
      <ItemStatus>1</ItemStatus>
      <ItemId>244720</ItemId>
    </Item>
    <Item>
      <PriceUpdateDate>2016-05-15 10:30:09</PriceUpdateDate>
      <ItemCode>7290011236397</ItemCode>
      <ItemType>0</ItemType>
      <ItemName>שמן זית משק 88 1 ליט</ItemName>
      <ManufacturerName>,</ManufacturerName>
      <ManufactureCountry>לא ידוע</ManufactureCountry>
      <ManufacturerItemDescription>שמן זית משק 88 1 ליטר</ManufacturerItemDescription>
      <UnitQty>ליטרים</UnitQty>
      <Quantity>1.00</Quantity>
      <UnitOfMeasure>ליטר    </UnitOfMeasure>
      <bIsWeighted>0</bIsWeighted>
      <QtyInPackage>1</QtyInPackage>
      <ItemPrice>31.90</ItemPrice>
      <UnitOfMeasurePrice>31.9000</UnitOfMeasurePrice>
      <AllowDiscount>1</AllowDiscount>
      <ItemStatus>1</ItemStatus>
      <ItemId>244721</ItemId>
    </Item>
    <Item>
      <PriceUpdateDate>2015-01-01 00:00:00</PriceUpdateDate>
      <ItemCode>7290011556648</ItemCode>
      <ItemType>0</ItemType>
      <ItemName>תרכיז רוזטה 750 מ"ל</ItemName>
      <ManufacturerName>,</ManufacturerName>
      <ManufactureCountry>לא ידוע</ManufactureCountry>
      <ManufacturerItemDescription>תרכיז רוזטה 750 מ"ל</ManufacturerItemDescription>
      <UnitQty>מיליליטרים</UnitQty>
      <Quantity>750.00</Quantity>
      <UnitOfMeasure>100 מ"ל</UnitOfMeasure>
      <bIsWeighted>0</bIsWeighted>
      <QtyInPackage>1</QtyInPackage>
      <ItemPrice>16.90</ItemPrice>
      <UnitOfMeasurePrice>2.2533</UnitOfMeasurePrice>
      <AllowDiscount>1</AllowDiscount>
      <ItemStatus>1</ItemStatus>
      <ItemId>244757</ItemId>
    </Item>
    <Item>
      <PriceUpdateDate>2015-01-01 00:00:00</PriceUpdateDate>
      <ItemCode>7290013725646</ItemCode>
      <ItemType>0</ItemType>
      <ItemName>רוטב צילי מתוק 700 ג</ItemName>
      <ManufacturerName>,</ManufacturerName>
      <ManufactureCountry>לא ידוע</ManufactureCountry>
      <ManufacturerItemDescription>רוטב צילי מתוק 700 גרם</ManufacturerItemDescription>
      <UnitQty>מיליליטרים</UnitQty>
      <Quantity>700.00</Quantity>
      <UnitOfMeasure>100 מ"ל</UnitOfMeasure>
      <bIsWeighted>0</bIsWeighted>
      <QtyInPackage>1</QtyInPackage>
      <ItemPrice>8.00</ItemPrice>
      <UnitOfMeasurePrice>1.1429</UnitOfMeasurePrice>
      <AllowDiscount>1</AllowDiscount>
      <ItemStatus>1</ItemStatus>
      <ItemId>244760</ItemId>
    </Item>
    <Item>
      <PriceUpdateDate>2015-01-01 00:00:00</PriceUpdateDate>
      <ItemCode>8697826469092</ItemCode>
      <ItemType>0</ItemType>
      <ItemName>טורטיות 12 יח 540 גר</ItemName>
      <ManufacturerName>,</ManufacturerName>
      <ManufactureCountry>לא ידוע</ManufactureCountry>
      <ManufacturerItemDescription>טורטיות 12 יח 540 גרם</ManufacturerItemDescription>
      <UnitQty>גרמים</UnitQty>
      <Quantity>540.00</Quantity>
      <UnitOfMeasure>100 גרם</UnitOfMeasure>
      <bIsWeighted>0</bIsWeighted>
      <QtyInPackage>1</QtyInPackage>
      <ItemPrice>9.90</ItemPrice>
      <UnitOfMeasurePrice>1.8333</UnitOfMeasurePrice>
      <AllowDiscount>1</AllowDiscount>
      <ItemStatus>1</ItemStatus>
      <ItemId>244763</ItemId>
    </Item>
    <Item>
      <PriceUpdateDate>2015-08-13 10:10:52</PriceUpdateDate>
      <ItemCode>186337</ItemCode>
      <ItemType>0</ItemType>
      <ItemName>מארז שלישיה מטליות ל</ItemName>
      <ManufacturerName>,</ManufacturerName>
      <ManufactureCountry>לא ידוע</ManufactureCountry>
      <ManufacturerItemDescription>מארז שלישיה מטליות לחות לניקוי כללי ניקו</ManufacturerItemDescription>
      <UnitQty>Unknown </UnitQty>
      <Quantity>0.00</Quantity>
      <UnitOfMeasure>Unknown </UnitOfMeasure>
      <bIsWeighted>0</bIsWeighted>
      <QtyInPackage>1</QtyInPackage>
      <ItemPrice>19.90</ItemPrice>
      <UnitOfMeasurePrice>0.0000</UnitOfMeasurePrice>
      <AllowDiscount>1</AllowDiscount>
      <ItemStatus>1</ItemStatus>
      <ItemId>264794</ItemId>
    </Item>
    <Item>
      <PriceUpdateDate>2015-01-01 00:00:00</PriceUpdateDate>
      <ItemCode>6342645</ItemCode>
      <ItemType>0</ItemType>
      <ItemName>טורטיות 12 יח 840 גר</ItemName>
      <ManufacturerName>,</ManufacturerName>
      <ManufactureCountry>לא ידוע</ManufactureCountry>
      <ManufacturerItemDescription>טורטיות 12 יח 840 גרם</ManufacturerItemDescription>
      <UnitQty>מיליליטרים</UnitQty>
      <Quantity>840.00</Quantity>
      <UnitOfMeasure>100 מ"ל</UnitOfMeasure>
      <bIsWeighted>0</bIsWeighted>
      <QtyInPackage>1</QtyInPackage>
      <ItemPrice>19.90</ItemPrice>
      <UnitOfMeasurePrice>2.3690</UnitOfMeasurePrice>
      <AllowDiscount>1</AllowDiscount>
      <ItemStatus>1</ItemStatus>
      <ItemId>244764</ItemId>
    </Item>
    <Item>
      <PriceUpdateDate>2016-03-08 08:34:44</PriceUpdateDate>
      <ItemCode>7290014094307</ItemCode>
      <ItemType>0</ItemType>
      <ItemName>סילאן טבעי 360 גרם</ItemName>
      <ManufacturerName>,</ManufacturerName>
      <ManufactureCountry>לא ידוע</ManufactureCountry>
      <ManufacturerItemDescription>סילאן טבעי 360 גרם</ManufacturerItemDescription>
      <UnitQty>מיליליטרים</UnitQty>
      <Quantity>360.00</Quantity>
      <UnitOfMeasure>100 מ"ל</UnitOfMeasure>
      <bIsWeighted>0</bIsWeighted>
      <QtyInPackage>1</QtyInPackage>
      <ItemPrice>14.90</ItemPrice>
      <UnitOfMeasurePrice>4.1389</UnitOfMeasurePrice>
      <AllowDiscount>1</AllowDiscount>
      <ItemStatus>1</ItemStatus>
      <ItemId>244770</ItemId>
    </Item>
    <Item>
      <PriceUpdateDate>2015-01-01 00:00:00</PriceUpdateDate>
      <ItemCode>7290012738081</ItemCode>
      <ItemType>0</ItemType>
      <ItemName>מצות מצופות עם סוכרי</ItemName>
      <ManufacturerName>,</ManufacturerName>
      <ManufactureCountry>לא ידוע</ManufactureCountry>
      <ManufacturerItemDescription>מצות מצופות עם סוכריות 170 גרם כשל"פ</ManufacturerItemDescription>
      <UnitQty>גרמים</UnitQty>
      <Quantity>170.00</Quantity>
      <UnitOfMeasure>100 גרם</UnitOfMeasure>
      <bIsWeighted>0</bIsWeighted>
      <QtyInPackage>1</QtyInPackage>
      <ItemPrice>9.90</ItemPrice>
      <UnitOfMeasurePrice>5.8235</UnitOfMeasurePrice>
      <AllowDiscount>1</AllowDiscount>
      <ItemStatus>1</ItemStatus>
      <ItemId>244790</ItemId>
    </Item>
    <Item>
      <PriceUpdateDate>2015-01-01 00:00:00</PriceUpdateDate>
      <ItemCode>7290012738098</ItemCode>
      <ItemType>0</ItemType>
      <ItemName>מצות מצופות עם קוקוס</ItemName>
      <ManufacturerName>,</ManufacturerName>
      <ManufactureCountry>לא ידוע</ManufactureCountry>
      <ManufacturerItemDescription>מצות מצופות עם קוקוס 170 גרם כשל"פ</ManufacturerItemDescription>
      <UnitQty>גרמים</UnitQty>
      <Quantity>170.00</Quantity>
      <UnitOfMeasure>100 גרם</UnitOfMeasure>
      <bIsWeighted>0</bIsWeighted>
      <QtyInPackage>1</QtyInPackage>
      <ItemPrice>9.90</ItemPrice>
      <UnitOfMeasurePrice>5.8235</UnitOfMeasurePrice>
      <AllowDiscount>1</AllowDiscount>
      <ItemStatus>1</ItemStatus>
      <ItemId>244791</ItemId>
    </Item>
    <Item>
      <PriceUpdateDate>2015-01-01 00:00:00</PriceUpdateDate>
      <ItemCode>7290012738104</ItemCode>
      <ItemType>0</ItemType>
      <ItemName>מצות מצופות עם פצפוצ</ItemName>
      <ManufacturerName>,</ManufacturerName>
      <ManufactureCountry>לא ידוע</ManufactureCountry>
      <ManufacturerItemDescription>מצות מצופות עם פצפוצים 170 גרם כשל"פ</ManufacturerItemDescription>
      <UnitQty>גרמים</UnitQty>
      <Quantity>170.00</Quantity>
      <UnitOfMeasure>100 גרם</UnitOfMeasure>
      <bIsWeighted>0</bIsWeighted>
      <QtyInPackage>1</QtyInPackage>
      <ItemPrice>9.90</ItemPrice>
      <UnitOfMeasurePrice>5.8235</UnitOfMeasurePrice>
      <AllowDiscount>1</AllowDiscount>
      <ItemStatus>1</ItemStatus>
      <ItemId>244792</ItemId>
    </Item>
    <Item>
      <PriceUpdateDate>2015-01-01 00:00:00</PriceUpdateDate>
      <ItemCode>7290102395262</ItemCode>
      <ItemType>0</ItemType>
      <ItemName>מאגדת 8 מולר סימפלי</ItemName>
      <ManufacturerName>טרה</ManufacturerName>
      <ManufactureCountry>לא ידוע</ManufactureCountry>
      <ManufacturerItemDescription>מאגדת 8 מולר סימפלי פרוט תות שדה ואפרס</ManufacturerItemDescription>
      <UnitQty>ליטרים</UnitQty>
      <Quantity>1.20</Quantity>
      <UnitOfMeasure>ליטר    </UnitOfMeasure>
      <bIsWeighted>0</bIsWeighted>
      <QtyInPackage>1</QtyInPackage>
      <ItemPrice>27.90</ItemPrice>
      <UnitOfMeasurePrice>23.2500</UnitOfMeasurePrice>
      <AllowDiscount>1</AllowDiscount>
      <ItemStatus>1</ItemStatus>
      <ItemId>244833</ItemId>
    </Item>
    <Item>
      <PriceUpdateDate>2015-01-01 00:00:00</PriceUpdateDate>
      <ItemCode>52717</ItemCode>
      <ItemType>0</ItemType>
      <ItemName>קוטג 5% עם שום שמיר</ItemName>
      <ManufacturerName>תנובה מרכז שיתופי לש</ManufacturerName>
      <ManufactureCountry>לא ידוע</ManufactureCountry>
      <ManufacturerItemDescription>קוטג 5% עם שום שמיר 250 גרם מהדרין</ManufacturerItemDescription>
      <UnitQty>גרמים</UnitQty>
      <Quantity>250.00</Quantity>
      <UnitOfMeasure>100 גרם</UnitOfMeasure>
      <bIsWeighted>0</bIsWeighted>
      <QtyInPackage>1</QtyInPackage>
      <ItemPrice>5.80</ItemPrice>
      <UnitOfMeasurePrice>2.3200</UnitOfMeasurePrice>
      <AllowDiscount>1</AllowDiscount>
      <ItemStatus>1</ItemStatus>
      <ItemId>244842</ItemId>
    </Item>
    <Item>
      <PriceUpdateDate>2015-01-01 00:00:00</PriceUpdateDate>
      <ItemCode>8857101301008</ItemCode>
      <ItemType>0</ItemType>
      <ItemName>רוטב צילי מתוק 700 מ</ItemName>
      <ManufacturerName>פאן אינטר</ManufacturerName>
      <ManufactureCountry>תאילנד</ManufactureCountry>
      <ManufacturerItemDescription>רוטב צילי מתוק 700 מל</ManufacturerItemDescription>
      <UnitQty>גרמים</UnitQty>
      <Quantity>700.00</Quantity>
      <UnitOfMeasure>100 גרם</UnitOfMeasure>
      <bIsWeighted>0</bIsWeighted>
      <QtyInPackage>1</QtyInPackage>
      <ItemPrice>8.90</ItemPrice>
      <UnitOfMeasurePrice>1.2714</UnitOfMeasurePrice>
      <AllowDiscount>1</AllowDiscount>
      <ItemStatus>1</ItemStatus>
      <ItemId>244846</ItemId>
    </Item>
    <Item>
      <PriceUpdateDate>2016-01-03 12:17:04</PriceUpdateDate>
      <ItemCode>7290016049084</ItemCode>
      <ItemType>1</ItemType>
      <ItemName>ממתיק איקול סוכרלוז</ItemName>
      <ManufacturerName>,</ManufacturerName>
      <ManufactureCountry>לא ידוע</ManufactureCountry>
      <ManufacturerItemDescription>ממתיק איקול סוכרלוז 100 יח</ManufacturerItemDescription>
      <UnitQty>Unknown </UnitQty>
      <Quantity>0.00</Quantity>
      <UnitOfMeasure>Unknown </UnitOfMeasure>
      <bIsWeighted>0</bIsWeighted>
      <QtyInPackage>1</QtyInPackage>
      <ItemPrice>4.90</ItemPrice>
      <UnitOfMeasurePrice>0.0000</UnitOfMeasurePrice>
      <AllowDiscount>1</AllowDiscount>
      <ItemStatus>1</ItemStatus>
      <ItemId>266348</ItemId>
    </Item>
    <Item>
      <PriceUpdateDate>2015-01-01 00:00:00</PriceUpdateDate>
      <ItemCode>7290105963864</ItemCode>
      <ItemType>0</ItemType>
      <ItemName>חזרת 220 גרם אחלה</ItemName>
      <ManufacturerName>,</ManufacturerName>
      <ManufactureCountry>לא ידוע</ManufactureCountry>
      <ManufacturerItemDescription>חזרת 220 גרם אחלה</ManufacturerItemDescription>
      <UnitQty>גרמים</UnitQty>
      <Quantity>220.00</Quantity>
      <UnitOfMeasure>100 גרם</UnitOfMeasure>
      <bIsWeighted>0</bIsWeighted>
      <QtyInPackage>1</QtyInPackage>
      <ItemPrice>11.90</ItemPrice>
      <UnitOfMeasurePrice>5.4091</UnitOfMeasurePrice>
      <AllowDiscount>1</AllowDiscount>
      <ItemStatus>1</ItemStatus>
      <ItemId>244899</ItemId>
    </Item>
    <Item>
      <PriceUpdateDate>2015-01-01 00:00:00</PriceUpdateDate>
      <ItemCode>7290106520905</ItemCode>
      <ItemType>0</ItemType>
      <ItemName>סלט טורקי עם פלפלים</ItemName>
      <ManufacturerName>שטראוס</ManufacturerName>
      <ManufactureCountry>ישראל</ManufactureCountry>
      <ManufacturerItemDescription>סלט טורקי עם פלפלים קלויים  טעמי השוק</ManufacturerItemDescription>
      <UnitQty>גרמים</UnitQty>
      <Quantity>400.00</Quantity>
      <UnitOfMeasure>100 גרם</UnitOfMeasure>
      <bIsWeighted>0</bIsWeighted>
      <QtyInPackage>1</QtyInPackage>
      <ItemPrice>14.90</ItemPrice>
      <UnitOfMeasurePrice>3.7250</UnitOfMeasurePrice>
      <AllowDiscount>1</AllowDiscount>
      <ItemStatus>1</ItemStatus>
      <ItemId>244900</ItemId>
    </Item>
    <Item>
      <PriceUpdateDate>2015-01-01 00:00:00</PriceUpdateDate>
      <ItemCode>7290106571037</ItemCode>
      <ItemType>0</ItemType>
      <ItemName>מאגדת גומיגם 450 גרם</ItemName>
      <ManufacturerName>גלידות נסטלה</ManufacturerName>
      <ManufactureCountry>לא ידוע</ManufactureCountry>
      <ManufacturerItemDescription>מאגדת גומיגם 450 גרם בד"צ</ManufacturerItemDescription>
      <UnitQty>גרמים</UnitQty>
      <Quantity>450.00</Quantity>
      <UnitOfMeasure>100 גרם</UnitOfMeasure>
      <bIsWeighted>0</bIsWeighted>
      <QtyInPackage>1</QtyInPackage>
      <ItemPrice>18.90</ItemPrice>
      <UnitOfMeasurePrice>4.2000</UnitOfMeasurePrice>
      <AllowDiscount>1</AllowDiscount>
      <ItemStatus>1</ItemStatus>
      <ItemId>244901</ItemId>
    </Item>
    <Item>
      <PriceUpdateDate>2016-03-01 11:17:28</PriceUpdateDate>
      <ItemCode>28000666774</ItemCode>
      <ItemType>1</ItemType>
      <ItemName>לאפי טאפי אוכמניות 2</ItemName>
      <ManufacturerName>,</ManufacturerName>
      <ManufactureCountry>לא ידוע</ManufactureCountry>
      <ManufacturerItemDescription>לאפי טאפי אוכמניות 24 יח</ManufacturerItemDescription>
      <UnitQty>גרמים</UnitQty>
      <Quantity>551.00</Quantity>
      <UnitOfMeasure>100 גרם</UnitOfMeasure>
      <bIsWeighted>0</bIsWeighted>
      <QtyInPackage>1</QtyInPackage>
      <ItemPrice>14.90</ItemPrice>
      <UnitOfMeasurePrice>2.7042</UnitOfMeasurePrice>
      <AllowDiscount>1</AllowDiscount>
      <ItemStatus>1</ItemStatus>
      <ItemId>267057</ItemId>
    </Item>
    <Item>
      <PriceUpdateDate>2016-06-19 13:30:34</PriceUpdateDate>
      <ItemCode>7290016276923</ItemCode>
      <ItemType>0</ItemType>
      <ItemName>פיסטוק קלוי 250 גרם</ItemName>
      <ManufacturerName>,</ManufacturerName>
      <ManufactureCountry>לא ידוע</ManufactureCountry>
      <ManufacturerItemDescription>פיסטוק קלוי 250 גרם</ManufacturerItemDescription>
      <UnitQty>גרמים</UnitQty>
      <Quantity>300.00</Quantity>
      <UnitOfMeasure>100 גרם</UnitOfMeasure>
      <bIsWeighted>0</bIsWeighted>
      <QtyInPackage>1</QtyInPackage>
      <ItemPrice>19.90</ItemPrice>
      <UnitOfMeasurePrice>6.6333</UnitOfMeasurePrice>
      <AllowDiscount>1</AllowDiscount>
      <ItemStatus>1</ItemStatus>
      <ItemId>268514</ItemId>
    </Item>
    <Item>
      <PriceUpdateDate>2015-01-01 00:00:00</PriceUpdateDate>
      <ItemCode>7290013677556</ItemCode>
      <ItemType>0</ItemType>
      <ItemName>אורז פרסי עממי סלקטד</ItemName>
      <ManufacturerName>מיה תעשיות מזון בעמ</ManufacturerName>
      <ManufactureCountry>לא ידוע</ManufactureCountry>
      <ManufacturerItemDescription>אורז פרסי עממי סלקטד 1 ק"ג</ManufacturerItemDescription>
      <UnitQty>קילוגרמים</UnitQty>
      <Quantity>1.00</Quantity>
      <UnitOfMeasure>ק"ג     </UnitOfMeasure>
      <bIsWeighted>0</bIsWeighted>
      <QtyInPackage>1</QtyInPackage>
      <ItemPrice>6.90</ItemPrice>
      <UnitOfMeasurePrice>6.9000</UnitOfMeasurePrice>
      <AllowDiscount>1</AllowDiscount>
      <ItemStatus>1</ItemStatus>
      <ItemId>244924</ItemId>
    </Item>
    <Item>
      <PriceUpdateDate>2015-01-01 00:00:00</PriceUpdateDate>
      <ItemCode>7290011202835</ItemCode>
      <ItemType>0</ItemType>
      <ItemName>פפריקה מתוקה 300 גרם</ItemName>
      <ManufacturerName>,</ManufacturerName>
      <ManufactureCountry>לא ידוע</ManufactureCountry>
      <ManufacturerItemDescription>פפריקה מתוקה 300 גרם בקופסא</ManufacturerItemDescription>
      <UnitQty>גרמים</UnitQty>
      <Quantity>300.00</Quantity>
      <UnitOfMeasure>100 גרם</UnitOfMeasure>
      <bIsWeighted>0</bIsWeighted>
      <QtyInPackage>1</QtyInPackage>
      <ItemPrice>10.90</ItemPrice>
      <UnitOfMeasurePrice>3.6333</UnitOfMeasurePrice>
      <AllowDiscount>1</AllowDiscount>
      <ItemStatus>1</ItemStatus>
      <ItemId>244941</ItemId>
    </Item>
    <Item>
      <PriceUpdateDate>2015-08-02 17:40:45</PriceUpdateDate>
      <ItemCode>7290107640428</ItemCode>
      <ItemType>0</ItemType>
      <ItemName>סבון נוזלי פינוק לתח</ItemName>
      <ManufacturerName>,</ManufacturerName>
      <ManufactureCountry>לא ידוע</ManufactureCountry>
      <ManufacturerItemDescription>סבון נוזלי פינוק לתחושת רוגע 700 מ"ל</ManufacturerItemDescription>
      <UnitQty>מיליליטרים</UnitQty>
      <Quantity>700.00</Quantity>
      <UnitOfMeasure>100 מ"ל</UnitOfMeasure>
      <bIsWeighted>0</bIsWeighted>
      <QtyInPackage>1</QtyInPackage>
      <ItemPrice>6.90</ItemPrice>
      <UnitOfMeasurePrice>0.9857</UnitOfMeasurePrice>
      <AllowDiscount>1</AllowDiscount>
      <ItemStatus>1</ItemStatus>
      <ItemId>264736</ItemId>
    </Item>
    <Item>
      <PriceUpdateDate>2016-03-08 17:06:58</PriceUpdateDate>
      <ItemCode>7290010328093</ItemCode>
      <ItemType>0</ItemType>
      <ItemName>ממרח חלבה אחוה 400 ג</ItemName>
      <ManufacturerName>אחדות ביחר לטחינה חל</ManufacturerName>
      <ManufactureCountry>לא ידוע</ManufactureCountry>
      <ManufacturerItemDescription>ממרח חלבה אחוה 400 גרם</ManufacturerItemDescription>
      <UnitQty>גרמים</UnitQty>
      <Quantity>400.00</Quantity>
      <UnitOfMeasure>100 גרם</UnitOfMeasure>
      <bIsWeighted>0</bIsWeighted>
      <QtyInPackage>1</QtyInPackage>
      <ItemPrice>7.90</ItemPrice>
      <UnitOfMeasurePrice>1.9750</UnitOfMeasurePrice>
      <AllowDiscount>1</AllowDiscount>
      <ItemStatus>1</ItemStatus>
      <ItemId>244951</ItemId>
    </Item>
    <Item>
      <PriceUpdateDate>2015-01-01 00:00:00</PriceUpdateDate>
      <ItemCode>121239</ItemCode>
      <ItemType>0</ItemType>
      <ItemName>מיוקל 5% 500 גרם</ItemName>
      <ManufacturerName>יוניליוור</ManufacturerName>
      <ManufactureCountry>ישראל</ManufactureCountry>
      <ManufacturerItemDescription>מיוקל 5% 500 גרם</ManufacturerItemDescription>
      <UnitQty>גרמים</UnitQty>
      <Quantity>500.00</Quantity>
      <UnitOfMeasure>100 גרם</UnitOfMeasure>
      <bIsWeighted>0</bIsWeighted>
      <QtyInPackage>1</QtyInPackage>
      <ItemPrice>10.90</ItemPrice>
      <UnitOfMeasurePrice>2.1800</UnitOfMeasurePrice>
      <AllowDiscount>1</AllowDiscount>
      <ItemStatus>1</ItemStatus>
      <ItemId>244953</ItemId>
    </Item>
    <Item>
      <PriceUpdateDate>2015-01-01 00:00:00</PriceUpdateDate>
      <ItemCode>7290012454257</ItemCode>
      <ItemType>0</ItemType>
      <ItemName>שזיף מיובש ללא גלעין</ItemName>
      <ManufacturerName>מיה תעשיות מזון בעמ</ManufacturerName>
      <ManufactureCountry>ישראל</ManufactureCountry>
      <ManufacturerItemDescription>שזיף מיובש ללא גלעין 200 גרם בדצ</ManufacturerItemDescription>
      <UnitQty>גרמים</UnitQty>
      <Quantity>200.00</Quantity>
      <UnitOfMeasure>100 גרם</UnitOfMeasure>
      <bIsWeighted>0</bIsWeighted>
      <QtyInPackage>1</QtyInPackage>
      <ItemPrice>9.90</ItemPrice>
      <UnitOfMeasurePrice>4.9500</UnitOfMeasurePrice>
      <AllowDiscount>1</AllowDiscount>
      <ItemStatus>1</ItemStatus>
      <ItemId>244999</ItemId>
    </Item>
    <Item>
      <PriceUpdateDate>2015-01-01 00:00:00</PriceUpdateDate>
      <ItemCode>7290011018610</ItemCode>
      <ItemType>0</ItemType>
      <ItemName>מארז 1/6 פיוז תה אפר</ItemName>
      <ManufacturerName>FUZE TEA</ManufacturerName>
      <ManufactureCountry>לא ידוע</ManufactureCountry>
      <ManufacturerItemDescription>מארז 1/6 פיוז תה אפרסק 1.5 ליטר</ManufacturerItemDescription>
      <UnitQty>ליטרים</UnitQty>
      <Quantity>9.00</Quantity>
      <UnitOfMeasure>ליטר    </UnitOfMeasure>
      <bIsWeighted>0</bIsWeighted>
      <QtyInPackage>1</QtyInPackage>
      <ItemPrice>33.90</ItemPrice>
      <UnitOfMeasurePrice>3.7667</UnitOfMeasurePrice>
      <AllowDiscount>1</AllowDiscount>
      <ItemStatus>1</ItemStatus>
      <ItemId>245020</ItemId>
    </Item>
    <Item>
      <PriceUpdateDate>2015-01-01 00:00:00</PriceUpdateDate>
      <ItemCode>73490154027</ItemCode>
      <ItemType>0</ItemType>
      <ItemName>מיץ ענבים גאולה 3 לי</ItemName>
      <ManufacturerName>,</ManufacturerName>
      <ManufactureCountry>לא ידוע</ManufactureCountry>
      <ManufacturerItemDescription>מיץ ענבים גאולה 3 ליטר</ManufacturerItemDescription>
      <UnitQty>ליטרים</UnitQty>
      <Quantity>3.00</Quantity>
      <UnitOfMeasure>ליטר    </UnitOfMeasure>
      <bIsWeighted>0</bIsWeighted>
      <QtyInPackage>1</QtyInPackage>
      <ItemPrice>31.90</ItemPrice>
      <UnitOfMeasurePrice>10.6333</UnitOfMeasurePrice>
      <AllowDiscount>1</AllowDiscount>
      <ItemStatus>1</ItemStatus>
      <ItemId>245021</ItemId>
    </Item>
    <Item>
      <PriceUpdateDate>2015-01-01 00:00:00</PriceUpdateDate>
      <ItemCode>3681174</ItemCode>
      <ItemType>0</ItemType>
      <ItemName>צימוק חום 200 גרם שק</ItemName>
      <ManufacturerName>מיה תעשיות מזון בעמ</ManufacturerName>
      <ManufactureCountry>ישראל</ManufactureCountry>
      <ManufacturerItemDescription>צימוק חום 200 גרם שקית</ManufacturerItemDescription>
      <UnitQty>גרמים</UnitQty>
      <Quantity>200.00</Quantity>
      <UnitOfMeasure>100 גרם</UnitOfMeasure>
      <bIsWeighted>0</bIsWeighted>
      <QtyInPackage>1</QtyInPackage>
      <ItemPrice>8.90</ItemPrice>
      <UnitOfMeasurePrice>4.4500</UnitOfMeasurePrice>
      <AllowDiscount>1</AllowDiscount>
      <ItemStatus>1</ItemStatus>
      <ItemId>245028</ItemId>
    </Item>
    <Item>
      <PriceUpdateDate>2016-05-23 16:28:33</PriceUpdateDate>
      <ItemCode>7290011108342</ItemCode>
      <ItemType>0</ItemType>
      <ItemName>סלט קולסלאו 1 ק"ג מה</ItemName>
      <ManufacturerName>,</ManufacturerName>
      <ManufactureCountry>לא ידוע</ManufactureCountry>
      <ManufacturerItemDescription>סלט קולסלאו 1 ק"ג מהדרין</ManufacturerItemDescription>
      <UnitQty>קילוגרמים</UnitQty>
      <Quantity>1.00</Quantity>
      <UnitOfMeasure>ק"ג     </UnitOfMeasure>
      <bIsWeighted>0</bIsWeighted>
      <QtyInPackage>1</QtyInPackage>
      <ItemPrice>15.90</ItemPrice>
      <UnitOfMeasurePrice>15.9000</UnitOfMeasurePrice>
      <AllowDiscount>1</AllowDiscount>
      <ItemStatus>1</ItemStatus>
      <ItemId>252647</ItemId>
    </Item>
    <Item>
      <PriceUpdateDate>2015-01-01 00:00:00</PriceUpdateDate>
      <ItemCode>7290014603004</ItemCode>
      <ItemType>0</ItemType>
      <ItemName>מאגדת מיני סולרו תות</ItemName>
      <ManufacturerName>שטראוס</ManufacturerName>
      <ManufactureCountry>ישראל</ManufactureCountry>
      <ManufacturerItemDescription>מאגדת מיני סולרו תות</ManufacturerItemDescription>
      <UnitQty>גרמים</UnitQty>
      <Quantity>295.00</Quantity>
      <UnitOfMeasure>100 גרם</UnitOfMeasure>
      <bIsWeighted>0</bIsWeighted>
      <QtyInPackage>לא ידוע</QtyInPackage>
      <ItemPrice>19.90</ItemPrice>
      <UnitOfMeasurePrice>6.7458</UnitOfMeasurePrice>
      <AllowDiscount>1</AllowDiscount>
      <ItemStatus>1</ItemStatus>
      <ItemId>245060</ItemId>
    </Item>
    <Item>
      <PriceUpdateDate>2015-01-01 00:00:00</PriceUpdateDate>
      <ItemCode>7290100854266</ItemCode>
      <ItemType>0</ItemType>
      <ItemName>שוקולד מריר 60% קקאו</ItemName>
      <ManufacturerName>,</ManufacturerName>
      <ManufactureCountry>לא ידוע</ManufactureCountry>
      <ManufacturerItemDescription>שוקולד מריר 60% קקאו 100 גרם</ManufacturerItemDescription>
      <UnitQty>גרמים</UnitQty>
      <Quantity>100.00</Quantity>
      <UnitOfMeasure>100 גרם</UnitOfMeasure>
      <bIsWeighted>0</bIsWeighted>
      <QtyInPackage>1</QtyInPackage>
      <ItemPrice>7.50</ItemPrice>
      <UnitOfMeasurePrice>7.5000</UnitOfMeasurePrice>
      <AllowDiscount>1</AllowDiscount>
      <ItemStatus>1</ItemStatus>
      <ItemId>245084</ItemId>
    </Item>
    <Item>
      <PriceUpdateDate>2015-07-22 13:55:45</PriceUpdateDate>
      <ItemCode>1901335</ItemCode>
      <ItemType>0</ItemType>
      <ItemName>רולדה גפילטע פיש הונ</ItemName>
      <ManufacturerName>,</ManufacturerName>
      <ManufactureCountry>לא ידוע</ManufactureCountry>
      <ManufacturerItemDescription>רולדה גפילטע פיש הונגרי ק"ג</ManufacturerItemDescription>
      <UnitQty>קילוגרמים</UnitQty>
      <Quantity>1.00</Quantity>
      <UnitOfMeasure>ק"ג</UnitOfMeasure>
      <bIsWeighted>1</bIsWeighted>
      <QtyInPackage>לא ידוע</QtyInPackage>
      <ItemPrice>34.90</ItemPrice>
      <UnitOfMeasurePrice>34.9000</UnitOfMeasurePrice>
      <AllowDiscount>1</AllowDiscount>
      <ItemStatus>1</ItemStatus>
      <ItemId>264668</ItemId>
    </Item>
    <Item>
      <PriceUpdateDate>2016-02-11 13:41:52</PriceUpdateDate>
      <ItemCode>7290014758681</ItemCode>
      <ItemType>0</ItemType>
      <ItemName>קוטג 1% 250 גרם</ItemName>
      <ManufacturerName>תנובה מרכז שיתופי לש</ManufacturerName>
      <ManufactureCountry>לא ידוע</ManufactureCountry>
      <ManufacturerItemDescription>קוטג 1% 250 גרם</ManufacturerItemDescription>
      <UnitQty>גרמים</UnitQty>
      <Quantity>250.00</Quantity>
      <UnitOfMeasure>100 גרם</UnitOfMeasure>
      <bIsWeighted>0</bIsWeighted>
      <QtyInPackage>1</QtyInPackage>
      <ItemPrice>5.50</ItemPrice>
      <UnitOfMeasurePrice>2.2000</UnitOfMeasurePrice>
      <AllowDiscount>1</AllowDiscount>
      <ItemStatus>1</ItemStatus>
      <ItemId>245103</ItemId>
    </Item>
    <Item>
      <PriceUpdateDate>2015-01-01 00:00:00</PriceUpdateDate>
      <ItemCode>1407844</ItemCode>
      <ItemType>0</ItemType>
      <ItemName>חלבה קלאסית וניל 350</ItemName>
      <ManufacturerName>רושדי תעשיות מזון</ManufacturerName>
      <ManufactureCountry>לא ידוע</ManufactureCountry>
      <ManufacturerItemDescription>חלבה קלאסית וניל 350 גרם בארכה</ManufacturerItemDescription>
      <UnitQty>גרמים</UnitQty>
      <Quantity>350.00</Quantity>
      <UnitOfMeasure>100 גרם</UnitOfMeasure>
      <bIsWeighted>0</bIsWeighted>
      <QtyInPackage>1</QtyInPackage>
      <ItemPrice>13.90</ItemPrice>
      <UnitOfMeasurePrice>3.9714</UnitOfMeasurePrice>
      <AllowDiscount>1</AllowDiscount>
      <ItemStatus>1</ItemStatus>
      <ItemId>245113</ItemId>
    </Item>
    <Item>
      <PriceUpdateDate>2015-01-01 00:00:00</PriceUpdateDate>
      <ItemCode>7290011378677</ItemCode>
      <ItemType>0</ItemType>
      <ItemName>חלבה קלאסית שוקו 350</ItemName>
      <ManufacturerName>רושדי תעשיות מזון</ManufacturerName>
      <ManufactureCountry>לא ידוע</ManufactureCountry>
      <ManufacturerItemDescription>חלבה קלאסית שוקו 350 גרם בארכה</ManufacturerItemDescription>
      <UnitQty>גרמים</UnitQty>
      <Quantity>350.00</Quantity>
      <UnitOfMeasure>100 גרם</UnitOfMeasure>
      <bIsWeighted>0</bIsWeighted>
      <QtyInPackage>1</QtyInPackage>
      <ItemPrice>13.90</ItemPrice>
      <UnitOfMeasurePrice>3.9714</UnitOfMeasurePrice>
      <AllowDiscount>1</AllowDiscount>
      <ItemStatus>1</ItemStatus>
      <ItemId>245115</ItemId>
    </Item>
    <Item>
      <PriceUpdateDate>2015-01-01 00:00:00</PriceUpdateDate>
      <ItemCode>5838613</ItemCode>
      <ItemType>0</ItemType>
      <ItemName>גבינה סקי וניל 125 ג</ItemName>
      <ManufacturerName>שטראוס</ManufacturerName>
      <ManufactureCountry>לא ידוע</ManufactureCountry>
      <ManufacturerItemDescription>גבינה סקי וניל 125 גרם</ManufacturerItemDescription>
      <UnitQty>גרמים</UnitQty>
      <Quantity>125.00</Quantity>
      <UnitOfMeasure>100 גרם</UnitOfMeasure>
      <bIsWeighted>0</bIsWeighted>
      <QtyInPackage>1</QtyInPackage>
      <ItemPrice>3.70</ItemPrice>
      <UnitOfMeasurePrice>2.9600</UnitOfMeasurePrice>
      <AllowDiscount>1</AllowDiscount>
      <ItemStatus>1</ItemStatus>
      <ItemId>245122</ItemId>
    </Item>
    <Item>
      <PriceUpdateDate>2015-07-09 08:22:22</PriceUpdateDate>
      <ItemCode>2730903</ItemCode>
      <ItemType>0</ItemType>
      <ItemName>מארז סבון מוצק פלמול</ItemName>
      <ManufacturerName>קולגייט פלמוליב</ManufacturerName>
      <ManufactureCountry>לא ידוע</ManufactureCountry>
      <ManufacturerItemDescription>מארז סבון מוצק פלמוליב ורדים רביעיות</ManufacturerItemDescription>
      <UnitQty>גרמים</UnitQty>
      <Quantity>400.00</Quantity>
      <UnitOfMeasure>100 גרם</UnitOfMeasure>
      <bIsWeighted>0</bIsWeighted>
      <QtyInPackage>1</QtyInPackage>
      <ItemPrice>11.90</ItemPrice>
      <UnitOfMeasurePrice>2.9750</UnitOfMeasurePrice>
      <AllowDiscount>1</AllowDiscount>
      <ItemStatus>1</ItemStatus>
      <ItemId>245124</ItemId>
    </Item>
    <Item>
      <PriceUpdateDate>2016-07-28 15:10:33</PriceUpdateDate>
      <ItemCode>7290109351544</ItemCode>
      <ItemType>1</ItemType>
      <ItemName>קריספי זרעים קלויים</ItemName>
      <ManufacturerName>אסם</ManufacturerName>
      <ManufactureCountry>ישראל</ManufactureCountry>
      <ManufacturerItemDescription>קריספי זרעים קלויים 150 גרם</ManufacturerItemDescription>
      <UnitQty>גרמים</UnitQty>
      <Quantity>150.00</Quantity>
      <UnitOfMeasure>100 גרם</UnitOfMeasure>
      <bIsWeighted>0</bIsWeighted>
      <QtyInPackage>1</QtyInPackage>
      <ItemPrice>10.90</ItemPrice>
      <UnitOfMeasurePrice>7.2667</UnitOfMeasurePrice>
      <AllowDiscount>1</AllowDiscount>
      <ItemStatus>1</ItemStatus>
      <ItemId>269018</ItemId>
    </Item>
    <Item>
      <PriceUpdateDate>2015-01-01 00:00:00</PriceUpdateDate>
      <ItemCode>2781073</ItemCode>
      <ItemType>0</ItemType>
      <ItemName>מיץ לימון משומר 4 לי</ItemName>
      <ManufacturerName>מיטב</ManufacturerName>
      <ManufactureCountry>לא ידוע</ManufactureCountry>
      <ManufacturerItemDescription>מיץ לימון משומר 4 ליטר</ManufacturerItemDescription>
      <UnitQty>ליטרים</UnitQty>
      <Quantity>4.00</Quantity>
      <UnitOfMeasure>ליטר    </UnitOfMeasure>
      <bIsWeighted>0</bIsWeighted>
      <QtyInPackage>1</QtyInPackage>
      <ItemPrice>6.90</ItemPrice>
      <UnitOfMeasurePrice>1.7250</UnitOfMeasurePrice>
      <AllowDiscount>1</AllowDiscount>
      <ItemStatus>1</ItemStatus>
      <ItemId>246324</ItemId>
    </Item>
    <Item>
      <PriceUpdateDate>2015-01-01 00:00:00</PriceUpdateDate>
      <ItemCode>7290055090702</ItemCode>
      <ItemType>0</ItemType>
      <ItemName>איגלו 70 יח</ItemName>
      <ManufacturerName>כרמית</ManufacturerName>
      <ManufactureCountry>לא ידוע</ManufactureCountry>
      <ManufacturerItemDescription>איגלו 70 יח</ManufacturerItemDescription>
      <UnitQty>ליטרים</UnitQty>
      <Quantity>2.24</Quantity>
      <UnitOfMeasure>ליטר    </UnitOfMeasure>
      <bIsWeighted>0</bIsWeighted>
      <QtyInPackage>1</QtyInPackage>
      <ItemPrice>7.90</ItemPrice>
      <UnitOfMeasurePrice>3.5268</UnitOfMeasurePrice>
      <AllowDiscount>1</AllowDiscount>
      <ItemStatus>1</ItemStatus>
      <ItemId>245226</ItemId>
    </Item>
    <Item>
      <PriceUpdateDate>2015-09-20 12:14:23</PriceUpdateDate>
      <ItemCode>8005200516520</ItemCode>
      <ItemType>0</ItemType>
      <ItemName>נסטי דיאט אפרסק 1.5</ItemName>
      <ManufacturerName>סן פלגרינו</ManufacturerName>
      <ManufactureCountry>איטליה</ManufactureCountry>
      <ManufacturerItemDescription>נסטי דיאט אפרסק 1.5 ליטר</ManufacturerItemDescription>
      <UnitQty>ליטרים</UnitQty>
      <Quantity>1.50</Quantity>
      <UnitOfMeasure>ליטר    </UnitOfMeasure>
      <bIsWeighted>0</bIsWeighted>
      <QtyInPackage>1</QtyInPackage>
      <ItemPrice>4.90</ItemPrice>
      <UnitOfMeasurePrice>3.2667</UnitOfMeasurePrice>
      <AllowDiscount>1</AllowDiscount>
      <ItemStatus>1</ItemStatus>
      <ItemId>245234</ItemId>
    </Item>
    <Item>
      <PriceUpdateDate>2015-01-01 00:00:00</PriceUpdateDate>
      <ItemCode>7290106572997</ItemCode>
      <ItemType>0</ItemType>
      <ItemName>קמח שמרים לפיצה 1 ק"</ItemName>
      <ManufacturerName>תחנת קמח המפרץ</ManufacturerName>
      <ManufactureCountry>לא ידוע</ManufactureCountry>
      <ManufacturerItemDescription>קמח שמרים לפיצה 1 ק"ג</ManufacturerItemDescription>
      <UnitQty>קילוגרמים</UnitQty>
      <Quantity>1.00</Quantity>
      <UnitOfMeasure>ק"ג     </UnitOfMeasure>
      <bIsWeighted>0</bIsWeighted>
      <QtyInPackage>1</QtyInPackage>
      <ItemPrice>7.90</ItemPrice>
      <UnitOfMeasurePrice>7.9000</UnitOfMeasurePrice>
      <AllowDiscount>1</AllowDiscount>
      <ItemStatus>1</ItemStatus>
      <ItemId>245235</ItemId>
    </Item>
    <Item>
      <PriceUpdateDate>2015-08-25 10:40:16</PriceUpdateDate>
      <ItemCode>7290014094864</ItemCode>
      <ItemType>0</ItemType>
      <ItemName>פיסטוק קלוי 170 גרם</ItemName>
      <ManufacturerName>,</ManufacturerName>
      <ManufactureCountry>לא ידוע</ManufactureCountry>
      <ManufacturerItemDescription>פיסטוק קלוי 170 גרם</ManufacturerItemDescription>
      <UnitQty>גרמים</UnitQty>
      <Quantity>170.00</Quantity>
      <UnitOfMeasure>100 גרם</UnitOfMeasure>
      <bIsWeighted>0</bIsWeighted>
      <QtyInPackage>1</QtyInPackage>
      <ItemPrice>13.90</ItemPrice>
      <UnitOfMeasurePrice>8.1765</UnitOfMeasurePrice>
      <AllowDiscount>1</AllowDiscount>
      <ItemStatus>1</ItemStatus>
      <ItemId>245267</ItemId>
    </Item>
    <Item>
      <PriceUpdateDate>2015-01-01 00:00:00</PriceUpdateDate>
      <ItemCode>7290014094857</ItemCode>
      <ItemType>0</ItemType>
      <ItemName>פקאן סיני 150 גרם</ItemName>
      <ManufacturerName>,</ManufacturerName>
      <ManufactureCountry>לא ידוע</ManufactureCountry>
      <ManufacturerItemDescription>פקאן סיני 150 גרם</ManufacturerItemDescription>
      <UnitQty>גרמים</UnitQty>
      <Quantity>150.00</Quantity>
      <UnitOfMeasure>100 גרם</UnitOfMeasure>
      <bIsWeighted>0</bIsWeighted>
      <QtyInPackage>1</QtyInPackage>
      <ItemPrice>14.90</ItemPrice>
      <UnitOfMeasurePrice>9.9333</UnitOfMeasurePrice>
      <AllowDiscount>1</AllowDiscount>
      <ItemStatus>1</ItemStatus>
      <ItemId>245268</ItemId>
    </Item>
    <Item>
      <PriceUpdateDate>2015-01-01 00:00:00</PriceUpdateDate>
      <ItemCode>346281</ItemCode>
      <ItemType>0</ItemType>
      <ItemName>תה ורד הבר היביסקוס</ItemName>
      <ManufacturerName>ויסוצקי</ManufacturerName>
      <ManufactureCountry>ישראל</ManufactureCountry>
      <ManufacturerItemDescription>תה ורד הבר היביסקוס 50 שק</ManufacturerItemDescription>
      <UnitQty>גרמים</UnitQty>
      <Quantity>150.00</Quantity>
      <UnitOfMeasure>100 גרם</UnitOfMeasure>
      <bIsWeighted>0</bIsWeighted>
      <QtyInPackage>1</QtyInPackage>
      <ItemPrice>21.90</ItemPrice>
      <UnitOfMeasurePrice>14.6000</UnitOfMeasurePrice>
      <AllowDiscount>1</AllowDiscount>
      <ItemStatus>1</ItemStatus>
      <ItemId>245273</ItemId>
    </Item>
    <Item>
      <PriceUpdateDate>2015-01-01 00:00:00</PriceUpdateDate>
      <ItemCode>7290011126483</ItemCode>
      <ItemType>0</ItemType>
      <ItemName>תה לורד גריי 25 שקיק</ItemName>
      <ManufacturerName>ויסוצקי</ManufacturerName>
      <ManufactureCountry>לא ידוע</ManufactureCountry>
      <ManufacturerItemDescription>תה לורד גריי 25 שקיקים</ManufacturerItemDescription>
      <UnitQty>גרמים</UnitQty>
      <Quantity>38.00</Quantity>
      <UnitOfMeasure>100 גרם</UnitOfMeasure>
      <bIsWeighted>0</bIsWeighted>
      <QtyInPackage>1</QtyInPackage>
      <ItemPrice>14.90</ItemPrice>
      <UnitOfMeasurePrice>39.2105</UnitOfMeasurePrice>
      <AllowDiscount>1</AllowDiscount>
      <ItemStatus>1</ItemStatus>
      <ItemId>245275</ItemId>
    </Item>
    <Item>
      <PriceUpdateDate>2015-01-01 00:00:00</PriceUpdateDate>
      <ItemCode>345666</ItemCode>
      <ItemType>0</ItemType>
      <ItemName>תה אינגליש ברקפסט 25</ItemName>
      <ManufacturerName>,</ManufacturerName>
      <ManufactureCountry>לא ידוע</ManufactureCountry>
      <ManufacturerItemDescription>תה אינגליש ברקפסט 25 שקיקים</ManufacturerItemDescription>
      <UnitQty>גרמים</UnitQty>
      <Quantity>2500.00</Quantity>
      <UnitOfMeasure>100 גרם</UnitOfMeasure>
      <bIsWeighted>0</bIsWeighted>
      <QtyInPackage>1</QtyInPackage>
      <ItemPrice>14.90</ItemPrice>
      <UnitOfMeasurePrice>0.5960</UnitOfMeasurePrice>
      <AllowDiscount>1</AllowDiscount>
      <ItemStatus>1</ItemStatus>
      <ItemId>245277</ItemId>
    </Item>
    <Item>
      <PriceUpdateDate>2015-01-01 00:00:00</PriceUpdateDate>
      <ItemCode>7290105180391</ItemCode>
      <ItemType>0</ItemType>
      <ItemName>בקבוק צר מעוצב זוג</ItemName>
      <ManufacturerName>אריסטוקרט</ManufacturerName>
      <ManufactureCountry>תאילנד</ManufactureCountry>
      <ManufacturerItemDescription>בקבוק צר מעוצב זוג</ManufacturerItemDescription>
      <UnitQty>Unknown </UnitQty>
      <Quantity>0.00</Quantity>
      <UnitOfMeasure>Unknown </UnitOfMeasure>
      <bIsWeighted>0</bIsWeighted>
      <QtyInPackage>2</QtyInPackage>
      <ItemPrice>18.90</ItemPrice>
      <UnitOfMeasurePrice>0.0000</UnitOfMeasurePrice>
      <AllowDiscount>1</AllowDiscount>
      <ItemStatus>1</ItemStatus>
      <ItemId>245291</ItemId>
    </Item>
    <Item>
      <PriceUpdateDate>2015-01-01 00:00:00</PriceUpdateDate>
      <ItemCode>7290105180407</ItemCode>
      <ItemType>0</ItemType>
      <ItemName>בקבוק רחב גדול זוג</ItemName>
      <ManufacturerName>אריסטוקרט</ManufacturerName>
      <ManufactureCountry>תאילנד</ManufactureCountry>
      <ManufacturerItemDescription>בקבוק רחב גדול זוג</ManufacturerItemDescription>
      <UnitQty>Unknown </UnitQty>
      <Quantity>0.00</Quantity>
      <UnitOfMeasure>Unknown </UnitOfMeasure>
      <bIsWeighted>0</bIsWeighted>
      <QtyInPackage>2</QtyInPackage>
      <ItemPrice>29.90</ItemPrice>
      <UnitOfMeasurePrice>0.0000</UnitOfMeasurePrice>
      <AllowDiscount>1</AllowDiscount>
      <ItemStatus>1</ItemStatus>
      <ItemId>245292</ItemId>
    </Item>
    <Item>
      <PriceUpdateDate>2015-01-01 00:00:00</PriceUpdateDate>
      <ItemCode>7290105180377</ItemCode>
      <ItemType>0</ItemType>
      <ItemName>מוצץ סיליקון צבעוני</ItemName>
      <ManufacturerName>אריסטוקרט</ManufacturerName>
      <ManufactureCountry>תאילנד</ManufactureCountry>
      <ManufacturerItemDescription>מוצץ סיליקון צבעוני שלישיה בינוני</ManufacturerItemDescription>
      <UnitQty>Unknown </UnitQty>
      <Quantity>0.00</Quantity>
      <UnitOfMeasure>Unknown </UnitOfMeasure>
      <bIsWeighted>0</bIsWeighted>
      <QtyInPackage>3</QtyInPackage>
      <ItemPrice>15.90</ItemPrice>
      <UnitOfMeasurePrice>0.0000</UnitOfMeasurePrice>
      <AllowDiscount>1</AllowDiscount>
      <ItemStatus>1</ItemStatus>
      <ItemId>245293</ItemId>
    </Item>
    <Item>
      <PriceUpdateDate>2015-01-01 00:00:00</PriceUpdateDate>
      <ItemCode>7290105180384</ItemCode>
      <ItemType>0</ItemType>
      <ItemName>מוצץ סיליקון צבעוני</ItemName>
      <ManufacturerName>אריסטוקרט</ManufacturerName>
      <ManufactureCountry>תאילנד</ManufactureCountry>
      <ManufacturerItemDescription>מוצץ סיליקון צבעוני שלישיה גדול</ManufacturerItemDescription>
      <UnitQty>Unknown </UnitQty>
      <Quantity>0.00</Quantity>
      <UnitOfMeasure>Unknown </UnitOfMeasure>
      <bIsWeighted>0</bIsWeighted>
      <QtyInPackage>3</QtyInPackage>
      <ItemPrice>15.90</ItemPrice>
      <UnitOfMeasurePrice>0.0000</UnitOfMeasurePrice>
      <AllowDiscount>1</AllowDiscount>
      <ItemStatus>1</ItemStatus>
      <ItemId>245294</ItemId>
    </Item>
    <Item>
      <PriceUpdateDate>2015-01-01 00:00:00</PriceUpdateDate>
      <ItemCode>7290105180360</ItemCode>
      <ItemType>0</ItemType>
      <ItemName>מוצץ סיליקון צבעוני</ItemName>
      <ManufacturerName>אריסטוקרט</ManufacturerName>
      <ManufactureCountry>תאילנד</ManufactureCountry>
      <ManufacturerItemDescription>מוצץ סיליקון צבעוני שלישיה קטן</ManufacturerItemDescription>
      <UnitQty>Unknown </UnitQty>
      <Quantity>0.00</Quantity>
      <UnitOfMeasure>Unknown </UnitOfMeasure>
      <bIsWeighted>0</bIsWeighted>
      <QtyInPackage>3</QtyInPackage>
      <ItemPrice>15.90</ItemPrice>
      <UnitOfMeasurePrice>0.0000</UnitOfMeasurePrice>
      <AllowDiscount>1</AllowDiscount>
      <ItemStatus>1</ItemStatus>
      <ItemId>245295</ItemId>
    </Item>
    <Item>
      <PriceUpdateDate>2015-01-01 00:00:00</PriceUpdateDate>
      <ItemCode>7290014600942</ItemCode>
      <ItemType>0</ItemType>
      <ItemName>קרקר עגול 1.2 ק"ג  ב</ItemName>
      <ManufacturerName>,</ManufacturerName>
      <ManufactureCountry>לא ידוע</ManufactureCountry>
      <ManufacturerItemDescription>קרקר עגול 1.2 ק"ג  בצנצנת אושר עד</ManufacturerItemDescription>
      <UnitQty>קילוגרמים</UnitQty>
      <Quantity>1.20</Quantity>
      <UnitOfMeasure>ק"ג     </UnitOfMeasure>
      <bIsWeighted>0</bIsWeighted>
      <QtyInPackage>1</QtyInPackage>
      <ItemPrice>19.90</ItemPrice>
      <UnitOfMeasurePrice>16.5833</UnitOfMeasurePrice>
      <AllowDiscount>1</AllowDiscount>
      <ItemStatus>1</ItemStatus>
      <ItemId>245318</ItemId>
    </Item>
    <Item>
      <PriceUpdateDate>2015-01-01 00:00:00</PriceUpdateDate>
      <ItemCode>7290014600973</ItemCode>
      <ItemType>0</ItemType>
      <ItemName>אותיות חמאה 1.6 ק"ג</ItemName>
      <ManufacturerName>,</ManufacturerName>
      <ManufactureCountry>לא ידוע</ManufactureCountry>
      <ManufacturerItemDescription>אותיות חמאה  1.6 ק"ג בצנצנת אושר עד</ManufacturerItemDescription>
      <UnitQty>קילוגרמים</UnitQty>
      <Quantity>1.60</Quantity>
      <UnitOfMeasure>ק"ג     </UnitOfMeasure>
      <bIsWeighted>0</bIsWeighted>
      <QtyInPackage>1</QtyInPackage>
      <ItemPrice>19.90</ItemPrice>
      <UnitOfMeasurePrice>12.4375</UnitOfMeasurePrice>
      <AllowDiscount>1</AllowDiscount>
      <ItemStatus>1</ItemStatus>
      <ItemId>245321</ItemId>
    </Item>
    <Item>
      <PriceUpdateDate>2015-01-01 00:00:00</PriceUpdateDate>
      <ItemCode>7290014600980</ItemCode>
      <ItemType>0</ItemType>
      <ItemName>עוגיות חמאה 1.4 ק"ג</ItemName>
      <ManufacturerName>,</ManufacturerName>
      <ManufactureCountry>לא ידוע</ManufactureCountry>
      <ManufacturerItemDescription>עוגיות חמאה 1.4 ק"ג בצנצנת אושר עד</ManufacturerItemDescription>
      <UnitQty>קילוגרמים</UnitQty>
      <Quantity>1.40</Quantity>
      <UnitOfMeasure>ק"ג     </UnitOfMeasure>
      <bIsWeighted>0</bIsWeighted>
      <QtyInPackage>1</QtyInPackage>
      <ItemPrice>19.90</ItemPrice>
      <UnitOfMeasurePrice>14.2143</UnitOfMeasurePrice>
      <AllowDiscount>1</AllowDiscount>
      <ItemStatus>1</ItemStatus>
      <ItemId>245322</ItemId>
    </Item>
    <Item>
      <PriceUpdateDate>2015-01-01 00:00:00</PriceUpdateDate>
      <ItemCode>7290014600997</ItemCode>
      <ItemType>0</ItemType>
      <ItemName>עוגיות קינמון 1.4 ק"</ItemName>
      <ManufacturerName>,</ManufacturerName>
      <ManufactureCountry>לא ידוע</ManufactureCountry>
      <ManufacturerItemDescription>עוגיות קינמון 1.4 ק"ג בצנצנת אושר עד</ManufacturerItemDescription>
      <UnitQty>קילוגרמים</UnitQty>
      <Quantity>1.40</Quantity>
      <UnitOfMeasure>ק"ג     </UnitOfMeasure>
      <bIsWeighted>0</bIsWeighted>
      <QtyInPackage>1</QtyInPackage>
      <ItemPrice>19.90</ItemPrice>
      <UnitOfMeasurePrice>14.2143</UnitOfMeasurePrice>
      <AllowDiscount>1</AllowDiscount>
      <ItemStatus>1</ItemStatus>
      <ItemId>245323</ItemId>
    </Item>
    <Item>
      <PriceUpdateDate>2015-07-13 15:37:48</PriceUpdateDate>
      <ItemCode>3672509</ItemCode>
      <ItemType>0</ItemType>
      <ItemName>קבב טלה עיראקי 500 ג</ItemName>
      <ManufacturerName>,</ManufacturerName>
      <ManufactureCountry>לא ידוע</ManufactureCountry>
      <ManufacturerItemDescription>קבב טלה עיראקי 500 גרם</ManufacturerItemDescription>
      <UnitQty>גרמים</UnitQty>
      <Quantity>500.00</Quantity>
      <UnitOfMeasure>100 גרם</UnitOfMeasure>
      <bIsWeighted>0</bIsWeighted>
      <QtyInPackage>1</QtyInPackage>
      <ItemPrice>19.90</ItemPrice>
      <UnitOfMeasurePrice>3.9800</UnitOfMeasurePrice>
      <AllowDiscount>1</AllowDiscount>
      <ItemStatus>1</ItemStatus>
      <ItemId>245388</ItemId>
    </Item>
    <Item>
      <PriceUpdateDate>2015-07-13 15:37:48</PriceUpdateDate>
      <ItemCode>3672639</ItemCode>
      <ItemType>0</ItemType>
      <ItemName>קבב גמבו 1 ק"ג</ItemName>
      <ManufacturerName>,</ManufacturerName>
      <ManufactureCountry>לא ידוע</ManufactureCountry>
      <ManufacturerItemDescription>קבב גמבו 1 ק"ג</ManufacturerItemDescription>
      <UnitQty>קילוגרמים</UnitQty>
      <Quantity>1.00</Quantity>
      <UnitOfMeasure>ק"ג     </UnitOfMeasure>
      <bIsWeighted>0</bIsWeighted>
      <QtyInPackage>1</QtyInPackage>
      <ItemPrice>34.90</ItemPrice>
      <UnitOfMeasurePrice>34.9000</UnitOfMeasurePrice>
      <AllowDiscount>1</AllowDiscount>
      <ItemStatus>1</ItemStatus>
      <ItemId>245389</ItemId>
    </Item>
    <Item>
      <PriceUpdateDate>2015-07-13 15:37:48</PriceUpdateDate>
      <ItemCode>7290010676279</ItemCode>
      <ItemType>0</ItemType>
      <ItemName>נקניקיות מרגז 400 גר</ItemName>
      <ManufacturerName>,</ManufacturerName>
      <ManufactureCountry>לא ידוע</ManufactureCountry>
      <ManufacturerItemDescription>נקניקיות מרגז 400 גרם</ManufacturerItemDescription>
      <UnitQty>גרמים</UnitQty>
      <Quantity>400.00</Quantity>
      <UnitOfMeasure>100 גרם</UnitOfMeasure>
      <bIsWeighted>0</bIsWeighted>
      <QtyInPackage>1</QtyInPackage>
      <ItemPrice>18.90</ItemPrice>
      <UnitOfMeasurePrice>4.7250</UnitOfMeasurePrice>
      <AllowDiscount>1</AllowDiscount>
      <ItemStatus>1</ItemStatus>
      <ItemId>245391</ItemId>
    </Item>
    <Item>
      <PriceUpdateDate>2015-07-13 15:37:48</PriceUpdateDate>
      <ItemCode>3672646</ItemCode>
      <ItemType>0</ItemType>
      <ItemName>נקניקיות קוקטייל חרי</ItemName>
      <ManufacturerName>,</ManufacturerName>
      <ManufactureCountry>לא ידוע</ManufactureCountry>
      <ManufacturerItemDescription>נקניקיות קוקטייל חריפות ק"ג</ManufacturerItemDescription>
      <UnitQty>קילוגרמים</UnitQty>
      <Quantity>1.00</Quantity>
      <UnitOfMeasure>ק"ג</UnitOfMeasure>
      <bIsWeighted>1</bIsWeighted>
      <QtyInPackage>לא ידוע</QtyInPackage>
      <ItemPrice>35.90</ItemPrice>
      <UnitOfMeasurePrice>35.9000</UnitOfMeasurePrice>
      <AllowDiscount>1</AllowDiscount>
      <ItemStatus>1</ItemStatus>
      <ItemId>245392</ItemId>
    </Item>
    <Item>
      <PriceUpdateDate>2015-01-01 00:00:00</PriceUpdateDate>
      <ItemCode>7290010676170</ItemCode>
      <ItemType>0</ItemType>
      <ItemName>סטייק עוף קפוא</ItemName>
      <ManufacturerName>,</ManufacturerName>
      <ManufactureCountry>לא ידוע</ManufactureCountry>
      <ManufacturerItemDescription>סטייק עוף קפוא</ManufacturerItemDescription>
      <UnitQty>קילוגרמים</UnitQty>
      <Quantity>1.00</Quantity>
      <UnitOfMeasure>ק"ג</UnitOfMeasure>
      <bIsWeighted>1</bIsWeighted>
      <QtyInPackage>לא ידוע</QtyInPackage>
      <ItemPrice>19.90</ItemPrice>
      <UnitOfMeasurePrice>19.9000</UnitOfMeasurePrice>
      <AllowDiscount>1</AllowDiscount>
      <ItemStatus>1</ItemStatus>
      <ItemId>245393</ItemId>
    </Item>
    <Item>
      <PriceUpdateDate>2015-01-01 00:00:00</PriceUpdateDate>
      <ItemCode>3203000</ItemCode>
      <ItemType>0</ItemType>
      <ItemName>נתחי פרגיות לשיפודים</ItemName>
      <ManufacturerName>מ ב גלאט עוף למהדרין</ManufacturerName>
      <ManufactureCountry>ישראל</ManufactureCountry>
      <ManufacturerItemDescription>נתחי פרגיות לשיפודים</ManufacturerItemDescription>
      <UnitQty>קילוגרמים</UnitQty>
      <Quantity>1.00</Quantity>
      <UnitOfMeasure>ק"ג</UnitOfMeasure>
      <bIsWeighted>1</bIsWeighted>
      <QtyInPackage>1</QtyInPackage>
      <ItemPrice>59.90</ItemPrice>
      <UnitOfMeasurePrice>59.9000</UnitOfMeasurePrice>
      <AllowDiscount>1</AllowDiscount>
      <ItemStatus>1</ItemStatus>
      <ItemId>245396</ItemId>
    </Item>
    <Item>
      <PriceUpdateDate>2015-08-12 10:25:02</PriceUpdateDate>
      <ItemCode>7290010193790</ItemCode>
      <ItemType>0</ItemType>
      <ItemName>סטייק עין אמיתי 500</ItemName>
      <ManufacturerName>מ ב גלאט עוף למהדרין</ManufacturerName>
      <ManufactureCountry>לא ידוע</ManufactureCountry>
      <ManufacturerItemDescription>סטייק עין אמיתי 500 גרם</ManufacturerItemDescription>
      <UnitQty>גרמים</UnitQty>
      <Quantity>500.00</Quantity>
      <UnitOfMeasure>100 גרם</UnitOfMeasure>
      <bIsWeighted>0</bIsWeighted>
      <QtyInPackage>1</QtyInPackage>
      <ItemPrice>59.90</ItemPrice>
      <UnitOfMeasurePrice>11.9800</UnitOfMeasurePrice>
      <AllowDiscount>1</AllowDiscount>
      <ItemStatus>1</ItemStatus>
      <ItemId>245397</ItemId>
    </Item>
    <Item>
      <PriceUpdateDate>2015-01-01 00:00:00</PriceUpdateDate>
      <ItemCode>7290010193875</ItemCode>
      <ItemType>0</ItemType>
      <ItemName>נקניקיות עוף 1.5 ק"ג</ItemName>
      <ManufacturerName>מ ב גלאט עוף למהדרין</ManufacturerName>
      <ManufactureCountry>ישראל</ManufactureCountry>
      <ManufacturerItemDescription>נקניקיות עוף 1.5 קג</ManufacturerItemDescription>
      <UnitQty>קילוגרמים</UnitQty>
      <Quantity>1.50</Quantity>
      <UnitOfMeasure>ק"ג     </UnitOfMeasure>
      <bIsWeighted>0</bIsWeighted>
      <QtyInPackage>1</QtyInPackage>
      <ItemPrice>34.90</ItemPrice>
      <UnitOfMeasurePrice>23.2667</UnitOfMeasurePrice>
      <AllowDiscount>1</AllowDiscount>
      <ItemStatus>1</ItemStatus>
      <ItemId>245398</ItemId>
    </Item>
    <Item>
      <PriceUpdateDate>2015-01-01 00:00:00</PriceUpdateDate>
      <ItemCode>6730268</ItemCode>
      <ItemType>0</ItemType>
      <ItemName>טרופיק פקק 40 יח</ItemName>
      <ManufacturerName>קלית סיטבון בעמ</ManufacturerName>
      <ManufactureCountry>לא ידוע</ManufactureCountry>
      <ManufacturerItemDescription>טרופיק פקק 40 יח</ManufacturerItemDescription>
      <UnitQty>Unknown </UnitQty>
      <Quantity>0.00</Quantity>
      <UnitOfMeasure>Unknown </UnitOfMeasure>
      <bIsWeighted>0</bIsWeighted>
      <QtyInPackage>1</QtyInPackage>
      <ItemPrice>29.90</ItemPrice>
      <UnitOfMeasurePrice>0.0000</UnitOfMeasurePrice>
      <AllowDiscount>1</AllowDiscount>
      <ItemStatus>1</ItemStatus>
      <ItemId>245401</ItemId>
    </Item>
    <Item>
      <PriceUpdateDate>2015-01-01 00:00:00</PriceUpdateDate>
      <ItemCode>7290011126469</ItemCode>
      <ItemType>0</ItemType>
      <ItemName>תה קמומיל ודבש הגן ק</ItemName>
      <ManufacturerName>ויסוצקי</ManufacturerName>
      <ManufactureCountry>ישראל</ManufactureCountry>
      <ManufacturerItemDescription>תה קמומיל ודבש הגן קסום 25 שק</ManufacturerItemDescription>
      <UnitQty>גרמים</UnitQty>
      <Quantity>38.00</Quantity>
      <UnitOfMeasure>100 גרם</UnitOfMeasure>
      <bIsWeighted>0</bIsWeighted>
      <QtyInPackage>1</QtyInPackage>
      <ItemPrice>12.50</ItemPrice>
      <UnitOfMeasurePrice>32.8947</UnitOfMeasurePrice>
      <AllowDiscount>1</AllowDiscount>
      <ItemStatus>1</ItemStatus>
      <ItemId>245414</ItemId>
    </Item>
    <Item>
      <PriceUpdateDate>2015-01-01 00:00:00</PriceUpdateDate>
      <ItemCode>7290014002197</ItemCode>
      <ItemType>0</ItemType>
      <ItemName>תה קמומיל ולימונית</ItemName>
      <ManufacturerName>ויסוצקי</ManufacturerName>
      <ManufactureCountry>ישראל</ManufactureCountry>
      <ManufacturerItemDescription>תה קמומיל ולימונית  הגן הקסום 25 שקיקים</ManufacturerItemDescription>
      <UnitQty>גרמים</UnitQty>
      <Quantity>38.00</Quantity>
      <UnitOfMeasure>100 גרם</UnitOfMeasure>
      <bIsWeighted>0</bIsWeighted>
      <QtyInPackage>1</QtyInPackage>
      <ItemPrice>12.50</ItemPrice>
      <UnitOfMeasurePrice>32.8947</UnitOfMeasurePrice>
      <AllowDiscount>1</AllowDiscount>
      <ItemStatus>1</ItemStatus>
      <ItemId>245415</ItemId>
    </Item>
    <Item>
      <PriceUpdateDate>2015-01-01 00:00:00</PriceUpdateDate>
      <ItemCode>2386872</ItemCode>
      <ItemType>0</ItemType>
      <ItemName>רולדה הודו ארוז קהיל</ItemName>
      <ManufacturerName>,</ManufacturerName>
      <ManufactureCountry>לא ידוע</ManufactureCountry>
      <ManufacturerItemDescription>רולדה הודו ארוז קהילות</ManufacturerItemDescription>
      <UnitQty>קילוגרמים</UnitQty>
      <Quantity>1.00</Quantity>
      <UnitOfMeasure>ק"ג</UnitOfMeasure>
      <bIsWeighted>1</bIsWeighted>
      <QtyInPackage>לא ידוע</QtyInPackage>
      <ItemPrice>39.90</ItemPrice>
      <UnitOfMeasurePrice>39.9000</UnitOfMeasurePrice>
      <AllowDiscount>1</AllowDiscount>
      <ItemStatus>1</ItemStatus>
      <ItemId>245419</ItemId>
    </Item>
    <Item>
      <PriceUpdateDate>2015-01-01 00:00:00</PriceUpdateDate>
      <ItemCode>2804758</ItemCode>
      <ItemType>0</ItemType>
      <ItemName>כרעיים עוף קפוא חב"ד</ItemName>
      <ManufacturerName>,</ManufacturerName>
      <ManufactureCountry>לא ידוע</ManufactureCountry>
      <ManufacturerItemDescription>כרעיים עוף קפוא חב"ד</ManufacturerItemDescription>
      <UnitQty>קילוגרמים</UnitQty>
      <Quantity>1.00</Quantity>
      <UnitOfMeasure>ק"ג</UnitOfMeasure>
      <bIsWeighted>1</bIsWeighted>
      <QtyInPackage>לא ידוע</QtyInPackage>
      <ItemPrice>24.90</ItemPrice>
      <UnitOfMeasurePrice>24.9000</UnitOfMeasurePrice>
      <AllowDiscount>1</AllowDiscount>
      <ItemStatus>1</ItemStatus>
      <ItemId>245424</ItemId>
    </Item>
    <Item>
      <PriceUpdateDate>2015-01-01 00:00:00</PriceUpdateDate>
      <ItemCode>2804765</ItemCode>
      <ItemType>0</ItemType>
      <ItemName>חזה עוף קפוא חב"ד</ItemName>
      <ManufacturerName>,</ManufacturerName>
      <ManufactureCountry>לא ידוע</ManufactureCountry>
      <ManufacturerItemDescription>חזה עוף קפוא חב"ד</ManufacturerItemDescription>
      <UnitQty>קילוגרמים</UnitQty>
      <Quantity>1.00</Quantity>
      <UnitOfMeasure>ק"ג</UnitOfMeasure>
      <bIsWeighted>1</bIsWeighted>
      <QtyInPackage>לא ידוע</QtyInPackage>
      <ItemPrice>26.90</ItemPrice>
      <UnitOfMeasurePrice>26.9000</UnitOfMeasurePrice>
      <AllowDiscount>1</AllowDiscount>
      <ItemStatus>1</ItemStatus>
      <ItemId>245425</ItemId>
    </Item>
    <Item>
      <PriceUpdateDate>2015-01-01 00:00:00</PriceUpdateDate>
      <ItemCode>2804802</ItemCode>
      <ItemType>0</ItemType>
      <ItemName>ירכיים עוף קפוא חב"ד</ItemName>
      <ManufacturerName>,</ManufacturerName>
      <ManufactureCountry>לא ידוע</ManufactureCountry>
      <ManufacturerItemDescription>ירכיים עוף קפוא חב"ד</ManufacturerItemDescription>
      <UnitQty>קילוגרמים</UnitQty>
      <Quantity>1.00</Quantity>
      <UnitOfMeasure>ק"ג</UnitOfMeasure>
      <bIsWeighted>1</bIsWeighted>
      <QtyInPackage>לא ידוע</QtyInPackage>
      <ItemPrice>23.90</ItemPrice>
      <UnitOfMeasurePrice>23.9000</UnitOfMeasurePrice>
      <AllowDiscount>1</AllowDiscount>
      <ItemStatus>1</ItemStatus>
      <ItemId>245429</ItemId>
    </Item>
    <Item>
      <PriceUpdateDate>2015-09-21 08:27:40</PriceUpdateDate>
      <ItemCode>7290105430441</ItemCode>
      <ItemType>0</ItemType>
      <ItemName>סבון נוזלי פלמוליב ס</ItemName>
      <ManufacturerName>קולגייט פלמוליב</ManufacturerName>
      <ManufactureCountry>תורכיה</ManufactureCountry>
      <ManufacturerItemDescription>סבון נוזלי פלמוליב סחלב שחור 750 מל</ManufacturerItemDescription>
      <UnitQty>מיליליטרים</UnitQty>
      <Quantity>750.00</Quantity>
      <UnitOfMeasure>100 מ"ל</UnitOfMeasure>
      <bIsWeighted>0</bIsWeighted>
      <QtyInPackage>1</QtyInPackage>
      <ItemPrice>14.90</ItemPrice>
      <UnitOfMeasurePrice>1.9867</UnitOfMeasurePrice>
      <AllowDiscount>1</AllowDiscount>
      <ItemStatus>1</ItemStatus>
      <ItemId>245444</ItemId>
    </Item>
    <Item>
      <PriceUpdateDate>2016-07-25 13:30:31</PriceUpdateDate>
      <ItemCode>7290107875196</ItemCode>
      <ItemType>0</ItemType>
      <ItemName>בייגלה עיגולים מלח 3</ItemName>
      <ManufacturerName>אסם</ManufacturerName>
      <ManufactureCountry>לא ידוע</ManufactureCountry>
      <ManufacturerItemDescription>בייגלה עיגולים מלח 300 גרם</ManufacturerItemDescription>
      <UnitQty>גרמים</UnitQty>
      <Quantity>300.00</Quantity>
      <UnitOfMeasure>100 גרם</UnitOfMeasure>
      <bIsWeighted>0</bIsWeighted>
      <QtyInPackage>1</QtyInPackage>
      <ItemPrice>8.90</ItemPrice>
      <UnitOfMeasurePrice>2.9667</UnitOfMeasurePrice>
      <AllowDiscount>1</AllowDiscount>
      <ItemStatus>1</ItemStatus>
      <ItemId>268976</ItemId>
    </Item>
    <Item>
      <PriceUpdateDate>2015-09-21 08:27:40</PriceUpdateDate>
      <ItemCode>7290105430458</ItemCode>
      <ItemType>0</ItemType>
      <ItemName>סבון נוזלי פלמוליב ש</ItemName>
      <ManufacturerName>קולגייט פלמוליב</ManufacturerName>
      <ManufactureCountry>תורכיה</ManufactureCountry>
      <ManufacturerItemDescription>סבון נוזלי פלמוליב שקדים 750 מל</ManufacturerItemDescription>
      <UnitQty>מיליליטרים</UnitQty>
      <Quantity>750.00</Quantity>
      <UnitOfMeasure>100 מ"ל</UnitOfMeasure>
      <bIsWeighted>0</bIsWeighted>
      <QtyInPackage>1</QtyInPackage>
      <ItemPrice>14.90</ItemPrice>
      <UnitOfMeasurePrice>1.9867</UnitOfMeasurePrice>
      <AllowDiscount>1</AllowDiscount>
      <ItemStatus>1</ItemStatus>
      <ItemId>245445</ItemId>
    </Item>
    <Item>
      <PriceUpdateDate>2015-01-01 00:00:00</PriceUpdateDate>
      <ItemCode>6730077</ItemCode>
      <ItemType>0</ItemType>
      <ItemName>קליקים איגלו 70 יח</ItemName>
      <ManufacturerName>קלית סיטבון בעמ</ManufacturerName>
      <ManufactureCountry>לא ידוע</ManufactureCountry>
      <ManufacturerItemDescription>קליקים איגלו 70 יח</ManufacturerItemDescription>
      <UnitQty>קילוגרמים</UnitQty>
      <Quantity>2.10</Quantity>
      <UnitOfMeasure>ק"ג     </UnitOfMeasure>
      <bIsWeighted>0</bIsWeighted>
      <QtyInPackage>1</QtyInPackage>
      <ItemPrice>6.90</ItemPrice>
      <UnitOfMeasurePrice>3.2857</UnitOfMeasurePrice>
      <AllowDiscount>1</AllowDiscount>
      <ItemStatus>1</ItemStatus>
      <ItemId>245461</ItemId>
    </Item>
    <Item>
      <PriceUpdateDate>2015-01-01 00:00:00</PriceUpdateDate>
      <ItemCode>4063115</ItemCode>
      <ItemType>0</ItemType>
      <ItemName>מלח בישול 1 ק"ג</ItemName>
      <ManufacturerName>מלחי סלית עתלית</ManufacturerName>
      <ManufactureCountry>ישראל</ManufactureCountry>
      <ManufacturerItemDescription>מלח בישול 1 קג בדצ</ManufacturerItemDescription>
      <UnitQty>קילוגרמים</UnitQty>
      <Quantity>1.00</Quantity>
      <UnitOfMeasure>ק"ג     </UnitOfMeasure>
      <bIsWeighted>0</bIsWeighted>
      <QtyInPackage>1</QtyInPackage>
      <ItemPrice>1.40</ItemPrice>
      <UnitOfMeasurePrice>1.4000</UnitOfMeasurePrice>
      <AllowDiscount>1</AllowDiscount>
      <ItemStatus>1</ItemStatus>
      <ItemId>245465</ItemId>
    </Item>
    <Item>
      <PriceUpdateDate>2016-07-04 16:25:35</PriceUpdateDate>
      <ItemCode>4770237050432</ItemCode>
      <ItemType>1</ItemType>
      <ItemName>גלידה שוקולד בכוס</ItemName>
      <ManufacturerName>,</ManufacturerName>
      <ManufactureCountry>לא ידוע</ManufactureCountry>
      <ManufacturerItemDescription>גלידה שוקולד בכוס</ManufacturerItemDescription>
      <UnitQty>גרמים</UnitQty>
      <Quantity>70.00</Quantity>
      <UnitOfMeasure>100 גרם</UnitOfMeasure>
      <bIsWeighted>0</bIsWeighted>
      <QtyInPackage>1</QtyInPackage>
      <ItemPrice>4.90</ItemPrice>
      <UnitOfMeasurePrice>7.0000</UnitOfMeasurePrice>
      <AllowDiscount>1</AllowDiscount>
      <ItemStatus>1</ItemStatus>
      <ItemId>268769</ItemId>
    </Item>
    <Item>
      <PriceUpdateDate>2015-01-01 00:00:00</PriceUpdateDate>
      <ItemCode>2332350</ItemCode>
      <ItemType>0</ItemType>
      <ItemName>פילה אמנון טרי</ItemName>
      <ManufacturerName>דגת הארץ</ManufacturerName>
      <ManufactureCountry>לא ידוע</ManufactureCountry>
      <ManufacturerItemDescription>פילה אמנון טרי</ManufacturerItemDescription>
      <UnitQty>קילוגרמים</UnitQty>
      <Quantity>1.00</Quantity>
      <UnitOfMeasure>ק"ג</UnitOfMeasure>
      <bIsWeighted>1</bIsWeighted>
      <QtyInPackage>לא ידוע</QtyInPackage>
      <ItemPrice>79.90</ItemPrice>
      <UnitOfMeasurePrice>79.9000</UnitOfMeasurePrice>
      <AllowDiscount>1</AllowDiscount>
      <ItemStatus>1</ItemStatus>
      <ItemId>251823</ItemId>
    </Item>
    <Item>
      <PriceUpdateDate>2015-01-01 00:00:00</PriceUpdateDate>
      <ItemCode>7290013725738</ItemCode>
      <ItemType>0</ItemType>
      <ItemName>אצות</ItemName>
      <ManufacturerName>,</ManufacturerName>
      <ManufactureCountry>לא ידוע</ManufactureCountry>
      <ManufacturerItemDescription>אצות</ManufacturerItemDescription>
      <UnitQty>Unknown </UnitQty>
      <Quantity>0.00</Quantity>
      <UnitOfMeasure>Unknown </UnitOfMeasure>
      <bIsWeighted>0</bIsWeighted>
      <QtyInPackage>1</QtyInPackage>
      <ItemPrice>14.90</ItemPrice>
      <UnitOfMeasurePrice>0.0000</UnitOfMeasurePrice>
      <AllowDiscount>1</AllowDiscount>
      <ItemStatus>1</ItemStatus>
      <ItemId>253236</ItemId>
    </Item>
    <Item>
      <PriceUpdateDate>2015-01-01 00:00:00</PriceUpdateDate>
      <ItemCode>5411188111375</ItemCode>
      <ItemType>0</ItemType>
      <ItemName>משקה אורז 1 ליטר</ItemName>
      <ManufacturerName>אלפרו</ManufacturerName>
      <ManufactureCountry>בלגיה</ManufactureCountry>
      <ManufacturerItemDescription>משקה אורז 1 ליטר</ManufacturerItemDescription>
      <UnitQty>ליטרים</UnitQty>
      <Quantity>1.00</Quantity>
      <UnitOfMeasure>ליטר    </UnitOfMeasure>
      <bIsWeighted>0</bIsWeighted>
      <QtyInPackage>1</QtyInPackage>
      <ItemPrice>12.90</ItemPrice>
      <UnitOfMeasurePrice>12.9000</UnitOfMeasurePrice>
      <AllowDiscount>1</AllowDiscount>
      <ItemStatus>1</ItemStatus>
      <ItemId>245603</ItemId>
    </Item>
    <Item>
      <PriceUpdateDate>2015-01-01 00:00:00</PriceUpdateDate>
      <ItemCode>4015400556916</ItemCode>
      <ItemType>0</ItemType>
      <ItemName>מגן תחתון אולדייז מג</ItemName>
      <ManufacturerName>פרוקטר</ManufacturerName>
      <ManufactureCountry>לא ידוע</ManufactureCountry>
      <ManufacturerItemDescription>מגן תחתון אולדייז מגה פק נורמל 80 יח</ManufacturerItemDescription>
      <UnitQty>Unknown </UnitQty>
      <Quantity>0.00</Quantity>
      <UnitOfMeasure>Unknown </UnitOfMeasure>
      <bIsWeighted>0</bIsWeighted>
      <QtyInPackage>1</QtyInPackage>
      <ItemPrice>28.90</ItemPrice>
      <UnitOfMeasurePrice>0.0000</UnitOfMeasurePrice>
      <AllowDiscount>1</AllowDiscount>
      <ItemStatus>1</ItemStatus>
      <ItemId>245632</ItemId>
    </Item>
    <Item>
      <PriceUpdateDate>2015-01-01 00:00:00</PriceUpdateDate>
      <ItemCode>4015400564454</ItemCode>
      <ItemType>0</ItemType>
      <ItemName>מגן תחתון אולדייז מג</ItemName>
      <ManufacturerName>פרוקטר</ManufacturerName>
      <ManufactureCountry>לא ידוע</ManufactureCountry>
      <ManufacturerItemDescription>מגן תחתון אולדייז מגה לארג 68 יח</ManufacturerItemDescription>
      <UnitQty>Unknown </UnitQty>
      <Quantity>0.00</Quantity>
      <UnitOfMeasure>Unknown </UnitOfMeasure>
      <bIsWeighted>0</bIsWeighted>
      <QtyInPackage>1</QtyInPackage>
      <ItemPrice>28.90</ItemPrice>
      <UnitOfMeasurePrice>0.0000</UnitOfMeasurePrice>
      <AllowDiscount>1</AllowDiscount>
      <ItemStatus>1</ItemStatus>
      <ItemId>245634</ItemId>
    </Item>
    <Item>
      <PriceUpdateDate>2015-01-01 00:00:00</PriceUpdateDate>
      <ItemCode>3521463</ItemCode>
      <ItemType>0</ItemType>
      <ItemName>שמפו אלדמע קמיל בלו</ItemName>
      <ManufacturerName>פישר מעבדות פרמצבטיו</ManufacturerName>
      <ManufactureCountry>ישראל</ManufactureCountry>
      <ManufacturerItemDescription>שמפו אלדמע קמיל בלו סנסטיב 2 ל</ManufacturerItemDescription>
      <UnitQty>ליטרים</UnitQty>
      <Quantity>2.00</Quantity>
      <UnitOfMeasure>ליטר    </UnitOfMeasure>
      <bIsWeighted>0</bIsWeighted>
      <QtyInPackage>1</QtyInPackage>
      <ItemPrice>39.90</ItemPrice>
      <UnitOfMeasurePrice>19.9500</UnitOfMeasurePrice>
      <AllowDiscount>1</AllowDiscount>
      <ItemStatus>1</ItemStatus>
      <ItemId>245683</ItemId>
    </Item>
    <Item>
      <PriceUpdateDate>2016-05-11 10:11:13</PriceUpdateDate>
      <ItemCode>7290108355024</ItemCode>
      <ItemType>0</ItemType>
      <ItemName>שמפו + מרכך מיניונים</ItemName>
      <ManufacturerName>נקה 7</ManufacturerName>
      <ManufactureCountry>לא ידוע</ManufactureCountry>
      <ManufacturerItemDescription>שמפו + מרכך מיניונים נקה קידס 750 מ"ל</ManufacturerItemDescription>
      <UnitQty>מיליליטרים</UnitQty>
      <Quantity>750.00</Quantity>
      <UnitOfMeasure>100 מ"ל</UnitOfMeasure>
      <bIsWeighted>0</bIsWeighted>
      <QtyInPackage>1</QtyInPackage>
      <ItemPrice>9.90</ItemPrice>
      <UnitOfMeasurePrice>1.3200</UnitOfMeasurePrice>
      <AllowDiscount>1</AllowDiscount>
      <ItemStatus>1</ItemStatus>
      <ItemId>268106</ItemId>
    </Item>
    <Item>
      <PriceUpdateDate>2015-01-01 00:00:00</PriceUpdateDate>
      <ItemCode>7290014562387</ItemCode>
      <ItemType>0</ItemType>
      <ItemName>תה גרגירים נמס טעם ק</ItemName>
      <ManufacturerName>סילקו אם איי ספולקה</ManufacturerName>
      <ManufactureCountry>לא ידוע</ManufactureCountry>
      <ManufacturerItemDescription>תה גרגירים נמס טעם קמומיל 200 גרם</ManufacturerItemDescription>
      <UnitQty>גרמים</UnitQty>
      <Quantity>200.00</Quantity>
      <UnitOfMeasure>100 גרם</UnitOfMeasure>
      <bIsWeighted>0</bIsWeighted>
      <QtyInPackage>1</QtyInPackage>
      <ItemPrice>17.90</ItemPrice>
      <UnitOfMeasurePrice>8.9500</UnitOfMeasurePrice>
      <AllowDiscount>1</AllowDiscount>
      <ItemStatus>1</ItemStatus>
      <ItemId>245701</ItemId>
    </Item>
    <Item>
      <PriceUpdateDate>2015-01-01 00:00:00</PriceUpdateDate>
      <ItemCode>7290014562394</ItemCode>
      <ItemType>0</ItemType>
      <ItemName>תה גרגירים נמס טעם ש</ItemName>
      <ManufacturerName>סילקו אם איי ספולקה</ManufacturerName>
      <ManufactureCountry>לא ידוע</ManufactureCountry>
      <ManufacturerItemDescription>תה גרגירים נמס טעם שומר 200 גרם</ManufacturerItemDescription>
      <UnitQty>גרמים</UnitQty>
      <Quantity>200.00</Quantity>
      <UnitOfMeasure>100 גרם</UnitOfMeasure>
      <bIsWeighted>0</bIsWeighted>
      <QtyInPackage>1</QtyInPackage>
      <ItemPrice>17.90</ItemPrice>
      <UnitOfMeasurePrice>8.9500</UnitOfMeasurePrice>
      <AllowDiscount>1</AllowDiscount>
      <ItemStatus>1</ItemStatus>
      <ItemId>245702</ItemId>
    </Item>
    <Item>
      <PriceUpdateDate>2015-01-01 00:00:00</PriceUpdateDate>
      <ItemCode>7290012227165</ItemCode>
      <ItemType>0</ItemType>
      <ItemName>נקניקיות עוף 800 גרם</ItemName>
      <ManufacturerName>,</ManufacturerName>
      <ManufactureCountry>לא ידוע</ManufactureCountry>
      <ManufacturerItemDescription>נקניקיות עוף 800 גרם רובין</ManufacturerItemDescription>
      <UnitQty>גרמים</UnitQty>
      <Quantity>800.00</Quantity>
      <UnitOfMeasure>100 גרם</UnitOfMeasure>
      <bIsWeighted>0</bIsWeighted>
      <QtyInPackage>1</QtyInPackage>
      <ItemPrice>19.90</ItemPrice>
      <UnitOfMeasurePrice>2.4875</UnitOfMeasurePrice>
      <AllowDiscount>1</AllowDiscount>
      <ItemStatus>1</ItemStatus>
      <ItemId>245710</ItemId>
    </Item>
    <Item>
      <PriceUpdateDate>2015-01-01 00:00:00</PriceUpdateDate>
      <ItemCode>7290011018580</ItemCode>
      <ItemType>0</ItemType>
      <ItemName>פיוז תה ענבים 1.5 לי</ItemName>
      <ManufacturerName>FUZE TEA</ManufacturerName>
      <ManufactureCountry>לא ידוע</ManufactureCountry>
      <ManufacturerItemDescription>פיוז תה ענבים 1.5 ליטר</ManufacturerItemDescription>
      <UnitQty>ליטרים</UnitQty>
      <Quantity>1.50</Quantity>
      <UnitOfMeasure>ליטר    </UnitOfMeasure>
      <bIsWeighted>0</bIsWeighted>
      <QtyInPackage>1</QtyInPackage>
      <ItemPrice>5.90</ItemPrice>
      <UnitOfMeasurePrice>3.9333</UnitOfMeasurePrice>
      <AllowDiscount>1</AllowDiscount>
      <ItemStatus>1</ItemStatus>
      <ItemId>245705</ItemId>
    </Item>
    <Item>
      <PriceUpdateDate>2015-01-01 00:00:00</PriceUpdateDate>
      <ItemCode>6738301</ItemCode>
      <ItemType>0</ItemType>
      <ItemName>מארז תה וחרמון רובין</ItemName>
      <ManufacturerName>,</ManufacturerName>
      <ManufactureCountry>לא ידוע</ManufactureCountry>
      <ManufacturerItemDescription>מארז תה וחרמון רובין 2*350 גרם</ManufacturerItemDescription>
      <UnitQty>גרמים</UnitQty>
      <Quantity>700.00</Quantity>
      <UnitOfMeasure>100 גרם</UnitOfMeasure>
      <bIsWeighted>0</bIsWeighted>
      <QtyInPackage>1</QtyInPackage>
      <ItemPrice>24.90</ItemPrice>
      <UnitOfMeasurePrice>3.5571</UnitOfMeasurePrice>
      <AllowDiscount>1</AllowDiscount>
      <ItemStatus>1</ItemStatus>
      <ItemId>245711</ItemId>
    </Item>
    <Item>
      <PriceUpdateDate>2015-01-01 00:00:00</PriceUpdateDate>
      <ItemCode>6738332</ItemCode>
      <ItemType>0</ItemType>
      <ItemName>מארז חרמון וברביקיו</ItemName>
      <ManufacturerName>,</ManufacturerName>
      <ManufactureCountry>לא ידוע</ManufactureCountry>
      <ManufacturerItemDescription>מארז חרמון וברביקיו רובין 2*300 גרם</ManufacturerItemDescription>
      <UnitQty>גרמים</UnitQty>
      <Quantity>600.00</Quantity>
      <UnitOfMeasure>100 גרם</UnitOfMeasure>
      <bIsWeighted>0</bIsWeighted>
      <QtyInPackage>1</QtyInPackage>
      <ItemPrice>24.90</ItemPrice>
      <UnitOfMeasurePrice>4.1500</UnitOfMeasurePrice>
      <AllowDiscount>1</AllowDiscount>
      <ItemStatus>1</ItemStatus>
      <ItemId>245712</ItemId>
    </Item>
    <Item>
      <PriceUpdateDate>2015-01-01 00:00:00</PriceUpdateDate>
      <ItemCode>446226</ItemCode>
      <ItemType>0</ItemType>
      <ItemName>מחית תפו"ע 500 גרם</ItemName>
      <ManufacturerName>בולנד פיליפ</ManufacturerName>
      <ManufactureCountry>לא ידוע</ManufactureCountry>
      <ManufacturerItemDescription>מחית תפו"ע 500 גרם</ManufacturerItemDescription>
      <UnitQty>גרמים</UnitQty>
      <Quantity>500.00</Quantity>
      <UnitOfMeasure>100 גרם</UnitOfMeasure>
      <bIsWeighted>0</bIsWeighted>
      <QtyInPackage>1</QtyInPackage>
      <ItemPrice>9.90</ItemPrice>
      <UnitOfMeasurePrice>1.9800</UnitOfMeasurePrice>
      <AllowDiscount>1</AllowDiscount>
      <ItemStatus>1</ItemStatus>
      <ItemId>245718</ItemId>
    </Item>
    <Item>
      <PriceUpdateDate>2016-06-08 11:49:18</PriceUpdateDate>
      <ItemCode>5014271795980</ItemCode>
      <ItemType>0</ItemType>
      <ItemName>מעדן אוכמניות חמוציו</ItemName>
      <ManufacturerName>סאנטדלפור</ManufacturerName>
      <ManufactureCountry>לא ידוע</ManufactureCountry>
      <ManufacturerItemDescription>מעדן אוכמניות חמוציות סאנדלפור 284 גרם</ManufacturerItemDescription>
      <UnitQty>גרמים</UnitQty>
      <Quantity>284.00</Quantity>
      <UnitOfMeasure>100 גרם</UnitOfMeasure>
      <bIsWeighted>0</bIsWeighted>
      <QtyInPackage>1</QtyInPackage>
      <ItemPrice>18.90</ItemPrice>
      <UnitOfMeasurePrice>6.6549</UnitOfMeasurePrice>
      <AllowDiscount>1</AllowDiscount>
      <ItemStatus>1</ItemStatus>
      <ItemId>245723</ItemId>
    </Item>
    <Item>
      <PriceUpdateDate>2015-01-01 00:00:00</PriceUpdateDate>
      <ItemCode>7290013771216</ItemCode>
      <ItemType>0</ItemType>
      <ItemName>פטאקי 16% 250 גרם</ItemName>
      <ManufacturerName>מחלבת השומרון</ManufacturerName>
      <ManufactureCountry>ישראל</ManufactureCountry>
      <ManufacturerItemDescription>גבינת פטאקי 16% 250 גרם</ManufacturerItemDescription>
      <UnitQty>גרמים</UnitQty>
      <Quantity>250.00</Quantity>
      <UnitOfMeasure>100 גרם</UnitOfMeasure>
      <bIsWeighted>0</bIsWeighted>
      <QtyInPackage>1</QtyInPackage>
      <ItemPrice>10.90</ItemPrice>
      <UnitOfMeasurePrice>4.3600</UnitOfMeasurePrice>
      <AllowDiscount>1</AllowDiscount>
      <ItemStatus>1</ItemStatus>
      <ItemId>245727</ItemId>
    </Item>
    <Item>
      <PriceUpdateDate>2015-01-01 00:00:00</PriceUpdateDate>
      <ItemCode>7290106521612</ItemCode>
      <ItemType>0</ItemType>
      <ItemName>טורטית 1/4 120 גרם</ItemName>
      <ManufacturerName>עלית</ManufacturerName>
      <ManufactureCountry>לא ידוע</ManufactureCountry>
      <ManufacturerItemDescription>טורטית 1/4 160 גרם</ManufacturerItemDescription>
      <UnitQty>גרמים</UnitQty>
      <Quantity>160.00</Quantity>
      <UnitOfMeasure>100 גרם</UnitOfMeasure>
      <bIsWeighted>0</bIsWeighted>
      <QtyInPackage>1</QtyInPackage>
      <ItemPrice>11.90</ItemPrice>
      <UnitOfMeasurePrice>7.4375</UnitOfMeasurePrice>
      <AllowDiscount>1</AllowDiscount>
      <ItemStatus>1</ItemStatus>
      <ItemId>245737</ItemId>
    </Item>
    <Item>
      <PriceUpdateDate>2015-01-01 00:00:00</PriceUpdateDate>
      <ItemCode>4575625</ItemCode>
      <ItemType>0</ItemType>
      <ItemName>מאגדת שלגונים קראנצי</ItemName>
      <ManufacturerName>גלידות ריאו ביח"ר לג</ManufacturerName>
      <ManufactureCountry>לא ידוע</ManufactureCountry>
      <ManufacturerItemDescription>מאגדת שלגונים קראנצי מצופרווה</ManufacturerItemDescription>
      <UnitQty>Unknown </UnitQty>
      <Quantity>0.00</Quantity>
      <UnitOfMeasure>Unknown </UnitOfMeasure>
      <bIsWeighted>0</bIsWeighted>
      <QtyInPackage>1</QtyInPackage>
      <ItemPrice>14.90</ItemPrice>
      <UnitOfMeasurePrice>0.0000</UnitOfMeasurePrice>
      <AllowDiscount>1</AllowDiscount>
      <ItemStatus>1</ItemStatus>
      <ItemId>245742</ItemId>
    </Item>
    <Item>
      <PriceUpdateDate>2015-01-01 00:00:00</PriceUpdateDate>
      <ItemCode>168173</ItemCode>
      <ItemType>0</ItemType>
      <ItemName>ברנפלקס קרנצים 375 ג</ItemName>
      <ManufacturerName>יוניליוור</ManufacturerName>
      <ManufactureCountry>ישראל</ManufactureCountry>
      <ManufacturerItemDescription>ברנפלקס קרנצים 375 גרם</ManufacturerItemDescription>
      <UnitQty>גרמים</UnitQty>
      <Quantity>500.00</Quantity>
      <UnitOfMeasure>100 גרם</UnitOfMeasure>
      <bIsWeighted>0</bIsWeighted>
      <QtyInPackage>1</QtyInPackage>
      <ItemPrice>21.90</ItemPrice>
      <UnitOfMeasurePrice>4.3800</UnitOfMeasurePrice>
      <AllowDiscount>1</AllowDiscount>
      <ItemStatus>1</ItemStatus>
      <ItemId>245760</ItemId>
    </Item>
    <Item>
      <PriceUpdateDate>2015-01-01 00:00:00</PriceUpdateDate>
      <ItemCode>3031757</ItemCode>
      <ItemType>0</ItemType>
      <ItemName>פסטרמה בפפריקה 400 ג</ItemName>
      <ManufacturerName>טירת צבי</ManufacturerName>
      <ManufactureCountry>ישראל</ManufactureCountry>
      <ManufacturerItemDescription>פסטרמה בפפריקה 400 ג מחפוד</ManufacturerItemDescription>
      <UnitQty>גרמים</UnitQty>
      <Quantity>400.00</Quantity>
      <UnitOfMeasure>100 גרם</UnitOfMeasure>
      <bIsWeighted>0</bIsWeighted>
      <QtyInPackage>1</QtyInPackage>
      <ItemPrice>24.90</ItemPrice>
      <UnitOfMeasurePrice>6.2250</UnitOfMeasurePrice>
      <AllowDiscount>1</AllowDiscount>
      <ItemStatus>1</ItemStatus>
      <ItemId>245796</ItemId>
    </Item>
    <Item>
      <PriceUpdateDate>2015-01-01 00:00:00</PriceUpdateDate>
      <ItemCode>7290105180315</ItemCode>
      <ItemType>0</ItemType>
      <ItemName>מארז 4 ננסי קרצוף</ItemName>
      <ManufacturerName>,</ManufacturerName>
      <ManufactureCountry>לא ידוע</ManufactureCountry>
      <ManufacturerItemDescription>מארז 4 ננסי קרצוף</ManufacturerItemDescription>
      <UnitQty>Unknown </UnitQty>
      <Quantity>0.00</Quantity>
      <UnitOfMeasure>Unknown </UnitOfMeasure>
      <bIsWeighted>0</bIsWeighted>
      <QtyInPackage>1</QtyInPackage>
      <ItemPrice>4.90</ItemPrice>
      <UnitOfMeasurePrice>0.0000</UnitOfMeasurePrice>
      <AllowDiscount>1</AllowDiscount>
      <ItemStatus>1</ItemStatus>
      <ItemId>245815</ItemId>
    </Item>
    <Item>
      <PriceUpdateDate>2016-03-13 13:58:57</PriceUpdateDate>
      <ItemCode>6920799</ItemCode>
      <ItemType>0</ItemType>
      <ItemName>גבינה מגורדת פיצרלה</ItemName>
      <ManufacturerName>צי תעשיות מזון יבנה</ManufacturerName>
      <ManufactureCountry>לא ידוע</ManufactureCountry>
      <ManufacturerItemDescription>גבינה מגורדת פיצרלה 700 גרם בד"צ</ManufacturerItemDescription>
      <UnitQty>גרמים</UnitQty>
      <Quantity>700.00</Quantity>
      <UnitOfMeasure>100 גרם</UnitOfMeasure>
      <bIsWeighted>0</bIsWeighted>
      <QtyInPackage>1</QtyInPackage>
      <ItemPrice>25.90</ItemPrice>
      <UnitOfMeasurePrice>3.7000</UnitOfMeasurePrice>
      <AllowDiscount>1</AllowDiscount>
      <ItemStatus>1</ItemStatus>
      <ItemId>245818</ItemId>
    </Item>
    <Item>
      <PriceUpdateDate>2015-01-01 00:00:00</PriceUpdateDate>
      <ItemCode>835811005728</ItemCode>
      <ItemType>0</ItemType>
      <ItemName>עלים לקרמשניט 400 גר</ItemName>
      <ManufacturerName>,</ManufacturerName>
      <ManufactureCountry>לא ידוע</ManufactureCountry>
      <ManufacturerItemDescription>עלים לקרמשניט 400 גרם</ManufacturerItemDescription>
      <UnitQty>גרמים</UnitQty>
      <Quantity>400.00</Quantity>
      <UnitOfMeasure>100 גרם</UnitOfMeasure>
      <bIsWeighted>0</bIsWeighted>
      <QtyInPackage>1</QtyInPackage>
      <ItemPrice>17.90</ItemPrice>
      <UnitOfMeasurePrice>4.4750</UnitOfMeasurePrice>
      <AllowDiscount>1</AllowDiscount>
      <ItemStatus>1</ItemStatus>
      <ItemId>245819</ItemId>
    </Item>
    <Item>
      <PriceUpdateDate>2015-07-08 16:03:23</PriceUpdateDate>
      <ItemCode>7290014758544</ItemCode>
      <ItemType>0</ItemType>
      <ItemName>חמאה 200 גרם בד"צ</ItemName>
      <ManufacturerName>תנובה מרכז שיתופי לש</ManufacturerName>
      <ManufactureCountry>לא ידוע</ManufactureCountry>
      <ManufacturerItemDescription>חמאה 200 גרם בד"צ</ManufacturerItemDescription>
      <UnitQty>גרמים</UnitQty>
      <Quantity>200.00</Quantity>
      <UnitOfMeasure>100 גרם</UnitOfMeasure>
      <bIsWeighted>0</bIsWeighted>
      <QtyInPackage>1</QtyInPackage>
      <ItemPrice>7.50</ItemPrice>
      <UnitOfMeasurePrice>3.7500</UnitOfMeasurePrice>
      <AllowDiscount>1</AllowDiscount>
      <ItemStatus>1</ItemStatus>
      <ItemId>245820</ItemId>
    </Item>
    <Item>
      <PriceUpdateDate>2015-12-02 10:25:03</PriceUpdateDate>
      <ItemCode>8076802085738</ItemCode>
      <ItemType>0</ItemType>
      <ItemName>פסטה ברילה פנה רגטה</ItemName>
      <ManufacturerName>ברילה</ManufacturerName>
      <ManufactureCountry>ישראל</ManufactureCountry>
      <ManufacturerItemDescription>פסטה ברילה פנה רגטה 500 גרם</ManufacturerItemDescription>
      <UnitQty>גרמים</UnitQty>
      <Quantity>500.00</Quantity>
      <UnitOfMeasure>100 גרם</UnitOfMeasure>
      <bIsWeighted>0</bIsWeighted>
      <QtyInPackage>1</QtyInPackage>
      <ItemPrice>4.90</ItemPrice>
      <UnitOfMeasurePrice>0.9800</UnitOfMeasurePrice>
      <AllowDiscount>1</AllowDiscount>
      <ItemStatus>1</ItemStatus>
      <ItemId>245835</ItemId>
    </Item>
    <Item>
      <PriceUpdateDate>2015-12-02 10:25:03</PriceUpdateDate>
      <ItemCode>8076800195033</ItemCode>
      <ItemType>0</ItemType>
      <ItemName>ספגטי ברילה מס 3 500</ItemName>
      <ManufacturerName>ברילה</ManufacturerName>
      <ManufactureCountry>איטליה</ManufactureCountry>
      <ManufacturerItemDescription>ספגטי ברילה מס 3 500 גרם</ManufacturerItemDescription>
      <UnitQty>גרמים</UnitQty>
      <Quantity>500.00</Quantity>
      <UnitOfMeasure>100 גרם</UnitOfMeasure>
      <bIsWeighted>0</bIsWeighted>
      <QtyInPackage>1</QtyInPackage>
      <ItemPrice>4.90</ItemPrice>
      <UnitOfMeasurePrice>0.9800</UnitOfMeasurePrice>
      <AllowDiscount>1</AllowDiscount>
      <ItemStatus>1</ItemStatus>
      <ItemId>245838</ItemId>
    </Item>
    <Item>
      <PriceUpdateDate>2015-12-02 10:25:03</PriceUpdateDate>
      <ItemCode>8076800195057</ItemCode>
      <ItemType>0</ItemType>
      <ItemName>ספגטי ברילה מס 5 500</ItemName>
      <ManufacturerName>ברילה</ManufacturerName>
      <ManufactureCountry>איטליה</ManufactureCountry>
      <ManufacturerItemDescription>ספגטי ברילה מס 5 500 גרם</ManufacturerItemDescription>
      <UnitQty>גרמים</UnitQty>
      <Quantity>500.00</Quantity>
      <UnitOfMeasure>100 גרם</UnitOfMeasure>
      <bIsWeighted>0</bIsWeighted>
      <QtyInPackage>1</QtyInPackage>
      <ItemPrice>4.90</ItemPrice>
      <UnitOfMeasurePrice>0.9800</UnitOfMeasurePrice>
      <AllowDiscount>1</AllowDiscount>
      <ItemStatus>1</ItemStatus>
      <ItemId>245839</ItemId>
    </Item>
    <Item>
      <PriceUpdateDate>2015-12-02 10:25:03</PriceUpdateDate>
      <ItemCode>8076808150072</ItemCode>
      <ItemType>0</ItemType>
      <ItemName>ספגטי ברילה מס 7 500</ItemName>
      <ManufacturerName>ברילה</ManufacturerName>
      <ManufactureCountry>איטליה</ManufactureCountry>
      <ManufacturerItemDescription>ספגטי ברילה מס 7 500 גרם</ManufacturerItemDescription>
      <UnitQty>גרמים</UnitQty>
      <Quantity>500.00</Quantity>
      <UnitOfMeasure>100 גרם</UnitOfMeasure>
      <bIsWeighted>0</bIsWeighted>
      <QtyInPackage>1</QtyInPackage>
      <ItemPrice>4.90</ItemPrice>
      <UnitOfMeasurePrice>0.9800</UnitOfMeasurePrice>
      <AllowDiscount>1</AllowDiscount>
      <ItemStatus>1</ItemStatus>
      <ItemId>245840</ItemId>
    </Item>
    <Item>
      <PriceUpdateDate>2015-12-02 10:25:03</PriceUpdateDate>
      <ItemCode>8076808060654</ItemCode>
      <ItemType>0</ItemType>
      <ItemName>פרפלה ברילה</ItemName>
      <ManufacturerName>ברילה</ManufacturerName>
      <ManufactureCountry>ישראל</ManufactureCountry>
      <ManufacturerItemDescription>פרפלה ברילה מס 65 500 גרם</ManufacturerItemDescription>
      <UnitQty>גרמים</UnitQty>
      <Quantity>500.00</Quantity>
      <UnitOfMeasure>100 גרם</UnitOfMeasure>
      <bIsWeighted>0</bIsWeighted>
      <QtyInPackage>1</QtyInPackage>
      <ItemPrice>4.90</ItemPrice>
      <UnitOfMeasurePrice>0.9800</UnitOfMeasurePrice>
      <AllowDiscount>1</AllowDiscount>
      <ItemStatus>1</ItemStatus>
      <ItemId>245844</ItemId>
    </Item>
    <Item>
      <PriceUpdateDate>2015-12-02 10:25:03</PriceUpdateDate>
      <ItemCode>8076802085981</ItemCode>
      <ItemType>0</ItemType>
      <ItemName>פסטה ברילה פוזילי 50</ItemName>
      <ManufacturerName>ברילה</ManufacturerName>
      <ManufactureCountry>איטליה</ManufactureCountry>
      <ManufacturerItemDescription>פסטה ברילה פוזילי 500 גרם</ManufacturerItemDescription>
      <UnitQty>גרמים</UnitQty>
      <Quantity>500.00</Quantity>
      <UnitOfMeasure>100 גרם</UnitOfMeasure>
      <bIsWeighted>0</bIsWeighted>
      <QtyInPackage>1</QtyInPackage>
      <ItemPrice>4.90</ItemPrice>
      <UnitOfMeasurePrice>0.9800</UnitOfMeasurePrice>
      <AllowDiscount>1</AllowDiscount>
      <ItemStatus>1</ItemStatus>
      <ItemId>245845</ItemId>
    </Item>
    <Item>
      <PriceUpdateDate>2015-12-02 10:25:03</PriceUpdateDate>
      <ItemCode>8076809512268</ItemCode>
      <ItemType>0</ItemType>
      <ItemName>פסטה ברילה גירנדולה</ItemName>
      <ManufacturerName>ברילה</ManufacturerName>
      <ManufactureCountry>איטליה</ManufactureCountry>
      <ManufacturerItemDescription>פסטה ברילה גירנדולה 500 גרם</ManufacturerItemDescription>
      <UnitQty>גרמים</UnitQty>
      <Quantity>500.00</Quantity>
      <UnitOfMeasure>100 גרם</UnitOfMeasure>
      <bIsWeighted>0</bIsWeighted>
      <QtyInPackage>1</QtyInPackage>
      <ItemPrice>4.90</ItemPrice>
      <UnitOfMeasurePrice>0.9800</UnitOfMeasurePrice>
      <AllowDiscount>1</AllowDiscount>
      <ItemStatus>1</ItemStatus>
      <ItemId>245846</ItemId>
    </Item>
    <Item>
      <PriceUpdateDate>2015-01-01 00:00:00</PriceUpdateDate>
      <ItemCode>8076809523738</ItemCode>
      <ItemType>0</ItemType>
      <ItemName>לזניה ברילה 500 גרם</ItemName>
      <ManufacturerName>ברילה</ManufacturerName>
      <ManufactureCountry>איטליה</ManufactureCountry>
      <ManufacturerItemDescription>לזניה ברילה 500 גרם</ManufacturerItemDescription>
      <UnitQty>גרמים</UnitQty>
      <Quantity>500.00</Quantity>
      <UnitOfMeasure>100 גרם</UnitOfMeasure>
      <bIsWeighted>0</bIsWeighted>
      <QtyInPackage>1</QtyInPackage>
      <ItemPrice>14.90</ItemPrice>
      <UnitOfMeasurePrice>2.9800</UnitOfMeasurePrice>
      <AllowDiscount>1</AllowDiscount>
      <ItemStatus>1</ItemStatus>
      <ItemId>245853</ItemId>
    </Item>
    <Item>
      <PriceUpdateDate>2015-12-11 08:07:20</PriceUpdateDate>
      <ItemCode>7290100929728</ItemCode>
      <ItemType>0</ItemType>
      <ItemName>מרכך כביסה סוד ארומה</ItemName>
      <ManufacturerName>הנקל סוד</ManufacturerName>
      <ManufactureCountry>לא ידוע</ManufactureCountry>
      <ManufacturerItemDescription>מ.כביסה סוד ארומה סגול 900 מ"ל</ManufacturerItemDescription>
      <UnitQty>מיליליטרים</UnitQty>
      <Quantity>900.00</Quantity>
      <UnitOfMeasure>100 מ"ל</UnitOfMeasure>
      <bIsWeighted>0</bIsWeighted>
      <QtyInPackage>1</QtyInPackage>
      <ItemPrice>14.90</ItemPrice>
      <UnitOfMeasurePrice>1.6556</UnitOfMeasurePrice>
      <AllowDiscount>1</AllowDiscount>
      <ItemStatus>1</ItemStatus>
      <ItemId>245911</ItemId>
    </Item>
    <Item>
      <PriceUpdateDate>2015-12-11 08:07:20</PriceUpdateDate>
      <ItemCode>7290100929742</ItemCode>
      <ItemType>0</ItemType>
      <ItemName>מרכך כביסה סוד ארומה</ItemName>
      <ManufacturerName>הנקל סוד</ManufacturerName>
      <ManufactureCountry>לא ידוע</ManufactureCountry>
      <ManufacturerItemDescription>מ.כביסה סוד ארומה זהב 900 מ"ל</ManufacturerItemDescription>
      <UnitQty>מיליליטרים</UnitQty>
      <Quantity>900.00</Quantity>
      <UnitOfMeasure>100 מ"ל</UnitOfMeasure>
      <bIsWeighted>0</bIsWeighted>
      <QtyInPackage>1</QtyInPackage>
      <ItemPrice>14.90</ItemPrice>
      <UnitOfMeasurePrice>1.6556</UnitOfMeasurePrice>
      <AllowDiscount>1</AllowDiscount>
      <ItemStatus>1</ItemStatus>
      <ItemId>245912</ItemId>
    </Item>
    <Item>
      <PriceUpdateDate>2015-12-11 08:07:20</PriceUpdateDate>
      <ItemCode>7290100929735</ItemCode>
      <ItemType>0</ItemType>
      <ItemName>מרכך כביסה סוד ארומה</ItemName>
      <ManufacturerName>הנקל סוד</ManufacturerName>
      <ManufactureCountry>לא ידוע</ManufactureCountry>
      <ManufacturerItemDescription>מ.כביסה סוד ארומה כחול 900 מ"ל.</ManufacturerItemDescription>
      <UnitQty>מיליליטרים</UnitQty>
      <Quantity>900.00</Quantity>
      <UnitOfMeasure>100 מ"ל</UnitOfMeasure>
      <bIsWeighted>0</bIsWeighted>
      <QtyInPackage>1</QtyInPackage>
      <ItemPrice>14.90</ItemPrice>
      <UnitOfMeasurePrice>1.6556</UnitOfMeasurePrice>
      <AllowDiscount>1</AllowDiscount>
      <ItemStatus>1</ItemStatus>
      <ItemId>245913</ItemId>
    </Item>
    <Item>
      <PriceUpdateDate>2015-01-01 00:00:00</PriceUpdateDate>
      <ItemCode>7613500107105</ItemCode>
      <ItemType>0</ItemType>
      <ItemName>רפידות הנקה גונסונס</ItemName>
      <ManufacturerName>גונסון</ManufacturerName>
      <ManufactureCountry>צרפת</ManufactureCountry>
      <ManufacturerItemDescription>רפידות הנקה גונסונס בייבי 50 יח</ManufacturerItemDescription>
      <UnitQty>Unknown </UnitQty>
      <Quantity>0.00</Quantity>
      <UnitOfMeasure>Unknown </UnitOfMeasure>
      <bIsWeighted>0</bIsWeighted>
      <QtyInPackage>1</QtyInPackage>
      <ItemPrice>29.90</ItemPrice>
      <UnitOfMeasurePrice>0.0000</UnitOfMeasurePrice>
      <AllowDiscount>1</AllowDiscount>
      <ItemStatus>1</ItemStatus>
      <ItemId>245914</ItemId>
    </Item>
    <Item>
      <PriceUpdateDate>2016-01-19 11:52:43</PriceUpdateDate>
      <ItemCode>8712561650366</ItemCode>
      <ItemType>1</ItemType>
      <ItemName>גל רחצה אקס בלק 410</ItemName>
      <ManufacturerName>יוניליוור</ManufacturerName>
      <ManufactureCountry>גרמניה</ManufactureCountry>
      <ManufacturerItemDescription>גל רחצה אקס בלק 410 מ"ל</ManufacturerItemDescription>
      <UnitQty>מיליליטרים</UnitQty>
      <Quantity>410.00</Quantity>
      <UnitOfMeasure>100 מ"ל</UnitOfMeasure>
      <bIsWeighted>0</bIsWeighted>
      <QtyInPackage>1</QtyInPackage>
      <ItemPrice>9.90</ItemPrice>
      <UnitOfMeasurePrice>2.4146</UnitOfMeasurePrice>
      <AllowDiscount>1</AllowDiscount>
      <ItemStatus>1</ItemStatus>
      <ItemId>266580</ItemId>
    </Item>
    <Item>
      <PriceUpdateDate>2015-01-01 00:00:00</PriceUpdateDate>
      <ItemCode>5008481</ItemCode>
      <ItemType>0</ItemType>
      <ItemName>דאודורנט ספיד סטיק ג</ItemName>
      <ManufacturerName>קולגייט פלמוליב</ManufacturerName>
      <ManufactureCountry>ארצות הברית</ManufactureCountry>
      <ManufacturerItemDescription>דאודורנט ספיד סטיק גל בסיסי ספורט לגבר</ManufacturerItemDescription>
      <UnitQty>Unknown </UnitQty>
      <Quantity>0.00</Quantity>
      <UnitOfMeasure>Unknown </UnitOfMeasure>
      <bIsWeighted>0</bIsWeighted>
      <QtyInPackage>1</QtyInPackage>
      <ItemPrice>19.90</ItemPrice>
      <UnitOfMeasurePrice>0.0000</UnitOfMeasurePrice>
      <AllowDiscount>1</AllowDiscount>
      <ItemStatus>1</ItemStatus>
      <ItemId>245927</ItemId>
    </Item>
    <Item>
      <PriceUpdateDate>2015-01-01 00:00:00</PriceUpdateDate>
      <ItemCode>7290014397286</ItemCode>
      <ItemType>0</ItemType>
      <ItemName>מרכך כביסה מקסימה קר</ItemName>
      <ManufacturerName>סנו</ManufacturerName>
      <ManufactureCountry>לא ידוע</ManufactureCountry>
      <ManufacturerItemDescription>מ.כביסה מקסימה קר חלב ודבש 1 ליטר</ManufacturerItemDescription>
      <UnitQty>ליטרים</UnitQty>
      <Quantity>1.00</Quantity>
      <UnitOfMeasure>ליטר    </UnitOfMeasure>
      <bIsWeighted>0</bIsWeighted>
      <QtyInPackage>1</QtyInPackage>
      <ItemPrice>9.90</ItemPrice>
      <UnitOfMeasurePrice>9.9000</UnitOfMeasurePrice>
      <AllowDiscount>1</AllowDiscount>
      <ItemStatus>1</ItemStatus>
      <ItemId>245929</ItemId>
    </Item>
    <Item>
      <PriceUpdateDate>2015-01-01 00:00:00</PriceUpdateDate>
      <ItemCode>7290014397293</ItemCode>
      <ItemType>0</ItemType>
      <ItemName>מרכך כביסה מקסימה קר</ItemName>
      <ManufacturerName>סנו</ManufacturerName>
      <ManufactureCountry>לא ידוע</ManufactureCountry>
      <ManufacturerItemDescription>מ.כביסה מקסימה קר פריחה לבנה  1 ליטר</ManufacturerItemDescription>
      <UnitQty>ליטרים</UnitQty>
      <Quantity>1.00</Quantity>
      <UnitOfMeasure>ליטר    </UnitOfMeasure>
      <bIsWeighted>0</bIsWeighted>
      <QtyInPackage>1</QtyInPackage>
      <ItemPrice>9.90</ItemPrice>
      <UnitOfMeasurePrice>9.9000</UnitOfMeasurePrice>
      <AllowDiscount>1</AllowDiscount>
      <ItemStatus>1</ItemStatus>
      <ItemId>245930</ItemId>
    </Item>
    <Item>
      <PriceUpdateDate>2015-01-01 00:00:00</PriceUpdateDate>
      <ItemCode>7290013269003</ItemCode>
      <ItemType>0</ItemType>
      <ItemName>מרכך כביסה מקסימה קר</ItemName>
      <ManufacturerName>סנו</ManufacturerName>
      <ManufactureCountry>לא ידוע</ManufactureCountry>
      <ManufacturerItemDescription>מ.כביסה מקסימה קר בייבי 1 ליטר</ManufacturerItemDescription>
      <UnitQty>ליטרים</UnitQty>
      <Quantity>1.00</Quantity>
      <UnitOfMeasure>ליטר    </UnitOfMeasure>
      <bIsWeighted>0</bIsWeighted>
      <QtyInPackage>1</QtyInPackage>
      <ItemPrice>9.90</ItemPrice>
      <UnitOfMeasurePrice>9.9000</UnitOfMeasurePrice>
      <AllowDiscount>1</AllowDiscount>
      <ItemStatus>1</ItemStatus>
      <ItemId>245931</ItemId>
    </Item>
    <Item>
      <PriceUpdateDate>2015-01-01 00:00:00</PriceUpdateDate>
      <ItemCode>7290014397453</ItemCode>
      <ItemType>0</ItemType>
      <ItemName>סנו אוקסיגן גל 3 ליט</ItemName>
      <ManufacturerName>סנו</ManufacturerName>
      <ManufactureCountry>לא ידוע</ManufactureCountry>
      <ManufacturerItemDescription>סנו אוקסיגן גל 3 ליטר כביסה לבנה</ManufacturerItemDescription>
      <UnitQty>ליטרים</UnitQty>
      <Quantity>3.00</Quantity>
      <UnitOfMeasure>ליטר    </UnitOfMeasure>
      <bIsWeighted>0</bIsWeighted>
      <QtyInPackage>1</QtyInPackage>
      <ItemPrice>24.90</ItemPrice>
      <UnitOfMeasurePrice>8.3000</UnitOfMeasurePrice>
      <AllowDiscount>1</AllowDiscount>
      <ItemStatus>1</ItemStatus>
      <ItemId>245932</ItemId>
    </Item>
    <Item>
      <PriceUpdateDate>2015-09-20 12:57:37</PriceUpdateDate>
      <ItemCode>7290014397675</ItemCode>
      <ItemType>0</ItemType>
      <ItemName>מ.כביסה מקסימה קאר 4</ItemName>
      <ManufacturerName>סנו</ManufacturerName>
      <ManufactureCountry>לא ידוע</ManufactureCountry>
      <ManufacturerItemDescription>מ.כביסה מקסימה קאר 4 ליטר</ManufacturerItemDescription>
      <UnitQty>ליטרים</UnitQty>
      <Quantity>4.00</Quantity>
      <UnitOfMeasure>ליטר    </UnitOfMeasure>
      <bIsWeighted>0</bIsWeighted>
      <QtyInPackage>1</QtyInPackage>
      <ItemPrice>13.90</ItemPrice>
      <UnitOfMeasurePrice>3.4750</UnitOfMeasurePrice>
      <AllowDiscount>1</AllowDiscount>
      <ItemStatus>1</ItemStatus>
      <ItemId>245933</ItemId>
    </Item>
    <Item>
      <PriceUpdateDate>2015-12-11 08:10:13</PriceUpdateDate>
      <ItemCode>2016243</ItemCode>
      <ItemType>0</ItemType>
      <ItemName>ממרח עגבניות מיובשות</ItemName>
      <ManufacturerName>,</ManufacturerName>
      <ManufactureCountry>לא ידוע</ManufactureCountry>
      <ManufacturerItemDescription>ממרח עגבניות מיובשות צנצנת 230 גרם OU</ManufacturerItemDescription>
      <UnitQty>גרמים</UnitQty>
      <Quantity>230.00</Quantity>
      <UnitOfMeasure>100 גרם</UnitOfMeasure>
      <bIsWeighted>0</bIsWeighted>
      <QtyInPackage>1</QtyInPackage>
      <ItemPrice>12.90</ItemPrice>
      <UnitOfMeasurePrice>5.6087</UnitOfMeasurePrice>
      <AllowDiscount>1</AllowDiscount>
      <ItemStatus>1</ItemStatus>
      <ItemId>245945</ItemId>
    </Item>
    <Item>
      <PriceUpdateDate>2015-12-11 08:10:13</PriceUpdateDate>
      <ItemCode>2016236</ItemCode>
      <ItemType>0</ItemType>
      <ItemName>ממרח פסטו בזיליקום צ</ItemName>
      <ManufacturerName>,</ManufacturerName>
      <ManufactureCountry>לא ידוע</ManufactureCountry>
      <ManufacturerItemDescription>ממרח פסטו בזיליקום צנצנת 230 גרם OU</ManufacturerItemDescription>
      <UnitQty>גרמים</UnitQty>
      <Quantity>230.00</Quantity>
      <UnitOfMeasure>100 גרם</UnitOfMeasure>
      <bIsWeighted>0</bIsWeighted>
      <QtyInPackage>1</QtyInPackage>
      <ItemPrice>12.90</ItemPrice>
      <UnitOfMeasurePrice>5.6087</UnitOfMeasurePrice>
      <AllowDiscount>1</AllowDiscount>
      <ItemStatus>1</ItemStatus>
      <ItemId>245946</ItemId>
    </Item>
    <Item>
      <PriceUpdateDate>2015-09-06 16:52:01</PriceUpdateDate>
      <ItemCode>7290101867135</ItemCode>
      <ItemType>0</ItemType>
      <ItemName>גל כביסה קולון 101 5</ItemName>
      <ManufacturerName>רקיט בנקיזר</ManufacturerName>
      <ManufactureCountry>ישראל</ManufactureCountry>
      <ManufacturerItemDescription>גל כביסה קולון 101 5 ליטר</ManufacturerItemDescription>
      <UnitQty>ליטרים</UnitQty>
      <Quantity>5.00</Quantity>
      <UnitOfMeasure>ליטר    </UnitOfMeasure>
      <bIsWeighted>0</bIsWeighted>
      <QtyInPackage>1</QtyInPackage>
      <ItemPrice>34.90</ItemPrice>
      <UnitOfMeasurePrice>6.9800</UnitOfMeasurePrice>
      <AllowDiscount>1</AllowDiscount>
      <ItemStatus>1</ItemStatus>
      <ItemId>245955</ItemId>
    </Item>
    <Item>
      <PriceUpdateDate>2015-01-01 00:00:00</PriceUpdateDate>
      <ItemCode>688503</ItemCode>
      <ItemType>0</ItemType>
      <ItemName>מי עדן ספורט שישיה *</ItemName>
      <ManufacturerName>מי עדן</ManufacturerName>
      <ManufactureCountry>לא ידוע</ManufactureCountry>
      <ManufacturerItemDescription>מי עדן ספורט שישיה * 750 מ"ל</ManufacturerItemDescription>
      <UnitQty>ליטרים</UnitQty>
      <Quantity>4.50</Quantity>
      <UnitOfMeasure>ליטר    </UnitOfMeasure>
      <bIsWeighted>0</bIsWeighted>
      <QtyInPackage>1</QtyInPackage>
      <ItemPrice>16.70</ItemPrice>
      <UnitOfMeasurePrice>3.7111</UnitOfMeasurePrice>
      <AllowDiscount>1</AllowDiscount>
      <ItemStatus>1</ItemStatus>
      <ItemId>245964</ItemId>
    </Item>
    <Item>
      <PriceUpdateDate>2015-09-09 15:22:00</PriceUpdateDate>
      <ItemCode>8464130</ItemCode>
      <ItemType>0</ItemType>
      <ItemName>בירה גולדסטאר בקבוק</ItemName>
      <ManufacturerName>טמפו</ManufacturerName>
      <ManufactureCountry>לא ידוע</ManufactureCountry>
      <ManufacturerItemDescription>בירה גולדסטאר בקבוק 6*330 מ"ל 4.9% אלכוה</ManufacturerItemDescription>
      <UnitQty>ליטרים</UnitQty>
      <Quantity>1.98</Quantity>
      <UnitOfMeasure>ליטר    </UnitOfMeasure>
      <bIsWeighted>0</bIsWeighted>
      <QtyInPackage>1</QtyInPackage>
      <ItemPrice>34.90</ItemPrice>
      <UnitOfMeasurePrice>17.6263</UnitOfMeasurePrice>
      <AllowDiscount>1</AllowDiscount>
      <ItemStatus>1</ItemStatus>
      <ItemId>245971</ItemId>
    </Item>
    <Item>
      <PriceUpdateDate>2015-01-01 00:00:00</PriceUpdateDate>
      <ItemCode>7290013440648</ItemCode>
      <ItemType>0</ItemType>
      <ItemName>מאגדת אבטיח 5 יח</ItemName>
      <ManufacturerName>גלידות נסטלה</ManufacturerName>
      <ManufactureCountry>לא ידוע</ManufactureCountry>
      <ManufacturerItemDescription>מאגדת אבטיח 5 יח</ManufacturerItemDescription>
      <UnitQty>גרמים</UnitQty>
      <Quantity>468.00</Quantity>
      <UnitOfMeasure>100 גרם</UnitOfMeasure>
      <bIsWeighted>0</bIsWeighted>
      <QtyInPackage>1</QtyInPackage>
      <ItemPrice>18.90</ItemPrice>
      <UnitOfMeasurePrice>4.0385</UnitOfMeasurePrice>
      <AllowDiscount>1</AllowDiscount>
      <ItemStatus>1</ItemStatus>
      <ItemId>246037</ItemId>
    </Item>
    <Item>
      <PriceUpdateDate>2015-01-01 00:00:00</PriceUpdateDate>
      <ItemCode>6001067025122</ItemCode>
      <ItemType>0</ItemType>
      <ItemName>משחת שיניים קולגייט</ItemName>
      <ManufacturerName>קולגייט פלמוליב</ManufacturerName>
      <ManufactureCountry>ברזיל</ManufactureCountry>
      <ManufacturerItemDescription>משחת שיניים קולגייט מקס וויט 100 מל</ManufacturerItemDescription>
      <UnitQty>מיליליטרים</UnitQty>
      <Quantity>100.00</Quantity>
      <UnitOfMeasure>100 מ"ל</UnitOfMeasure>
      <bIsWeighted>0</bIsWeighted>
      <QtyInPackage>1</QtyInPackage>
      <ItemPrice>18.90</ItemPrice>
      <UnitOfMeasurePrice>18.9000</UnitOfMeasurePrice>
      <AllowDiscount>1</AllowDiscount>
      <ItemStatus>1</ItemStatus>
      <ItemId>246043</ItemId>
    </Item>
    <Item>
      <PriceUpdateDate>2015-01-01 00:00:00</PriceUpdateDate>
      <ItemCode>35000764522</ItemCode>
      <ItemType>0</ItemType>
      <ItemName>משחת שיניים קולגייט</ItemName>
      <ManufacturerName>קולגייט פלמוליב</ManufacturerName>
      <ManufactureCountry>לא ידוע</ManufactureCountry>
      <ManufacturerItemDescription>משחת שיניים קולגייט מקס פרש כחול 100 מ"ל</ManufacturerItemDescription>
      <UnitQty>מיליליטרים</UnitQty>
      <Quantity>100.00</Quantity>
      <UnitOfMeasure>100 מ"ל</UnitOfMeasure>
      <bIsWeighted>0</bIsWeighted>
      <QtyInPackage>1</QtyInPackage>
      <ItemPrice>18.90</ItemPrice>
      <UnitOfMeasurePrice>18.9000</UnitOfMeasurePrice>
      <AllowDiscount>1</AllowDiscount>
      <ItemStatus>1</ItemStatus>
      <ItemId>246044</ItemId>
    </Item>
    <Item>
      <PriceUpdateDate>2015-01-01 00:00:00</PriceUpdateDate>
      <ItemCode>7891024124826</ItemCode>
      <ItemType>0</ItemType>
      <ItemName>משחת שיניים קולגייט</ItemName>
      <ManufacturerName>קולגייט פלמוליב</ManufacturerName>
      <ManufactureCountry>ישראל</ManufactureCountry>
      <ManufacturerItemDescription>משחת שיניים קולגייט  אופטיק וייט 75 גרם</ManufacturerItemDescription>
      <UnitQty>מיליליטרים</UnitQty>
      <Quantity>75.00</Quantity>
      <UnitOfMeasure>100 מ"ל</UnitOfMeasure>
      <bIsWeighted>0</bIsWeighted>
      <QtyInPackage>1</QtyInPackage>
      <ItemPrice>16.90</ItemPrice>
      <UnitOfMeasurePrice>22.5333</UnitOfMeasurePrice>
      <AllowDiscount>1</AllowDiscount>
      <ItemStatus>1</ItemStatus>
      <ItemId>246045</ItemId>
    </Item>
    <Item>
      <PriceUpdateDate>2015-01-01 00:00:00</PriceUpdateDate>
      <ItemCode>25675094710</ItemCode>
      <ItemType>0</ItemType>
      <ItemName>לקקן טופי יוגורט 50</ItemName>
      <ManufacturerName>dori</ManufacturerName>
      <ManufactureCountry>ספרד</ManufactureCountry>
      <ManufacturerItemDescription>לקקן טופי יוגורט 50 יח</ManufacturerItemDescription>
      <UnitQty>גרמים</UnitQty>
      <Quantity>540.00</Quantity>
      <UnitOfMeasure>100 גרם</UnitOfMeasure>
      <bIsWeighted>0</bIsWeighted>
      <QtyInPackage>1</QtyInPackage>
      <ItemPrice>15.90</ItemPrice>
      <UnitOfMeasurePrice>2.9444</UnitOfMeasurePrice>
      <AllowDiscount>1</AllowDiscount>
      <ItemStatus>1</ItemStatus>
      <ItemId>246093</ItemId>
    </Item>
    <Item>
      <PriceUpdateDate>2015-01-01 00:00:00</PriceUpdateDate>
      <ItemCode>6764058</ItemCode>
      <ItemType>0</ItemType>
      <ItemName>בירה נשר לבן חוזר 50</ItemName>
      <ManufacturerName>טמפו</ManufacturerName>
      <ManufactureCountry>לא ידוע</ManufactureCountry>
      <ManufacturerItemDescription>בירה נשר לבן חוזר 500 מ"ל 3.8% אלכוהול</ManufacturerItemDescription>
      <UnitQty>מיליליטרים</UnitQty>
      <Quantity>500.00</Quantity>
      <UnitOfMeasure>100 מ"ל</UnitOfMeasure>
      <bIsWeighted>0</bIsWeighted>
      <QtyInPackage>1</QtyInPackage>
      <ItemPrice>5.40</ItemPrice>
      <UnitOfMeasurePrice>1.0800</UnitOfMeasurePrice>
      <AllowDiscount>1</AllowDiscount>
      <ItemStatus>1</ItemStatus>
      <ItemId>246096</ItemId>
    </Item>
    <Item>
      <PriceUpdateDate>2015-01-01 00:00:00</PriceUpdateDate>
      <ItemCode>8493390</ItemCode>
      <ItemType>0</ItemType>
      <ItemName>גריסיני טבעי 200 ג</ItemName>
      <ManufacturerName>מאיר בייגל</ManufacturerName>
      <ManufactureCountry>לא ידוע</ManufactureCountry>
      <ManufacturerItemDescription>גריסיני טבעי 200 ג</ManufacturerItemDescription>
      <UnitQty>גרמים</UnitQty>
      <Quantity>200.00</Quantity>
      <UnitOfMeasure>100 גרם</UnitOfMeasure>
      <bIsWeighted>0</bIsWeighted>
      <QtyInPackage>1</QtyInPackage>
      <ItemPrice>8.90</ItemPrice>
      <UnitOfMeasurePrice>4.4500</UnitOfMeasurePrice>
      <AllowDiscount>1</AllowDiscount>
      <ItemStatus>1</ItemStatus>
      <ItemId>246107</ItemId>
    </Item>
    <Item>
      <PriceUpdateDate>2015-01-01 00:00:00</PriceUpdateDate>
      <ItemCode>8493406</ItemCode>
      <ItemType>0</ItemType>
      <ItemName>גריסיני שומשום 175 ג</ItemName>
      <ManufacturerName>מאיר בייגל</ManufacturerName>
      <ManufactureCountry>לא ידוע</ManufactureCountry>
      <ManufacturerItemDescription>גריסיני שומשום 175 ג</ManufacturerItemDescription>
      <UnitQty>גרמים</UnitQty>
      <Quantity>175.00</Quantity>
      <UnitOfMeasure>100 גרם</UnitOfMeasure>
      <bIsWeighted>0</bIsWeighted>
      <QtyInPackage>1</QtyInPackage>
      <ItemPrice>8.90</ItemPrice>
      <UnitOfMeasurePrice>5.0857</UnitOfMeasurePrice>
      <AllowDiscount>1</AllowDiscount>
      <ItemStatus>1</ItemStatus>
      <ItemId>246108</ItemId>
    </Item>
    <Item>
      <PriceUpdateDate>2015-01-01 00:00:00</PriceUpdateDate>
      <ItemCode>7290106651173</ItemCode>
      <ItemType>0</ItemType>
      <ItemName>טעמי 1/4 160 ג מגדים</ItemName>
      <ManufacturerName>,</ManufacturerName>
      <ManufactureCountry>לא ידוע</ManufactureCountry>
      <ManufacturerItemDescription>טעמי 1/4 160 ג מגדים</ManufacturerItemDescription>
      <UnitQty>גרמים</UnitQty>
      <Quantity>160.00</Quantity>
      <UnitOfMeasure>100 גרם</UnitOfMeasure>
      <bIsWeighted>0</bIsWeighted>
      <QtyInPackage>1</QtyInPackage>
      <ItemPrice>11.90</ItemPrice>
      <UnitOfMeasurePrice>7.4375</UnitOfMeasurePrice>
      <AllowDiscount>1</AllowDiscount>
      <ItemStatus>1</ItemStatus>
      <ItemId>246135</ItemId>
    </Item>
    <Item>
      <PriceUpdateDate>2015-01-01 00:00:00</PriceUpdateDate>
      <ItemCode>7290106651265</ItemCode>
      <ItemType>0</ItemType>
      <ItemName>פסק זמן קלאסי 1/3 OU</ItemName>
      <ManufacturerName>שטראוס</ManufacturerName>
      <ManufactureCountry>לא ידוע</ManufactureCountry>
      <ManufacturerItemDescription>פסק זמן קלאסי 1/3 מגדים</ManufacturerItemDescription>
      <UnitQty>גרמים</UnitQty>
      <Quantity>135.00</Quantity>
      <UnitOfMeasure>100 גרם</UnitOfMeasure>
      <bIsWeighted>0</bIsWeighted>
      <QtyInPackage>1</QtyInPackage>
      <ItemPrice>11.90</ItemPrice>
      <UnitOfMeasurePrice>8.8148</UnitOfMeasurePrice>
      <AllowDiscount>1</AllowDiscount>
      <ItemStatus>1</ItemStatus>
      <ItemId>246137</ItemId>
    </Item>
    <Item>
      <PriceUpdateDate>2015-01-01 00:00:00</PriceUpdateDate>
      <ItemCode>96619507870</ItemCode>
      <ItemType>0</ItemType>
      <ItemName>שקיות אשפה גדול 200</ItemName>
      <ManufacturerName>,</ManufacturerName>
      <ManufactureCountry>לא ידוע</ManufactureCountry>
      <ManufacturerItemDescription>שקיות אשפה גדול 200 יח קירקלנד</ManufacturerItemDescription>
      <UnitQty>לא מנהל יחידת מידה</UnitQty>
      <Quantity>0.00</Quantity>
      <UnitOfMeasure>לא מנהל יחידת מידה</UnitOfMeasure>
      <bIsWeighted>0</bIsWeighted>
      <QtyInPackage>1</QtyInPackage>
      <ItemPrice>89.90</ItemPrice>
      <UnitOfMeasurePrice>0.0000</UnitOfMeasurePrice>
      <AllowDiscount>1</AllowDiscount>
      <ItemStatus>1</ItemStatus>
      <ItemId>246163</ItemId>
    </Item>
    <Item>
      <PriceUpdateDate>2015-01-01 00:00:00</PriceUpdateDate>
      <ItemCode>96619585571</ItemCode>
      <ItemType>0</ItemType>
      <ItemName>נייר טואלט קירקלנד 1</ItemName>
      <ManufacturerName>,</ManufacturerName>
      <ManufactureCountry>לא ידוע</ManufactureCountry>
      <ManufacturerItemDescription>נייר טואלט קירקלנד 1288 מטר</ManufacturerItemDescription>
      <UnitQty>לא מנהל יחידת מידה</UnitQty>
      <Quantity>0.00</Quantity>
      <UnitOfMeasure>לא מנהל יחידת מידה</UnitOfMeasure>
      <bIsWeighted>0</bIsWeighted>
      <QtyInPackage>1</QtyInPackage>
      <ItemPrice>99.90</ItemPrice>
      <UnitOfMeasurePrice>0.0000</UnitOfMeasurePrice>
      <AllowDiscount>1</AllowDiscount>
      <ItemStatus>1</ItemStatus>
      <ItemId>246164</ItemId>
    </Item>
    <Item>
      <PriceUpdateDate>2015-01-01 00:00:00</PriceUpdateDate>
      <ItemCode>4575571</ItemCode>
      <ItemType>0</ItemType>
      <ItemName>טילון וניל ריאו</ItemName>
      <ManufacturerName>גלידות ריאו ביח"ר לג</ManufacturerName>
      <ManufactureCountry>לא ידוע</ManufactureCountry>
      <ManufacturerItemDescription>טילון וניל ריאו</ManufacturerItemDescription>
      <UnitQty>לא מנהל יחידת מידה</UnitQty>
      <Quantity>0.00</Quantity>
      <UnitOfMeasure>לא מנהל יחידת מידה</UnitOfMeasure>
      <bIsWeighted>0</bIsWeighted>
      <QtyInPackage>1</QtyInPackage>
      <ItemPrice>3.90</ItemPrice>
      <UnitOfMeasurePrice>0.0000</UnitOfMeasurePrice>
      <AllowDiscount>1</AllowDiscount>
      <ItemStatus>1</ItemStatus>
      <ItemId>246174</ItemId>
    </Item>
    <Item>
      <PriceUpdateDate>2015-01-01 00:00:00</PriceUpdateDate>
      <ItemCode>2552406</ItemCode>
      <ItemType>0</ItemType>
      <ItemName>טילון שוקו ריאו</ItemName>
      <ManufacturerName>גלידות ריאו ביח"ר לג</ManufacturerName>
      <ManufactureCountry>לא ידוע</ManufactureCountry>
      <ManufacturerItemDescription>טילון שוקו ריאו</ManufacturerItemDescription>
      <UnitQty>לא מנהל יחידת מידה</UnitQty>
      <Quantity>0.00</Quantity>
      <UnitOfMeasure>לא מנהל יחידת מידה</UnitOfMeasure>
      <bIsWeighted>0</bIsWeighted>
      <QtyInPackage>1</QtyInPackage>
      <ItemPrice>3.90</ItemPrice>
      <UnitOfMeasurePrice>0.0000</UnitOfMeasurePrice>
      <AllowDiscount>1</AllowDiscount>
      <ItemStatus>1</ItemStatus>
      <ItemId>246175</ItemId>
    </Item>
    <Item>
      <PriceUpdateDate>2015-01-01 00:00:00</PriceUpdateDate>
      <ItemCode>4575588</ItemCode>
      <ItemType>0</ItemType>
      <ItemName>טילון ריבת חלב ריאו</ItemName>
      <ManufacturerName>גלידות ריאו ביח"ר לג</ManufacturerName>
      <ManufactureCountry>לא ידוע</ManufactureCountry>
      <ManufacturerItemDescription>טילון ריבת חלב ריאו</ManufacturerItemDescription>
      <UnitQty>לא מנהל יחידת מידה</UnitQty>
      <Quantity>0.00</Quantity>
      <UnitOfMeasure>לא מנהל יחידת מידה</UnitOfMeasure>
      <bIsWeighted>0</bIsWeighted>
      <QtyInPackage>1</QtyInPackage>
      <ItemPrice>3.90</ItemPrice>
      <UnitOfMeasurePrice>0.0000</UnitOfMeasurePrice>
      <AllowDiscount>1</AllowDiscount>
      <ItemStatus>1</ItemStatus>
      <ItemId>246182</ItemId>
    </Item>
    <Item>
      <PriceUpdateDate>2015-01-01 00:00:00</PriceUpdateDate>
      <ItemCode>2552468</ItemCode>
      <ItemType>0</ItemType>
      <ItemName>שלגון גלי גל חלבי</ItemName>
      <ManufacturerName>גלידות ריאו ביח"ר לג</ManufacturerName>
      <ManufactureCountry>לא ידוע</ManufactureCountry>
      <ManufacturerItemDescription>שלגון גלי גל חלבי</ManufacturerItemDescription>
      <UnitQty>לא מנהל יחידת מידה</UnitQty>
      <Quantity>0.00</Quantity>
      <UnitOfMeasure>לא מנהל יחידת מידה</UnitOfMeasure>
      <bIsWeighted>0</bIsWeighted>
      <QtyInPackage>1</QtyInPackage>
      <ItemPrice>1.90</ItemPrice>
      <UnitOfMeasurePrice>0.0000</UnitOfMeasurePrice>
      <AllowDiscount>1</AllowDiscount>
      <ItemStatus>1</ItemStatus>
      <ItemId>246184</ItemId>
    </Item>
    <Item>
      <PriceUpdateDate>2015-01-01 00:00:00</PriceUpdateDate>
      <ItemCode>4575564</ItemCode>
      <ItemType>0</ItemType>
      <ItemName>שלגון גלי גל פרווה</ItemName>
      <ManufacturerName>גלידות ריאו ביח"ר לג</ManufacturerName>
      <ManufactureCountry>לא ידוע</ManufactureCountry>
      <ManufacturerItemDescription>שלגון גלי גל פרווה</ManufacturerItemDescription>
      <UnitQty>לא מנהל יחידת מידה</UnitQty>
      <Quantity>0.00</Quantity>
      <UnitOfMeasure>לא מנהל יחידת מידה</UnitOfMeasure>
      <bIsWeighted>0</bIsWeighted>
      <QtyInPackage>1</QtyInPackage>
      <ItemPrice>1.90</ItemPrice>
      <UnitOfMeasurePrice>0.0000</UnitOfMeasurePrice>
      <AllowDiscount>1</AllowDiscount>
      <ItemStatus>1</ItemStatus>
      <ItemId>246185</ItemId>
    </Item>
    <Item>
      <PriceUpdateDate>2015-01-01 00:00:00</PriceUpdateDate>
      <ItemCode>23960</ItemCode>
      <ItemType>0</ItemType>
      <ItemName>יין קלאסיק שיראז  75</ItemName>
      <ManufacturerName>ברקן סגל</ManufacturerName>
      <ManufactureCountry>לא ידוע</ManufactureCountry>
      <ManufacturerItemDescription>יין קלאסיק שיראז  750 מ"ל</ManufacturerItemDescription>
      <UnitQty>מיליליטרים</UnitQty>
      <Quantity>750.00</Quantity>
      <UnitOfMeasure>100 מ"ל</UnitOfMeasure>
      <bIsWeighted>0</bIsWeighted>
      <QtyInPackage>1</QtyInPackage>
      <ItemPrice>24.90</ItemPrice>
      <UnitOfMeasurePrice>3.3200</UnitOfMeasurePrice>
      <AllowDiscount>1</AllowDiscount>
      <ItemStatus>1</ItemStatus>
      <ItemId>248116</ItemId>
    </Item>
    <Item>
      <PriceUpdateDate>2015-01-01 00:00:00</PriceUpdateDate>
      <ItemCode>5904941751920</ItemCode>
      <ItemType>0</ItemType>
      <ItemName>בלו דיי בודד</ItemName>
      <ManufacturerName>אקו ביט</ManufacturerName>
      <ManufactureCountry>פולין</ManufactureCountry>
      <ManufacturerItemDescription>בלו דיי בודד</ManufacturerItemDescription>
      <UnitQty>Unknown </UnitQty>
      <Quantity>0.00</Quantity>
      <UnitOfMeasure>Unknown </UnitOfMeasure>
      <bIsWeighted>0</bIsWeighted>
      <QtyInPackage>1</QtyInPackage>
      <ItemPrice>4.20</ItemPrice>
      <UnitOfMeasurePrice>0.0000</UnitOfMeasurePrice>
      <AllowDiscount>1</AllowDiscount>
      <ItemStatus>1</ItemStatus>
      <ItemId>246249</ItemId>
    </Item>
    <Item>
      <PriceUpdateDate>2015-01-01 00:00:00</PriceUpdateDate>
      <ItemCode>334745</ItemCode>
      <ItemType>0</ItemType>
      <ItemName>ציפס אמריקאי דק 1.5</ItemName>
      <ManufacturerName>תפוגן</ManufacturerName>
      <ManufactureCountry>לא ידוע</ManufactureCountry>
      <ManufacturerItemDescription>ציפס אמריקאי דק 1.5 ק"ג</ManufacturerItemDescription>
      <UnitQty>קילוגרמים</UnitQty>
      <Quantity>1.50</Quantity>
      <UnitOfMeasure>ק"ג     </UnitOfMeasure>
      <bIsWeighted>0</bIsWeighted>
      <QtyInPackage>1</QtyInPackage>
      <ItemPrice>22.90</ItemPrice>
      <UnitOfMeasurePrice>15.2667</UnitOfMeasurePrice>
      <AllowDiscount>1</AllowDiscount>
      <ItemStatus>1</ItemStatus>
      <ItemId>247148</ItemId>
    </Item>
    <Item>
      <PriceUpdateDate>2015-01-01 00:00:00</PriceUpdateDate>
      <ItemCode>7290012191992</ItemCode>
      <ItemType>0</ItemType>
      <ItemName>גפרורים ארוכים</ItemName>
      <ManufacturerName>,</ManufacturerName>
      <ManufactureCountry>לא ידוע</ManufactureCountry>
      <ManufacturerItemDescription>גפרורים ארוכים</ManufacturerItemDescription>
      <UnitQty>Unknown </UnitQty>
      <Quantity>0.00</Quantity>
      <UnitOfMeasure>Unknown </UnitOfMeasure>
      <bIsWeighted>0</bIsWeighted>
      <QtyInPackage>1</QtyInPackage>
      <ItemPrice>4.90</ItemPrice>
      <UnitOfMeasurePrice>0.0000</UnitOfMeasurePrice>
      <AllowDiscount>1</AllowDiscount>
      <ItemStatus>1</ItemStatus>
      <ItemId>246274</ItemId>
    </Item>
    <Item>
      <PriceUpdateDate>2015-08-16 11:28:57</PriceUpdateDate>
      <ItemCode>7290014325210</ItemCode>
      <ItemType>0</ItemType>
      <ItemName>פירורי לחם 1.1 ק"ג א</ItemName>
      <ManufacturerName>מיה תעשיות מזון בעמ</ManufacturerName>
      <ManufactureCountry>ישראל</ManufactureCountry>
      <ManufacturerItemDescription>פירורי לחם 1.1 קג אושר עד</ManufacturerItemDescription>
      <UnitQty>קילוגרמים</UnitQty>
      <Quantity>1.10</Quantity>
      <UnitOfMeasure>ק"ג     </UnitOfMeasure>
      <bIsWeighted>0</bIsWeighted>
      <QtyInPackage>1</QtyInPackage>
      <ItemPrice>9.90</ItemPrice>
      <UnitOfMeasurePrice>9.0000</UnitOfMeasurePrice>
      <AllowDiscount>1</AllowDiscount>
      <ItemStatus>1</ItemStatus>
      <ItemId>246280</ItemId>
    </Item>
    <Item>
      <PriceUpdateDate>2015-01-01 00:00:00</PriceUpdateDate>
      <ItemCode>7290014325227</ItemCode>
      <ItemType>0</ItemType>
      <ItemName>פירורי לחם מוזהבים 1</ItemName>
      <ManufacturerName>מיה תעשיות מזון בעמ</ManufacturerName>
      <ManufactureCountry>ישראל</ManufactureCountry>
      <ManufacturerItemDescription>פירורי לחם מוזהבים 1.1 קג אושר עד</ManufacturerItemDescription>
      <UnitQty>קילוגרמים</UnitQty>
      <Quantity>1.10</Quantity>
      <UnitOfMeasure>ק"ג     </UnitOfMeasure>
      <bIsWeighted>0</bIsWeighted>
      <QtyInPackage>1</QtyInPackage>
      <ItemPrice>9.90</ItemPrice>
      <UnitOfMeasurePrice>9.0000</UnitOfMeasurePrice>
      <AllowDiscount>1</AllowDiscount>
      <ItemStatus>1</ItemStatus>
      <ItemId>246281</ItemId>
    </Item>
    <Item>
      <PriceUpdateDate>2015-01-01 00:00:00</PriceUpdateDate>
      <ItemCode>7290014600911</ItemCode>
      <ItemType>0</ItemType>
      <ItemName>מארז גליליות 10 יח</ItemName>
      <ManufacturerName>,</ManufacturerName>
      <ManufactureCountry>לא ידוע</ManufactureCountry>
      <ManufacturerItemDescription>מארז גליליות 10 יח  750 גרם</ManufacturerItemDescription>
      <UnitQty>גרמים</UnitQty>
      <Quantity>750.00</Quantity>
      <UnitOfMeasure>100 גרם</UnitOfMeasure>
      <bIsWeighted>0</bIsWeighted>
      <QtyInPackage>1</QtyInPackage>
      <ItemPrice>19.90</ItemPrice>
      <UnitOfMeasurePrice>2.6533</UnitOfMeasurePrice>
      <AllowDiscount>1</AllowDiscount>
      <ItemStatus>1</ItemStatus>
      <ItemId>246310</ItemId>
    </Item>
    <Item>
      <PriceUpdateDate>2015-01-01 00:00:00</PriceUpdateDate>
      <ItemCode>2781103</ItemCode>
      <ItemType>0</ItemType>
      <ItemName>חומץ  4 ליטר</ItemName>
      <ManufacturerName>מיטב</ManufacturerName>
      <ManufactureCountry>לא ידוע</ManufactureCountry>
      <ManufacturerItemDescription>חומץ  4 ליטר</ManufacturerItemDescription>
      <UnitQty>ליטרים</UnitQty>
      <Quantity>4.00</Quantity>
      <UnitOfMeasure>ליטר    </UnitOfMeasure>
      <bIsWeighted>0</bIsWeighted>
      <QtyInPackage>1</QtyInPackage>
      <ItemPrice>6.90</ItemPrice>
      <UnitOfMeasurePrice>1.7250</UnitOfMeasurePrice>
      <AllowDiscount>1</AllowDiscount>
      <ItemStatus>1</ItemStatus>
      <ItemId>246325</ItemId>
    </Item>
    <Item>
      <PriceUpdateDate>2015-01-01 00:00:00</PriceUpdateDate>
      <ItemCode>7290101489757</ItemCode>
      <ItemType>0</ItemType>
      <ItemName>מארז מי פה פלאקס 500</ItemName>
      <ManufacturerName>,</ManufacturerName>
      <ManufactureCountry>לא ידוע</ManufactureCountry>
      <ManufacturerItemDescription>מארז מי פה פלאקס 500+250 מ"ל</ManufacturerItemDescription>
      <UnitQty>מיליליטרים</UnitQty>
      <Quantity>750.00</Quantity>
      <UnitOfMeasure>100 מ"ל</UnitOfMeasure>
      <bIsWeighted>0</bIsWeighted>
      <QtyInPackage>1</QtyInPackage>
      <ItemPrice>39.90</ItemPrice>
      <UnitOfMeasurePrice>5.3200</UnitOfMeasurePrice>
      <AllowDiscount>1</AllowDiscount>
      <ItemStatus>1</ItemStatus>
      <ItemId>246349</ItemId>
    </Item>
    <Item>
      <PriceUpdateDate>2015-01-01 00:00:00</PriceUpdateDate>
      <ItemCode>4015400598411</ItemCode>
      <ItemType>0</ItemType>
      <ItemName>תחבושות אלוויז קוואט</ItemName>
      <ManufacturerName>פרוקטר</ManufacturerName>
      <ManufactureCountry>לא ידוע</ManufactureCountry>
      <ManufacturerItemDescription>תחבושות אלוויז קוואטרו לילה 40 יח</ManufacturerItemDescription>
      <UnitQty>Unknown </UnitQty>
      <Quantity>0.00</Quantity>
      <UnitOfMeasure>Unknown </UnitOfMeasure>
      <bIsWeighted>0</bIsWeighted>
      <QtyInPackage>1</QtyInPackage>
      <ItemPrice>37.90</ItemPrice>
      <UnitOfMeasurePrice>0.0000</UnitOfMeasurePrice>
      <AllowDiscount>1</AllowDiscount>
      <ItemStatus>1</ItemStatus>
      <ItemId>246351</ItemId>
    </Item>
    <Item>
      <PriceUpdateDate>2015-01-01 00:00:00</PriceUpdateDate>
      <ItemCode>4015400598381</ItemCode>
      <ItemType>0</ItemType>
      <ItemName>תחבושות אלוויז קוואט</ItemName>
      <ManufacturerName>פרוקטר</ManufacturerName>
      <ManufactureCountry>לא ידוע</ManufactureCountry>
      <ManufacturerItemDescription>תחבושות אלוויז קוואטרו לונג + 48 יח</ManufacturerItemDescription>
      <UnitQty>Unknown </UnitQty>
      <Quantity>0.00</Quantity>
      <UnitOfMeasure>Unknown </UnitOfMeasure>
      <bIsWeighted>0</bIsWeighted>
      <QtyInPackage>1</QtyInPackage>
      <ItemPrice>37.90</ItemPrice>
      <UnitOfMeasurePrice>0.0000</UnitOfMeasurePrice>
      <AllowDiscount>1</AllowDiscount>
      <ItemStatus>1</ItemStatus>
      <ItemId>246352</ItemId>
    </Item>
    <Item>
      <PriceUpdateDate>2015-01-01 00:00:00</PriceUpdateDate>
      <ItemCode>4015400598329</ItemCode>
      <ItemType>0</ItemType>
      <ItemName>תחבושות אלוויז קוואט</ItemName>
      <ManufacturerName>פרוקטר</ManufacturerName>
      <ManufactureCountry>לא ידוע</ManufactureCountry>
      <ManufacturerItemDescription>תחבושות אלוויז קוואטרו נורמל + 56 יח</ManufacturerItemDescription>
      <UnitQty>Unknown </UnitQty>
      <Quantity>0.00</Quantity>
      <UnitOfMeasure>Unknown </UnitOfMeasure>
      <bIsWeighted>0</bIsWeighted>
      <QtyInPackage>1</QtyInPackage>
      <ItemPrice>37.90</ItemPrice>
      <UnitOfMeasurePrice>0.0000</UnitOfMeasurePrice>
      <AllowDiscount>1</AllowDiscount>
      <ItemStatus>1</ItemStatus>
      <ItemId>246353</ItemId>
    </Item>
    <Item>
      <PriceUpdateDate>2015-01-01 00:00:00</PriceUpdateDate>
      <ItemCode>7290014745414</ItemCode>
      <ItemType>0</ItemType>
      <ItemName>שניצל דק ענק רובין</ItemName>
      <ManufacturerName>עוף טוב</ManufacturerName>
      <ManufactureCountry>ישראל</ManufactureCountry>
      <ManufacturerItemDescription>שניצל דק ענק רובין 700 גרם הוד לבן</ManufacturerItemDescription>
      <UnitQty>גרמים</UnitQty>
      <Quantity>700.00</Quantity>
      <UnitOfMeasure>100 גרם</UnitOfMeasure>
      <bIsWeighted>0</bIsWeighted>
      <QtyInPackage>1</QtyInPackage>
      <ItemPrice>23.90</ItemPrice>
      <UnitOfMeasurePrice>3.4143</UnitOfMeasurePrice>
      <AllowDiscount>1</AllowDiscount>
      <ItemStatus>1</ItemStatus>
      <ItemId>246372</ItemId>
    </Item>
    <Item>
      <PriceUpdateDate>2015-01-01 00:00:00</PriceUpdateDate>
      <ItemCode>7290014692565</ItemCode>
      <ItemType>0</ItemType>
      <ItemName>תירס גרעינים 320 גרם</ItemName>
      <ManufacturerName>מגסטיק פוד</ManufacturerName>
      <ManufactureCountry>תאילנד</ManufactureCountry>
      <ManufacturerItemDescription>תירס גרעינים 320 גרם</ManufacturerItemDescription>
      <UnitQty>גרמים</UnitQty>
      <Quantity>320.00</Quantity>
      <UnitOfMeasure>100 גרם</UnitOfMeasure>
      <bIsWeighted>0</bIsWeighted>
      <QtyInPackage>1</QtyInPackage>
      <ItemPrice>3.90</ItemPrice>
      <UnitOfMeasurePrice>1.2187</UnitOfMeasurePrice>
      <AllowDiscount>1</AllowDiscount>
      <ItemStatus>1</ItemStatus>
      <ItemId>246380</ItemId>
    </Item>
    <Item>
      <PriceUpdateDate>2015-01-01 00:00:00</PriceUpdateDate>
      <ItemCode>3727667</ItemCode>
      <ItemType>0</ItemType>
      <ItemName>חומוס צבר 1 ק"ג</ItemName>
      <ManufacturerName>צבר</ManufacturerName>
      <ManufactureCountry>לא ידוע</ManufactureCountry>
      <ManufacturerItemDescription>חומוס צבר 1 ק"ג</ManufacturerItemDescription>
      <UnitQty>קילוגרמים</UnitQty>
      <Quantity>1.00</Quantity>
      <UnitOfMeasure>ק"ג     </UnitOfMeasure>
      <bIsWeighted>0</bIsWeighted>
      <QtyInPackage>1</QtyInPackage>
      <ItemPrice>15.50</ItemPrice>
      <UnitOfMeasurePrice>15.5000</UnitOfMeasurePrice>
      <AllowDiscount>1</AllowDiscount>
      <ItemStatus>1</ItemStatus>
      <ItemId>246418</ItemId>
    </Item>
    <Item>
      <PriceUpdateDate>2015-01-01 00:00:00</PriceUpdateDate>
      <ItemCode>22200956949</ItemCode>
      <ItemType>0</ItemType>
      <ItemName>דאודורנט ספיד סטיק ג</ItemName>
      <ManufacturerName>קולגייט פלמוליב</ManufacturerName>
      <ManufactureCountry>ארצות הברית</ManufactureCountry>
      <ManufacturerItemDescription>דאודורנט ספיד סטיק גל 24/7 כתום  לגבר</ManufacturerItemDescription>
      <UnitQty>Unknown </UnitQty>
      <Quantity>0.00</Quantity>
      <UnitOfMeasure>Unknown </UnitOfMeasure>
      <bIsWeighted>0</bIsWeighted>
      <QtyInPackage>1</QtyInPackage>
      <ItemPrice>19.90</ItemPrice>
      <UnitOfMeasurePrice>0.0000</UnitOfMeasurePrice>
      <AllowDiscount>1</AllowDiscount>
      <ItemStatus>1</ItemStatus>
      <ItemId>246423</ItemId>
    </Item>
    <Item>
      <PriceUpdateDate>2015-01-01 00:00:00</PriceUpdateDate>
      <ItemCode>22200956932</ItemCode>
      <ItemType>0</ItemType>
      <ItemName>דאודורנט ספיד סטיק ג</ItemName>
      <ManufacturerName>קולגייט פלמוליב</ManufacturerName>
      <ManufactureCountry>ארצות הברית</ManufactureCountry>
      <ManufacturerItemDescription>דאודורנט ספיד סטיק גל 24/7 כחול לגבר</ManufacturerItemDescription>
      <UnitQty>Unknown </UnitQty>
      <Quantity>0.00</Quantity>
      <UnitOfMeasure>Unknown </UnitOfMeasure>
      <bIsWeighted>0</bIsWeighted>
      <QtyInPackage>1</QtyInPackage>
      <ItemPrice>19.90</ItemPrice>
      <UnitOfMeasurePrice>0.0000</UnitOfMeasurePrice>
      <AllowDiscount>1</AllowDiscount>
      <ItemStatus>1</ItemStatus>
      <ItemId>246424</ItemId>
    </Item>
    <Item>
      <PriceUpdateDate>2015-01-01 00:00:00</PriceUpdateDate>
      <ItemCode>7290103129392</ItemCode>
      <ItemType>0</ItemType>
      <ItemName>דאודורנט ליידי ספיד</ItemName>
      <ManufacturerName>קולגייט פלמוליב</ManufacturerName>
      <ManufactureCountry>ישראל</ManufactureCountry>
      <ManufacturerItemDescription>דאודורנט ליידי ספיד סטיק פרח הפרזיה</ManufacturerItemDescription>
      <UnitQty>Unknown </UnitQty>
      <Quantity>0.00</Quantity>
      <UnitOfMeasure>Unknown </UnitOfMeasure>
      <bIsWeighted>0</bIsWeighted>
      <QtyInPackage>1</QtyInPackage>
      <ItemPrice>17.90</ItemPrice>
      <UnitOfMeasurePrice>0.0000</UnitOfMeasurePrice>
      <AllowDiscount>1</AllowDiscount>
      <ItemStatus>1</ItemStatus>
      <ItemId>246426</ItemId>
    </Item>
    <Item>
      <PriceUpdateDate>2015-01-01 00:00:00</PriceUpdateDate>
      <ItemCode>7290103129408</ItemCode>
      <ItemType>0</ItemType>
      <ItemName>דאודורנט ליידי ספיד</ItemName>
      <ManufacturerName>קולגייט פלמוליב</ManufacturerName>
      <ManufactureCountry>ישראל</ManufactureCountry>
      <ManufacturerItemDescription>דאודורנט ליידי ספיד סטיק פריחת הפרדס</ManufacturerItemDescription>
      <UnitQty>Unknown </UnitQty>
      <Quantity>0.00</Quantity>
      <UnitOfMeasure>Unknown </UnitOfMeasure>
      <bIsWeighted>0</bIsWeighted>
      <QtyInPackage>1</QtyInPackage>
      <ItemPrice>17.90</ItemPrice>
      <UnitOfMeasurePrice>0.0000</UnitOfMeasurePrice>
      <AllowDiscount>1</AllowDiscount>
      <ItemStatus>1</ItemStatus>
      <ItemId>246427</ItemId>
    </Item>
    <Item>
      <PriceUpdateDate>2015-01-01 00:00:00</PriceUpdateDate>
      <ItemCode>692135</ItemCode>
      <ItemType>0</ItemType>
      <ItemName>דאודורנט ספיד סטיק י</ItemName>
      <ManufacturerName>קולגייט פלמוליב</ManufacturerName>
      <ManufactureCountry>ארצות הברית</ManufactureCountry>
      <ManufacturerItemDescription>דאודורנט ספיד סטיק ירוק פרש פאוור</ManufacturerItemDescription>
      <UnitQty>Unknown </UnitQty>
      <Quantity>0.00</Quantity>
      <UnitOfMeasure>Unknown </UnitOfMeasure>
      <bIsWeighted>0</bIsWeighted>
      <QtyInPackage>1</QtyInPackage>
      <ItemPrice>17.90</ItemPrice>
      <UnitOfMeasurePrice>0.0000</UnitOfMeasurePrice>
      <AllowDiscount>1</AllowDiscount>
      <ItemStatus>1</ItemStatus>
      <ItemId>246442</ItemId>
    </Item>
    <Item>
      <PriceUpdateDate>2015-01-01 00:00:00</PriceUpdateDate>
      <ItemCode>3387373</ItemCode>
      <ItemType>0</ItemType>
      <ItemName>דאודורנט ספיד סטיק י</ItemName>
      <ManufacturerName>קולגייט פלמוליב</ManufacturerName>
      <ManufactureCountry>ארצות הברית</ManufactureCountry>
      <ManufacturerItemDescription>דאודורנט ספיד סטיק קלאסיק</ManufacturerItemDescription>
      <UnitQty>Unknown </UnitQty>
      <Quantity>0.00</Quantity>
      <UnitOfMeasure>Unknown </UnitOfMeasure>
      <bIsWeighted>0</bIsWeighted>
      <QtyInPackage>1</QtyInPackage>
      <ItemPrice>17.90</ItemPrice>
      <UnitOfMeasurePrice>0.0000</UnitOfMeasurePrice>
      <AllowDiscount>1</AllowDiscount>
      <ItemStatus>1</ItemStatus>
      <ItemId>246443</ItemId>
    </Item>
    <Item>
      <PriceUpdateDate>2015-06-04 12:17:47</PriceUpdateDate>
      <ItemCode>7290105430465</ItemCode>
      <ItemType>0</ItemType>
      <ItemName>דאודורנט ליידי ספיד</ItemName>
      <ManufacturerName>,</ManufacturerName>
      <ManufactureCountry>לא ידוע</ManufactureCountry>
      <ManufacturerItemDescription>דאודורנט ליידי ספיד סטיק ספריי סטיין גאד</ManufacturerItemDescription>
      <UnitQty>Unknown </UnitQty>
      <Quantity>0.00</Quantity>
      <UnitOfMeasure>Unknown </UnitOfMeasure>
      <bIsWeighted>0</bIsWeighted>
      <QtyInPackage>1</QtyInPackage>
      <ItemPrice>13.90</ItemPrice>
      <UnitOfMeasurePrice>0.0000</UnitOfMeasurePrice>
      <AllowDiscount>1</AllowDiscount>
      <ItemStatus>1</ItemStatus>
      <ItemId>246446</ItemId>
    </Item>
    <Item>
      <PriceUpdateDate>2015-06-04 12:17:48</PriceUpdateDate>
      <ItemCode>7290103121600</ItemCode>
      <ItemType>0</ItemType>
      <ItemName>דאודורנט ספיד סטיק ל</ItemName>
      <ManufacturerName>,</ManufacturerName>
      <ManufactureCountry>לא ידוע</ManufactureCountry>
      <ManufacturerItemDescription>דאודורנט ספיד סטיק לגבר 24/7 ספריי כתום</ManufacturerItemDescription>
      <UnitQty>Unknown </UnitQty>
      <Quantity>0.00</Quantity>
      <UnitOfMeasure>Unknown </UnitOfMeasure>
      <bIsWeighted>0</bIsWeighted>
      <QtyInPackage>1</QtyInPackage>
      <ItemPrice>13.90</ItemPrice>
      <UnitOfMeasurePrice>0.0000</UnitOfMeasurePrice>
      <AllowDiscount>1</AllowDiscount>
      <ItemStatus>1</ItemStatus>
      <ItemId>246448</ItemId>
    </Item>
    <Item>
      <PriceUpdateDate>2015-05-28 17:13:56</PriceUpdateDate>
      <ItemCode>7290103129361</ItemCode>
      <ItemType>0</ItemType>
      <ItemName>דאודורנט ספיד סטיק ל</ItemName>
      <ManufacturerName>,</ManufacturerName>
      <ManufactureCountry>לא ידוע</ManufactureCountry>
      <ManufacturerItemDescription>דאודורנט ספיד סטיק לגבר 24/7 ספריי 5X</ManufacturerItemDescription>
      <UnitQty>Unknown </UnitQty>
      <Quantity>0.00</Quantity>
      <UnitOfMeasure>Unknown </UnitOfMeasure>
      <bIsWeighted>0</bIsWeighted>
      <QtyInPackage>1</QtyInPackage>
      <ItemPrice>13.90</ItemPrice>
      <UnitOfMeasurePrice>0.0000</UnitOfMeasurePrice>
      <AllowDiscount>1</AllowDiscount>
      <ItemStatus>1</ItemStatus>
      <ItemId>246450</ItemId>
    </Item>
    <Item>
      <PriceUpdateDate>2015-01-01 00:00:00</PriceUpdateDate>
      <ItemCode>7290100653586</ItemCode>
      <ItemType>0</ItemType>
      <ItemName>דאו ליידי ספיק סטיק</ItemName>
      <ManufacturerName>קולגייט פלמוליב</ManufacturerName>
      <ManufactureCountry>ארצות הברית</ManufactureCountry>
      <ManufacturerItemDescription>דאודורנט ליידי ספיק סטיק גל 24/7 ירוק</ManufacturerItemDescription>
      <UnitQty>Unknown </UnitQty>
      <Quantity>0.00</Quantity>
      <UnitOfMeasure>Unknown </UnitOfMeasure>
      <bIsWeighted>0</bIsWeighted>
      <QtyInPackage>1</QtyInPackage>
      <ItemPrice>19.90</ItemPrice>
      <UnitOfMeasurePrice>0.0000</UnitOfMeasurePrice>
      <AllowDiscount>1</AllowDiscount>
      <ItemStatus>1</ItemStatus>
      <ItemId>246452</ItemId>
    </Item>
    <Item>
      <PriceUpdateDate>2015-01-01 00:00:00</PriceUpdateDate>
      <ItemCode>191645</ItemCode>
      <ItemType>0</ItemType>
      <ItemName>חיתולי האגיס ניו בור</ItemName>
      <ManufacturerName>חוגלה קימברלי</ManufacturerName>
      <ManufactureCountry>ארצות הברית</ManufactureCountry>
      <ManufacturerItemDescription>חיתולי האגיס ניו בורן</ManufacturerItemDescription>
      <UnitQty>Unknown </UnitQty>
      <Quantity>0.00</Quantity>
      <UnitOfMeasure>Unknown </UnitOfMeasure>
      <bIsWeighted>0</bIsWeighted>
      <QtyInPackage>1</QtyInPackage>
      <ItemPrice>29.90</ItemPrice>
      <UnitOfMeasurePrice>0.0000</UnitOfMeasurePrice>
      <AllowDiscount>1</AllowDiscount>
      <ItemStatus>1</ItemStatus>
      <ItemId>250554</ItemId>
    </Item>
    <Item>
      <PriceUpdateDate>2015-01-01 00:00:00</PriceUpdateDate>
      <ItemCode>4575540</ItemCode>
      <ItemType>0</ItemType>
      <ItemName>קרחון בודד</ItemName>
      <ManufacturerName>גלידות ריאו ביח"ר לג</ManufacturerName>
      <ManufactureCountry>לא ידוע</ManufactureCountry>
      <ManufacturerItemDescription>קרחון בודד</ManufacturerItemDescription>
      <UnitQty>Unknown </UnitQty>
      <Quantity>0.00</Quantity>
      <UnitOfMeasure>Unknown </UnitOfMeasure>
      <bIsWeighted>0</bIsWeighted>
      <QtyInPackage>1</QtyInPackage>
      <ItemPrice>1.00</ItemPrice>
      <UnitOfMeasurePrice>0.0000</UnitOfMeasurePrice>
      <AllowDiscount>1</AllowDiscount>
      <ItemStatus>1</ItemStatus>
      <ItemId>246506</ItemId>
    </Item>
    <Item>
      <PriceUpdateDate>2015-01-01 00:00:00</PriceUpdateDate>
      <ItemCode>8714789855929</ItemCode>
      <ItemType>0</ItemType>
      <ItemName>משחת שיניים טוטל פרו</ItemName>
      <ManufacturerName>קולגייט פלמוליב</ManufacturerName>
      <ManufactureCountry>ישראל</ManufactureCountry>
      <ManufacturerItemDescription>משחת שיניים טוטל פרו גאם 75 גרם</ManufacturerItemDescription>
      <UnitQty>גרמים</UnitQty>
      <Quantity>75.00</Quantity>
      <UnitOfMeasure>100 גרם</UnitOfMeasure>
      <bIsWeighted>0</bIsWeighted>
      <QtyInPackage>1</QtyInPackage>
      <ItemPrice>12.90</ItemPrice>
      <UnitOfMeasurePrice>17.2000</UnitOfMeasurePrice>
      <AllowDiscount>1</AllowDiscount>
      <ItemStatus>1</ItemStatus>
      <ItemId>246508</ItemId>
    </Item>
    <Item>
      <PriceUpdateDate>2015-09-21 08:18:18</PriceUpdateDate>
      <ItemCode>272443</ItemCode>
      <ItemType>0</ItemType>
      <ItemName>סירופ תפוז דיאט 1 ל</ItemName>
      <ManufacturerName>בית השיטה עסיס תעשיו</ManufacturerName>
      <ManufactureCountry>לא ידוע</ManufactureCountry>
      <ManufacturerItemDescription>סירופ תפוז דיאט צבעים טבעי 1 ליטר</ManufacturerItemDescription>
      <UnitQty>ליטרים</UnitQty>
      <Quantity>1.00</Quantity>
      <UnitOfMeasure>ליטר    </UnitOfMeasure>
      <bIsWeighted>0</bIsWeighted>
      <QtyInPackage>1</QtyInPackage>
      <ItemPrice>9.90</ItemPrice>
      <UnitOfMeasurePrice>9.9000</UnitOfMeasurePrice>
      <AllowDiscount>1</AllowDiscount>
      <ItemStatus>1</ItemStatus>
      <ItemId>246534</ItemId>
    </Item>
    <Item>
      <PriceUpdateDate>2015-01-01 00:00:00</PriceUpdateDate>
      <ItemCode>7290105968777</ItemCode>
      <ItemType>0</ItemType>
      <ItemName>פריכיות אנרגי תחתית</ItemName>
      <ManufacturerName>שטראוס</ManufacturerName>
      <ManufactureCountry>ישראל</ManufactureCountry>
      <ManufacturerItemDescription>פריכיות אנרגי תחתית שוקולד מריר 70 גרם</ManufacturerItemDescription>
      <UnitQty>Unknown </UnitQty>
      <Quantity>0.00</Quantity>
      <UnitOfMeasure>Unknown </UnitOfMeasure>
      <bIsWeighted>0</bIsWeighted>
      <QtyInPackage>1</QtyInPackage>
      <ItemPrice>7.50</ItemPrice>
      <UnitOfMeasurePrice>0.0000</UnitOfMeasurePrice>
      <AllowDiscount>1</AllowDiscount>
      <ItemStatus>1</ItemStatus>
      <ItemId>246535</ItemId>
    </Item>
    <Item>
      <PriceUpdateDate>2015-01-01 00:00:00</PriceUpdateDate>
      <ItemCode>7290106653207</ItemCode>
      <ItemType>0</ItemType>
      <ItemName>פיתה קראנצ זעתר 300</ItemName>
      <ManufacturerName>עלית</ManufacturerName>
      <ManufactureCountry>ישראל</ManufactureCountry>
      <ManufacturerItemDescription>פיתה קראנצ זעתר 300 גרם</ManufacturerItemDescription>
      <UnitQty>גרמים</UnitQty>
      <Quantity>300.00</Quantity>
      <UnitOfMeasure>100 גרם</UnitOfMeasure>
      <bIsWeighted>0</bIsWeighted>
      <QtyInPackage>1</QtyInPackage>
      <ItemPrice>12.50</ItemPrice>
      <UnitOfMeasurePrice>4.1667</UnitOfMeasurePrice>
      <AllowDiscount>1</AllowDiscount>
      <ItemStatus>1</ItemStatus>
      <ItemId>246536</ItemId>
    </Item>
    <Item>
      <PriceUpdateDate>2015-01-01 00:00:00</PriceUpdateDate>
      <ItemCode>7290106653191</ItemCode>
      <ItemType>0</ItemType>
      <ItemName>פיתה קראנצ טבעי 300</ItemName>
      <ManufacturerName>שטראוס</ManufacturerName>
      <ManufactureCountry>ישראל</ManufactureCountry>
      <ManufacturerItemDescription>פיתה קראנצ טבעי 300 גרם</ManufacturerItemDescription>
      <UnitQty>גרמים</UnitQty>
      <Quantity>300.00</Quantity>
      <UnitOfMeasure>100 גרם</UnitOfMeasure>
      <bIsWeighted>0</bIsWeighted>
      <QtyInPackage>1</QtyInPackage>
      <ItemPrice>12.50</ItemPrice>
      <UnitOfMeasurePrice>4.1667</UnitOfMeasurePrice>
      <AllowDiscount>1</AllowDiscount>
      <ItemStatus>1</ItemStatus>
      <ItemId>246537</ItemId>
    </Item>
    <Item>
      <PriceUpdateDate>2015-07-15 08:39:17</PriceUpdateDate>
      <ItemCode>7290102395378</ItemCode>
      <ItemType>0</ItemType>
      <ItemName>גבינה צהובה פרוסות נ</ItemName>
      <ManufacturerName>טרה</ManufacturerName>
      <ManufactureCountry>לא ידוע</ManufactureCountry>
      <ManufacturerItemDescription>גבינה צהובה פרוסות נועם 28% 360 גרם</ManufacturerItemDescription>
      <UnitQty>גרמים</UnitQty>
      <Quantity>360.00</Quantity>
      <UnitOfMeasure>100 גרם</UnitOfMeasure>
      <bIsWeighted>0</bIsWeighted>
      <QtyInPackage>1</QtyInPackage>
      <ItemPrice>18.90</ItemPrice>
      <UnitOfMeasurePrice>5.2500</UnitOfMeasurePrice>
      <AllowDiscount>1</AllowDiscount>
      <ItemStatus>1</ItemStatus>
      <ItemId>246545</ItemId>
    </Item>
    <Item>
      <PriceUpdateDate>2015-07-15 08:39:17</PriceUpdateDate>
      <ItemCode>7290102394463</ItemCode>
      <ItemType>0</ItemType>
      <ItemName>גבינה צהובה פרוסות ב</ItemName>
      <ManufacturerName>טרה</ManufacturerName>
      <ManufactureCountry>לא ידוע</ManufactureCountry>
      <ManufacturerItemDescription>גבינה צהובה פרוסות בואקום 28% 500 גרם</ManufacturerItemDescription>
      <UnitQty>גרמים</UnitQty>
      <Quantity>500.00</Quantity>
      <UnitOfMeasure>100 גרם</UnitOfMeasure>
      <bIsWeighted>0</bIsWeighted>
      <QtyInPackage>1</QtyInPackage>
      <ItemPrice>27.30</ItemPrice>
      <UnitOfMeasurePrice>5.4600</UnitOfMeasurePrice>
      <AllowDiscount>1</AllowDiscount>
      <ItemStatus>1</ItemStatus>
      <ItemId>246546</ItemId>
    </Item>
    <Item>
      <PriceUpdateDate>2015-01-01 00:00:00</PriceUpdateDate>
      <ItemCode>7290011126209</ItemCode>
      <ItemType>0</ItemType>
      <ItemName>תה ירוק תפוח וקינמון</ItemName>
      <ManufacturerName>ויסוצקי</ManufacturerName>
      <ManufactureCountry>לא ידוע</ManufactureCountry>
      <ManufacturerItemDescription>תה ירוק תפוח וקינמון 25 שקיקים</ManufacturerItemDescription>
      <UnitQty>גרמים</UnitQty>
      <Quantity>63.00</Quantity>
      <UnitOfMeasure>100 גרם</UnitOfMeasure>
      <bIsWeighted>0</bIsWeighted>
      <QtyInPackage>1</QtyInPackage>
      <ItemPrice>12.50</ItemPrice>
      <UnitOfMeasurePrice>19.8413</UnitOfMeasurePrice>
      <AllowDiscount>1</AllowDiscount>
      <ItemStatus>1</ItemStatus>
      <ItemId>253692</ItemId>
    </Item>
    <Item>
      <PriceUpdateDate>2015-01-01 00:00:00</PriceUpdateDate>
      <ItemCode>7290100658338</ItemCode>
      <ItemType>0</ItemType>
      <ItemName>נוזל כלים פלמוליב או</ItemName>
      <ManufacturerName>קולגייט פלמוליב</ManufacturerName>
      <ManufactureCountry>לא ידוע</ManufactureCountry>
      <ManufacturerItemDescription>נוזל כלים פלמוליב אוקסי כחול 750 מ"ל</ManufacturerItemDescription>
      <UnitQty>מיליליטרים</UnitQty>
      <Quantity>750.00</Quantity>
      <UnitOfMeasure>100 מ"ל</UnitOfMeasure>
      <bIsWeighted>0</bIsWeighted>
      <QtyInPackage>1</QtyInPackage>
      <ItemPrice>8.90</ItemPrice>
      <UnitOfMeasurePrice>1.1867</UnitOfMeasurePrice>
      <AllowDiscount>1</AllowDiscount>
      <ItemStatus>1</ItemStatus>
      <ItemId>246638</ItemId>
    </Item>
    <Item>
      <PriceUpdateDate>2015-01-01 00:00:00</PriceUpdateDate>
      <ItemCode>8714789797786</ItemCode>
      <ItemType>0</ItemType>
      <ItemName>נוזל כלים פלמוליב שק</ItemName>
      <ManufacturerName>קולגייט פלמוליב</ManufacturerName>
      <ManufactureCountry>לא ידוע</ManufactureCountry>
      <ManufacturerItemDescription>נוזל כלים פלמוליב שקוף ים  750 מ"ל</ManufacturerItemDescription>
      <UnitQty>מיליליטרים</UnitQty>
      <Quantity>750.00</Quantity>
      <UnitOfMeasure>100 מ"ל</UnitOfMeasure>
      <bIsWeighted>0</bIsWeighted>
      <QtyInPackage>1</QtyInPackage>
      <ItemPrice>8.90</ItemPrice>
      <UnitOfMeasurePrice>1.1867</UnitOfMeasurePrice>
      <AllowDiscount>1</AllowDiscount>
      <ItemStatus>1</ItemStatus>
      <ItemId>246639</ItemId>
    </Item>
    <Item>
      <PriceUpdateDate>2016-02-11 13:39:49</PriceUpdateDate>
      <ItemCode>7290106520912</ItemCode>
      <ItemType>0</ItemType>
      <ItemName>שמנת לבישול 9% 250 מ</ItemName>
      <ManufacturerName>שטראוס</ManufacturerName>
      <ManufactureCountry>ישראל</ManufactureCountry>
      <ManufacturerItemDescription>שמנת לבישול 9% 250 מל</ManufacturerItemDescription>
      <UnitQty>מיליליטרים</UnitQty>
      <Quantity>250.00</Quantity>
      <UnitOfMeasure>100 מ"ל</UnitOfMeasure>
      <bIsWeighted>0</bIsWeighted>
      <QtyInPackage>1</QtyInPackage>
      <ItemPrice>7.60</ItemPrice>
      <UnitOfMeasurePrice>3.0400</UnitOfMeasurePrice>
      <AllowDiscount>1</AllowDiscount>
      <ItemStatus>1</ItemStatus>
      <ItemId>246643</ItemId>
    </Item>
    <Item>
      <PriceUpdateDate>2015-01-01 00:00:00</PriceUpdateDate>
      <ItemCode>7290104285462</ItemCode>
      <ItemType>0</ItemType>
      <ItemName>מברשת שיער יוקרתי</ItemName>
      <ManufacturerName>,</ManufacturerName>
      <ManufactureCountry>לא ידוע</ManufactureCountry>
      <ManufacturerItemDescription>מברשת שיער יוקרתי</ManufacturerItemDescription>
      <UnitQty>Unknown </UnitQty>
      <Quantity>0.00</Quantity>
      <UnitOfMeasure>Unknown </UnitOfMeasure>
      <bIsWeighted>0</bIsWeighted>
      <QtyInPackage>1</QtyInPackage>
      <ItemPrice>17.90</ItemPrice>
      <UnitOfMeasurePrice>0.0000</UnitOfMeasurePrice>
      <AllowDiscount>1</AllowDiscount>
      <ItemStatus>1</ItemStatus>
      <ItemId>252672</ItemId>
    </Item>
    <Item>
      <PriceUpdateDate>2015-01-01 00:00:00</PriceUpdateDate>
      <ItemCode>7290105369062</ItemCode>
      <ItemType>0</ItemType>
      <ItemName>דני תותי פרוטי 125 מ</ItemName>
      <ManufacturerName>,</ManufacturerName>
      <ManufactureCountry>לא ידוע</ManufactureCountry>
      <ManufacturerItemDescription>דני תותי פרוטי 125 מ"ל רובין מהדרין</ManufacturerItemDescription>
      <UnitQty>מיליליטרים</UnitQty>
      <Quantity>125.00</Quantity>
      <UnitOfMeasure>100 מ"ל</UnitOfMeasure>
      <bIsWeighted>0</bIsWeighted>
      <QtyInPackage>1</QtyInPackage>
      <ItemPrice>2.50</ItemPrice>
      <UnitOfMeasurePrice>2.0000</UnitOfMeasurePrice>
      <AllowDiscount>1</AllowDiscount>
      <ItemStatus>1</ItemStatus>
      <ItemId>246646</ItemId>
    </Item>
    <Item>
      <PriceUpdateDate>2015-01-01 00:00:00</PriceUpdateDate>
      <ItemCode>3781065</ItemCode>
      <ItemType>0</ItemType>
      <ItemName>מלפפונים בסגנון צרפת</ItemName>
      <ManufacturerName>,</ManufacturerName>
      <ManufactureCountry>לא ידוע</ManufactureCountry>
      <ManufacturerItemDescription>מלפפונים בסגנון צרפתי 680 גרם</ManufacturerItemDescription>
      <UnitQty>גרמים</UnitQty>
      <Quantity>680.00</Quantity>
      <UnitOfMeasure>100 גרם</UnitOfMeasure>
      <bIsWeighted>0</bIsWeighted>
      <QtyInPackage>1</QtyInPackage>
      <ItemPrice>7.90</ItemPrice>
      <UnitOfMeasurePrice>1.1618</UnitOfMeasurePrice>
      <AllowDiscount>1</AllowDiscount>
      <ItemStatus>1</ItemStatus>
      <ItemId>246651</ItemId>
    </Item>
    <Item>
      <PriceUpdateDate>2015-01-01 00:00:00</PriceUpdateDate>
      <ItemCode>7290014094567</ItemCode>
      <ItemType>0</ItemType>
      <ItemName>שמן זית כתית מעולה</ItemName>
      <ManufacturerName>,</ManufacturerName>
      <ManufactureCountry>לא ידוע</ManufactureCountry>
      <ManufacturerItemDescription>שמן זית כתית מעולה 750 מ"ל אהרוני</ManufacturerItemDescription>
      <UnitQty>מיליליטרים</UnitQty>
      <Quantity>750.00</Quantity>
      <UnitOfMeasure>100 מ"ל</UnitOfMeasure>
      <bIsWeighted>0</bIsWeighted>
      <QtyInPackage>1</QtyInPackage>
      <ItemPrice>29.90</ItemPrice>
      <UnitOfMeasurePrice>3.9867</UnitOfMeasurePrice>
      <AllowDiscount>1</AllowDiscount>
      <ItemStatus>1</ItemStatus>
      <ItemId>246655</ItemId>
    </Item>
    <Item>
      <PriceUpdateDate>2016-03-08 08:34:44</PriceUpdateDate>
      <ItemCode>7290014094499</ItemCode>
      <ItemType>0</ItemType>
      <ItemName>אורז יסמין טהור 1 ק"</ItemName>
      <ManufacturerName>,</ManufacturerName>
      <ManufactureCountry>לא ידוע</ManufactureCountry>
      <ManufacturerItemDescription>אורז יסמין טהור 1 ק"ג אהרוני</ManufacturerItemDescription>
      <UnitQty>קילוגרמים</UnitQty>
      <Quantity>1.00</Quantity>
      <UnitOfMeasure>ק"ג     </UnitOfMeasure>
      <bIsWeighted>0</bIsWeighted>
      <QtyInPackage>1</QtyInPackage>
      <ItemPrice>9.90</ItemPrice>
      <UnitOfMeasurePrice>9.9000</UnitOfMeasurePrice>
      <AllowDiscount>1</AllowDiscount>
      <ItemStatus>1</ItemStatus>
      <ItemId>246656</ItemId>
    </Item>
    <Item>
      <PriceUpdateDate>2016-03-08 08:34:44</PriceUpdateDate>
      <ItemCode>7290014094505</ItemCode>
      <ItemType>0</ItemType>
      <ItemName>אורז בסמטי טהור 1 ק"</ItemName>
      <ManufacturerName>,</ManufacturerName>
      <ManufactureCountry>לא ידוע</ManufactureCountry>
      <ManufacturerItemDescription>אורז בסמטי טהור 1 ק"ג אהרוני</ManufacturerItemDescription>
      <UnitQty>קילוגרמים</UnitQty>
      <Quantity>1.00</Quantity>
      <UnitOfMeasure>ק"ג     </UnitOfMeasure>
      <bIsWeighted>0</bIsWeighted>
      <QtyInPackage>1</QtyInPackage>
      <ItemPrice>10.90</ItemPrice>
      <UnitOfMeasurePrice>10.9000</UnitOfMeasurePrice>
      <AllowDiscount>1</AllowDiscount>
      <ItemStatus>1</ItemStatus>
      <ItemId>246657</ItemId>
    </Item>
    <Item>
      <PriceUpdateDate>2016-03-01 11:17:28</PriceUpdateDate>
      <ItemCode>5996496007522</ItemCode>
      <ItemType>1</ItemType>
      <ItemName>בונבוניירה שושנים רו</ItemName>
      <ManufacturerName>,</ManufacturerName>
      <ManufactureCountry>לא ידוע</ManufactureCountry>
      <ManufacturerItemDescription>בונבוניירה שושנים 200 גרם</ManufacturerItemDescription>
      <UnitQty>גרמים</UnitQty>
      <Quantity>200.00</Quantity>
      <UnitOfMeasure>100 גרם</UnitOfMeasure>
      <bIsWeighted>0</bIsWeighted>
      <QtyInPackage>1</QtyInPackage>
      <ItemPrice>9.90</ItemPrice>
      <UnitOfMeasurePrice>4.9500</UnitOfMeasurePrice>
      <AllowDiscount>1</AllowDiscount>
      <ItemStatus>1</ItemStatus>
      <ItemId>267058</ItemId>
    </Item>
    <Item>
      <PriceUpdateDate>2015-01-01 00:00:00</PriceUpdateDate>
      <ItemCode>7290014095861</ItemCode>
      <ItemType>0</ItemType>
      <ItemName>שיבולת שועל דקה 500</ItemName>
      <ManufacturerName>שקדיה</ManufacturerName>
      <ManufactureCountry>לא ידוע</ManufactureCountry>
      <ManufacturerItemDescription>שיבולת שועל דקה 500 גרם</ManufacturerItemDescription>
      <UnitQty>גרמים</UnitQty>
      <Quantity>500.00</Quantity>
      <UnitOfMeasure>100 גרם</UnitOfMeasure>
      <bIsWeighted>0</bIsWeighted>
      <QtyInPackage>1</QtyInPackage>
      <ItemPrice>4.90</ItemPrice>
      <UnitOfMeasurePrice>0.9800</UnitOfMeasurePrice>
      <AllowDiscount>1</AllowDiscount>
      <ItemStatus>1</ItemStatus>
      <ItemId>246680</ItemId>
    </Item>
    <Item>
      <PriceUpdateDate>2015-01-01 00:00:00</PriceUpdateDate>
      <ItemCode>7290106573642</ItemCode>
      <ItemType>0</ItemType>
      <ItemName>סלט חומוס צנובר 400</ItemName>
      <ManufacturerName>צבר</ManufacturerName>
      <ManufactureCountry>לא ידוע</ManufactureCountry>
      <ManufacturerItemDescription>סלט חומוס צנובר 400 גרם צבר</ManufacturerItemDescription>
      <UnitQty>גרמים</UnitQty>
      <Quantity>400.00</Quantity>
      <UnitOfMeasure>100 גרם</UnitOfMeasure>
      <bIsWeighted>0</bIsWeighted>
      <QtyInPackage>1</QtyInPackage>
      <ItemPrice>11.90</ItemPrice>
      <UnitOfMeasurePrice>2.9750</UnitOfMeasurePrice>
      <AllowDiscount>1</AllowDiscount>
      <ItemStatus>1</ItemStatus>
      <ItemId>246684</ItemId>
    </Item>
    <Item>
      <PriceUpdateDate>2015-01-01 00:00:00</PriceUpdateDate>
      <ItemCode>7290106573628</ItemCode>
      <ItemType>0</ItemType>
      <ItemName>חומוס עם טחינה 400 ג</ItemName>
      <ManufacturerName>צבר</ManufacturerName>
      <ManufactureCountry>לא ידוע</ManufactureCountry>
      <ManufacturerItemDescription>חומוס עם טחינה 400 גרם צבר</ManufacturerItemDescription>
      <UnitQty>גרמים</UnitQty>
      <Quantity>400.00</Quantity>
      <UnitOfMeasure>100 גרם</UnitOfMeasure>
      <bIsWeighted>0</bIsWeighted>
      <QtyInPackage>1</QtyInPackage>
      <ItemPrice>11.90</ItemPrice>
      <UnitOfMeasurePrice>2.9750</UnitOfMeasurePrice>
      <AllowDiscount>1</AllowDiscount>
      <ItemStatus>1</ItemStatus>
      <ItemId>246685</ItemId>
    </Item>
    <Item>
      <PriceUpdateDate>2015-01-01 00:00:00</PriceUpdateDate>
      <ItemCode>7290106573574</ItemCode>
      <ItemType>0</ItemType>
      <ItemName>חומוס ירושלמי 400 גר</ItemName>
      <ManufacturerName>צבר</ManufacturerName>
      <ManufactureCountry>לא ידוע</ManufactureCountry>
      <ManufacturerItemDescription>חומוס ירושלמי 400 גרם צבר</ManufacturerItemDescription>
      <UnitQty>גרמים</UnitQty>
      <Quantity>400.00</Quantity>
      <UnitOfMeasure>100 גרם</UnitOfMeasure>
      <bIsWeighted>0</bIsWeighted>
      <QtyInPackage>1</QtyInPackage>
      <ItemPrice>11.90</ItemPrice>
      <UnitOfMeasurePrice>2.9750</UnitOfMeasurePrice>
      <AllowDiscount>1</AllowDiscount>
      <ItemStatus>1</ItemStatus>
      <ItemId>246686</ItemId>
    </Item>
    <Item>
      <PriceUpdateDate>2015-01-01 00:00:00</PriceUpdateDate>
      <ItemCode>7290106573819</ItemCode>
      <ItemType>0</ItemType>
      <ItemName>חומוס אבו גוש 400 גר</ItemName>
      <ManufacturerName>צבר</ManufacturerName>
      <ManufactureCountry>לא ידוע</ManufactureCountry>
      <ManufacturerItemDescription>חומוס אבו גוש 400 גרם צבר</ManufacturerItemDescription>
      <UnitQty>גרמים</UnitQty>
      <Quantity>400.00</Quantity>
      <UnitOfMeasure>100 גרם</UnitOfMeasure>
      <bIsWeighted>0</bIsWeighted>
      <QtyInPackage>1</QtyInPackage>
      <ItemPrice>11.90</ItemPrice>
      <UnitOfMeasurePrice>2.9750</UnitOfMeasurePrice>
      <AllowDiscount>1</AllowDiscount>
      <ItemStatus>1</ItemStatus>
      <ItemId>246688</ItemId>
    </Item>
    <Item>
      <PriceUpdateDate>2015-01-01 00:00:00</PriceUpdateDate>
      <ItemCode>7290106573796</ItemCode>
      <ItemType>0</ItemType>
      <ItemName>חומוס זעתר 400 גרם צ</ItemName>
      <ManufacturerName>צבר</ManufacturerName>
      <ManufactureCountry>לא ידוע</ManufactureCountry>
      <ManufacturerItemDescription>חומוס זעתר 400 גרם צבר</ManufacturerItemDescription>
      <UnitQty>גרמים</UnitQty>
      <Quantity>400.00</Quantity>
      <UnitOfMeasure>100 גרם</UnitOfMeasure>
      <bIsWeighted>0</bIsWeighted>
      <QtyInPackage>1</QtyInPackage>
      <ItemPrice>11.90</ItemPrice>
      <UnitOfMeasurePrice>2.9750</UnitOfMeasurePrice>
      <AllowDiscount>1</AllowDiscount>
      <ItemStatus>1</ItemStatus>
      <ItemId>246689</ItemId>
    </Item>
    <Item>
      <PriceUpdateDate>2015-05-10 13:30:51</PriceUpdateDate>
      <ItemCode>7290102177554</ItemCode>
      <ItemType>0</ItemType>
      <ItemName>ניילון פס לבן 50 יח</ItemName>
      <ManufacturerName>,</ManufacturerName>
      <ManufactureCountry>לא ידוע</ManufactureCountry>
      <ManufacturerItemDescription>ניילון פס לבן 50 יח</ManufacturerItemDescription>
      <UnitQty>Unknown </UnitQty>
      <Quantity>0.00</Quantity>
      <UnitOfMeasure>Unknown </UnitOfMeasure>
      <bIsWeighted>0</bIsWeighted>
      <QtyInPackage>1</QtyInPackage>
      <ItemPrice>5.90</ItemPrice>
      <UnitOfMeasurePrice>0.0000</UnitOfMeasurePrice>
      <AllowDiscount>1</AllowDiscount>
      <ItemStatus>1</ItemStatus>
      <ItemId>255481</ItemId>
    </Item>
    <Item>
      <PriceUpdateDate>2015-01-01 00:00:00</PriceUpdateDate>
      <ItemCode>5904941750312</ItemCode>
      <ItemType>0</ItemType>
      <ItemName>בלו דיי מוחיטו בודד</ItemName>
      <ManufacturerName>אקו ביט</ManufacturerName>
      <ManufactureCountry>פולין</ManufactureCountry>
      <ManufacturerItemDescription>בלו דיי מוחיטו בודד</ManufacturerItemDescription>
      <UnitQty>Unknown </UnitQty>
      <Quantity>0.00</Quantity>
      <UnitOfMeasure>Unknown </UnitOfMeasure>
      <bIsWeighted>0</bIsWeighted>
      <QtyInPackage>1</QtyInPackage>
      <ItemPrice>4.20</ItemPrice>
      <UnitOfMeasurePrice>0.0000</UnitOfMeasurePrice>
      <AllowDiscount>1</AllowDiscount>
      <ItemStatus>1</ItemStatus>
      <ItemId>246707</ItemId>
    </Item>
    <Item>
      <PriceUpdateDate>2015-01-01 00:00:00</PriceUpdateDate>
      <ItemCode>7290104060120</ItemCode>
      <ItemType>0</ItemType>
      <ItemName>יוגורט כד 3 ליטר 4.5</ItemName>
      <ManufacturerName>,</ManufacturerName>
      <ManufactureCountry>לא ידוע</ManufactureCountry>
      <ManufacturerItemDescription>יוגורט כד 3 ליטר 4.5% רובין</ManufacturerItemDescription>
      <UnitQty>ליטרים</UnitQty>
      <Quantity>4.50</Quantity>
      <UnitOfMeasure>ליטר    </UnitOfMeasure>
      <bIsWeighted>0</bIsWeighted>
      <QtyInPackage>1</QtyInPackage>
      <ItemPrice>26.90</ItemPrice>
      <UnitOfMeasurePrice>5.9778</UnitOfMeasurePrice>
      <AllowDiscount>1</AllowDiscount>
      <ItemStatus>1</ItemStatus>
      <ItemId>246712</ItemId>
    </Item>
    <Item>
      <PriceUpdateDate>2015-01-01 00:00:00</PriceUpdateDate>
      <ItemCode>4436650</ItemCode>
      <ItemType>0</ItemType>
      <ItemName>טחון עוף 500 גרם</ItemName>
      <ManufacturerName>,</ManufacturerName>
      <ManufactureCountry>לא ידוע</ManufactureCountry>
      <ManufacturerItemDescription>טחון עוף 500 גרם</ManufacturerItemDescription>
      <UnitQty>גרמים</UnitQty>
      <Quantity>500.00</Quantity>
      <UnitOfMeasure>100 גרם</UnitOfMeasure>
      <bIsWeighted>0</bIsWeighted>
      <QtyInPackage>1</QtyInPackage>
      <ItemPrice>17.90</ItemPrice>
      <UnitOfMeasurePrice>3.5800</UnitOfMeasurePrice>
      <AllowDiscount>1</AllowDiscount>
      <ItemStatus>1</ItemStatus>
      <ItemId>246714</ItemId>
    </Item>
    <Item>
      <PriceUpdateDate>2016-02-05 07:18:54</PriceUpdateDate>
      <ItemCode>3514151</ItemCode>
      <ItemType>0</ItemType>
      <ItemName>קראנצוס פיצה 70 גרם</ItemName>
      <ManufacturerName>מנה</ManufacturerName>
      <ManufactureCountry>ישראל</ManufactureCountry>
      <ManufacturerItemDescription>קראנצוס פיצה 70 גרם</ManufacturerItemDescription>
      <UnitQty>גרמים</UnitQty>
      <Quantity>70.00</Quantity>
      <UnitOfMeasure>100 גרם</UnitOfMeasure>
      <bIsWeighted>0</bIsWeighted>
      <QtyInPackage>1</QtyInPackage>
      <ItemPrice>1.90</ItemPrice>
      <UnitOfMeasurePrice>2.7143</UnitOfMeasurePrice>
      <AllowDiscount>1</AllowDiscount>
      <ItemStatus>1</ItemStatus>
      <ItemId>246715</ItemId>
    </Item>
    <Item>
      <PriceUpdateDate>2015-01-01 00:00:00</PriceUpdateDate>
      <ItemCode>7290105180483</ItemCode>
      <ItemType>0</ItemType>
      <ItemName>צמרוני אוזניים פלסטי</ItemName>
      <ManufacturerName>,</ManufacturerName>
      <ManufactureCountry>לא ידוע</ManufactureCountry>
      <ManufacturerItemDescription>צמרוני אוזניים פלסטיק 300 יח</ManufacturerItemDescription>
      <UnitQty>Unknown </UnitQty>
      <Quantity>0.00</Quantity>
      <UnitOfMeasure>Unknown </UnitOfMeasure>
      <bIsWeighted>0</bIsWeighted>
      <QtyInPackage>1</QtyInPackage>
      <ItemPrice>6.90</ItemPrice>
      <UnitOfMeasurePrice>0.0000</UnitOfMeasurePrice>
      <AllowDiscount>1</AllowDiscount>
      <ItemStatus>1</ItemStatus>
      <ItemId>246722</ItemId>
    </Item>
    <Item>
      <PriceUpdateDate>2015-01-01 00:00:00</PriceUpdateDate>
      <ItemCode>7290102395774</ItemCode>
      <ItemType>0</ItemType>
      <ItemName>צפתית מעודנת 5% 200</ItemName>
      <ManufacturerName>מחלבת משק צוריאל</ManufacturerName>
      <ManufactureCountry>לא ידוע</ManufactureCountry>
      <ManufacturerItemDescription>צפתית מעודנת 5% 200 גרם אריזה שקופה</ManufacturerItemDescription>
      <UnitQty>גרמים</UnitQty>
      <Quantity>200.00</Quantity>
      <UnitOfMeasure>100 גרם</UnitOfMeasure>
      <bIsWeighted>0</bIsWeighted>
      <QtyInPackage>1</QtyInPackage>
      <ItemPrice>11.50</ItemPrice>
      <UnitOfMeasurePrice>5.7500</UnitOfMeasurePrice>
      <AllowDiscount>1</AllowDiscount>
      <ItemStatus>1</ItemStatus>
      <ItemId>246728</ItemId>
    </Item>
    <Item>
      <PriceUpdateDate>2015-01-01 00:00:00</PriceUpdateDate>
      <ItemCode>7290014759244</ItemCode>
      <ItemType>0</ItemType>
      <ItemName>מאגדת באדי תות 2*500</ItemName>
      <ManufacturerName>,</ManufacturerName>
      <ManufactureCountry>לא ידוע</ManufactureCountry>
      <ManufacturerItemDescription>מאגדת באדי תות 2*500 מ"ל</ManufacturerItemDescription>
      <UnitQty>ליטרים</UnitQty>
      <Quantity>1.00</Quantity>
      <UnitOfMeasure>ליטר    </UnitOfMeasure>
      <bIsWeighted>0</bIsWeighted>
      <QtyInPackage>1</QtyInPackage>
      <ItemPrice>12.90</ItemPrice>
      <UnitOfMeasurePrice>12.9000</UnitOfMeasurePrice>
      <AllowDiscount>1</AllowDiscount>
      <ItemStatus>1</ItemStatus>
      <ItemId>246734</ItemId>
    </Item>
    <Item>
      <PriceUpdateDate>2015-07-28 10:35:45</PriceUpdateDate>
      <ItemCode>7290103157678</ItemCode>
      <ItemType>1</ItemType>
      <ItemName>צלחות גדולות 1 ק"ג</ItemName>
      <ManufacturerName>,</ManufacturerName>
      <ManufactureCountry>לא ידוע</ManufactureCountry>
      <ManufacturerItemDescription>צלחות גדולות 1 ק"ג</ManufacturerItemDescription>
      <UnitQty>Unknown </UnitQty>
      <Quantity>0.00</Quantity>
      <UnitOfMeasure>Unknown </UnitOfMeasure>
      <bIsWeighted>0</bIsWeighted>
      <QtyInPackage>1</QtyInPackage>
      <ItemPrice>14.90</ItemPrice>
      <UnitOfMeasurePrice>0.0000</UnitOfMeasurePrice>
      <AllowDiscount>1</AllowDiscount>
      <ItemStatus>1</ItemStatus>
      <ItemId>264712</ItemId>
    </Item>
    <Item>
      <PriceUpdateDate>2015-01-01 00:00:00</PriceUpdateDate>
      <ItemCode>7290012372285</ItemCode>
      <ItemType>0</ItemType>
      <ItemName>קמח משובח 80% 2.2 ק"</ItemName>
      <ManufacturerName>מ ש רובינפלד בעמ</ManufacturerName>
      <ManufactureCountry>לא ידוע</ManufactureCountry>
      <ManufacturerItemDescription>קמח משובח 80% 2.2 ק"ג</ManufacturerItemDescription>
      <UnitQty>קילוגרמים</UnitQty>
      <Quantity>2.20</Quantity>
      <UnitOfMeasure>ק"ג     </UnitOfMeasure>
      <bIsWeighted>0</bIsWeighted>
      <QtyInPackage>1</QtyInPackage>
      <ItemPrice>22.90</ItemPrice>
      <UnitOfMeasurePrice>10.4091</UnitOfMeasurePrice>
      <AllowDiscount>1</AllowDiscount>
      <ItemStatus>1</ItemStatus>
      <ItemId>246745</ItemId>
    </Item>
    <Item>
      <PriceUpdateDate>2015-01-01 00:00:00</PriceUpdateDate>
      <ItemCode>7290012372292</ItemCode>
      <ItemType>0</ItemType>
      <ItemName>קמח מיוחד 100% 2.2 ק</ItemName>
      <ManufacturerName>מ ש רובינפלד בעמ</ManufacturerName>
      <ManufactureCountry>לא ידוע</ManufactureCountry>
      <ManufacturerItemDescription>קמח מיוחד 100% 2.2 ק"ג</ManufacturerItemDescription>
      <UnitQty>קילוגרמים</UnitQty>
      <Quantity>2.20</Quantity>
      <UnitOfMeasure>ק"ג     </UnitOfMeasure>
      <bIsWeighted>0</bIsWeighted>
      <QtyInPackage>1</QtyInPackage>
      <ItemPrice>22.90</ItemPrice>
      <UnitOfMeasurePrice>10.4091</UnitOfMeasurePrice>
      <AllowDiscount>1</AllowDiscount>
      <ItemStatus>1</ItemStatus>
      <ItemId>246746</ItemId>
    </Item>
    <Item>
      <PriceUpdateDate>2015-01-01 00:00:00</PriceUpdateDate>
      <ItemCode>7290012372308</ItemCode>
      <ItemType>0</ItemType>
      <ItemName>קמח כוסמין 70% 2.2 ק</ItemName>
      <ManufacturerName>מ ש רובינפלד בעמ</ManufacturerName>
      <ManufactureCountry>לא ידוע</ManufactureCountry>
      <ManufacturerItemDescription>קמח כוסמין 70% 2.2 ק"ג</ManufacturerItemDescription>
      <UnitQty>קילוגרמים</UnitQty>
      <Quantity>2.20</Quantity>
      <UnitOfMeasure>ק"ג     </UnitOfMeasure>
      <bIsWeighted>0</bIsWeighted>
      <QtyInPackage>1</QtyInPackage>
      <ItemPrice>41.90</ItemPrice>
      <UnitOfMeasurePrice>19.0455</UnitOfMeasurePrice>
      <AllowDiscount>1</AllowDiscount>
      <ItemStatus>1</ItemStatus>
      <ItemId>246747</ItemId>
    </Item>
    <Item>
      <PriceUpdateDate>2015-01-01 00:00:00</PriceUpdateDate>
      <ItemCode>7290012372186</ItemCode>
      <ItemType>0</ItemType>
      <ItemName>קמח חלה ציק צאק 1 ק"</ItemName>
      <ManufacturerName>מ ש רובינפלד בעמ</ManufacturerName>
      <ManufactureCountry>לא ידוע</ManufactureCountry>
      <ManufacturerItemDescription>קמח חלה ציק צאק 1 ק"ג</ManufacturerItemDescription>
      <UnitQty>קילוגרמים</UnitQty>
      <Quantity>1.00</Quantity>
      <UnitOfMeasure>ק"ג     </UnitOfMeasure>
      <bIsWeighted>0</bIsWeighted>
      <QtyInPackage>1</QtyInPackage>
      <ItemPrice>12.90</ItemPrice>
      <UnitOfMeasurePrice>12.9000</UnitOfMeasurePrice>
      <AllowDiscount>1</AllowDiscount>
      <ItemStatus>1</ItemStatus>
      <ItemId>246748</ItemId>
    </Item>
    <Item>
      <PriceUpdateDate>2016-06-19 10:07:56</PriceUpdateDate>
      <ItemCode>838948000031</ItemCode>
      <ItemType>0</ItemType>
      <ItemName>ממרח שוקולד אגוזים ש</ItemName>
      <ManufacturerName>,</ManufacturerName>
      <ManufactureCountry>לא ידוע</ManufactureCountry>
      <ManufacturerItemDescription>ממרח שוקולד אגוזים שניידרס  400 גרם</ManufacturerItemDescription>
      <UnitQty>גרמים</UnitQty>
      <Quantity>400.00</Quantity>
      <UnitOfMeasure>100 גרם</UnitOfMeasure>
      <bIsWeighted>0</bIsWeighted>
      <QtyInPackage>1</QtyInPackage>
      <ItemPrice>13.90</ItemPrice>
      <UnitOfMeasurePrice>3.4750</UnitOfMeasurePrice>
      <AllowDiscount>1</AllowDiscount>
      <ItemStatus>1</ItemStatus>
      <ItemId>246752</ItemId>
    </Item>
    <Item>
      <PriceUpdateDate>2015-01-01 00:00:00</PriceUpdateDate>
      <ItemCode>7290100852408</ItemCode>
      <ItemType>0</ItemType>
      <ItemName>עוגת בראוניס קוקוס</ItemName>
      <ManufacturerName>שטראוס</ManufacturerName>
      <ManufactureCountry>ישראל</ManufactureCountry>
      <ManufacturerItemDescription>עוגת בראוניס קוקוס 380 גרם</ManufacturerItemDescription>
      <UnitQty>גרמים</UnitQty>
      <Quantity>380.00</Quantity>
      <UnitOfMeasure>100 גרם</UnitOfMeasure>
      <bIsWeighted>0</bIsWeighted>
      <QtyInPackage>1</QtyInPackage>
      <ItemPrice>15.90</ItemPrice>
      <UnitOfMeasurePrice>4.1842</UnitOfMeasurePrice>
      <AllowDiscount>1</AllowDiscount>
      <ItemStatus>1</ItemStatus>
      <ItemId>246766</ItemId>
    </Item>
    <Item>
      <PriceUpdateDate>2015-01-01 00:00:00</PriceUpdateDate>
      <ItemCode>722776200100</ItemCode>
      <ItemType>0</ItemType>
      <ItemName>ממתיק ספלנדה 1000 יח</ItemName>
      <ManufacturerName>,</ManufacturerName>
      <ManufactureCountry>לא ידוע</ManufactureCountry>
      <ManufacturerItemDescription>ממתיק ספלנדה 1000 יח קופסא</ManufacturerItemDescription>
      <UnitQty>קילוגרמים</UnitQty>
      <Quantity>1.00</Quantity>
      <UnitOfMeasure>ק"ג     </UnitOfMeasure>
      <bIsWeighted>0</bIsWeighted>
      <QtyInPackage>1</QtyInPackage>
      <ItemPrice>129.90</ItemPrice>
      <UnitOfMeasurePrice>129.9000</UnitOfMeasurePrice>
      <AllowDiscount>1</AllowDiscount>
      <ItemStatus>1</ItemStatus>
      <ItemId>246791</ItemId>
    </Item>
    <Item>
      <PriceUpdateDate>2015-01-01 00:00:00</PriceUpdateDate>
      <ItemCode>722776210567</ItemCode>
      <ItemType>0</ItemType>
      <ItemName>ממתיק ספלנדה שקית ענ</ItemName>
      <ManufacturerName>,</ManufacturerName>
      <ManufactureCountry>לא ידוע</ManufactureCountry>
      <ManufacturerItemDescription>ממתיק ספלנדה שקית ענק 742 גרם</ManufacturerItemDescription>
      <UnitQty>גרמים</UnitQty>
      <Quantity>742.00</Quantity>
      <UnitOfMeasure>100 גרם</UnitOfMeasure>
      <bIsWeighted>0</bIsWeighted>
      <QtyInPackage>1</QtyInPackage>
      <ItemPrice>89.90</ItemPrice>
      <UnitOfMeasurePrice>12.1159</UnitOfMeasurePrice>
      <AllowDiscount>1</AllowDiscount>
      <ItemStatus>1</ItemStatus>
      <ItemId>246792</ItemId>
    </Item>
    <Item>
      <PriceUpdateDate>2015-01-01 00:00:00</PriceUpdateDate>
      <ItemCode>7290101866787</ItemCode>
      <ItemType>0</ItemType>
      <ItemName>וניש קליה נוזל 3 ליט</ItemName>
      <ManufacturerName>רקיט בנקיזר</ManufacturerName>
      <ManufactureCountry>ישראל</ManufactureCountry>
      <ManufacturerItemDescription>וניש קליה נוזל 3 ליטר</ManufacturerItemDescription>
      <UnitQty>ליטרים</UnitQty>
      <Quantity>3.00</Quantity>
      <UnitOfMeasure>ליטר    </UnitOfMeasure>
      <bIsWeighted>0</bIsWeighted>
      <QtyInPackage>1</QtyInPackage>
      <ItemPrice>24.90</ItemPrice>
      <UnitOfMeasurePrice>8.3000</UnitOfMeasurePrice>
      <AllowDiscount>1</AllowDiscount>
      <ItemStatus>1</ItemStatus>
      <ItemId>249884</ItemId>
    </Item>
    <Item>
      <PriceUpdateDate>2016-03-01 11:17:28</PriceUpdateDate>
      <ItemCode>5996496007485</ItemCode>
      <ItemType>1</ItemType>
      <ItemName>בונבוניירה ליידי כחו</ItemName>
      <ManufacturerName>,</ManufacturerName>
      <ManufactureCountry>לא ידוע</ManufactureCountry>
      <ManufacturerItemDescription>בונבוניירה ליידי כחול 200 גרם</ManufacturerItemDescription>
      <UnitQty>גרמים</UnitQty>
      <Quantity>200.00</Quantity>
      <UnitOfMeasure>100 גרם</UnitOfMeasure>
      <bIsWeighted>0</bIsWeighted>
      <QtyInPackage>1</QtyInPackage>
      <ItemPrice>9.90</ItemPrice>
      <UnitOfMeasurePrice>4.9500</UnitOfMeasurePrice>
      <AllowDiscount>1</AllowDiscount>
      <ItemStatus>1</ItemStatus>
      <ItemId>267059</ItemId>
    </Item>
    <Item>
      <PriceUpdateDate>2015-01-01 00:00:00</PriceUpdateDate>
      <ItemCode>7290055090849</ItemCode>
      <ItemType>0</ItemType>
      <ItemName>מרשמלו 500 גרם</ItemName>
      <ManufacturerName>,</ManufacturerName>
      <ManufactureCountry>לא ידוע</ManufactureCountry>
      <ManufacturerItemDescription>מרשמלו 500 גרם</ManufacturerItemDescription>
      <UnitQty>גרמים</UnitQty>
      <Quantity>500.00</Quantity>
      <UnitOfMeasure>100 גרם</UnitOfMeasure>
      <bIsWeighted>0</bIsWeighted>
      <QtyInPackage>1</QtyInPackage>
      <ItemPrice>13.90</ItemPrice>
      <UnitOfMeasurePrice>2.7800</UnitOfMeasurePrice>
      <AllowDiscount>1</AllowDiscount>
      <ItemStatus>1</ItemStatus>
      <ItemId>246827</ItemId>
    </Item>
    <Item>
      <PriceUpdateDate>2015-09-01 11:03:10</PriceUpdateDate>
      <ItemCode>7290012295478</ItemCode>
      <ItemType>0</ItemType>
      <ItemName>עלי חסה רומית מהדרין</ItemName>
      <ManufacturerName>,</ManufacturerName>
      <ManufactureCountry>לא ידוע</ManufactureCountry>
      <ManufacturerItemDescription>עלי חסה רומית מהדרין</ManufacturerItemDescription>
      <UnitQty>Unknown </UnitQty>
      <Quantity>0.00</Quantity>
      <UnitOfMeasure>Unknown </UnitOfMeasure>
      <bIsWeighted>0</bIsWeighted>
      <QtyInPackage>1</QtyInPackage>
      <ItemPrice>6.90</ItemPrice>
      <UnitOfMeasurePrice>0.0000</UnitOfMeasurePrice>
      <AllowDiscount>1</AllowDiscount>
      <ItemStatus>1</ItemStatus>
      <ItemId>246830</ItemId>
    </Item>
    <Item>
      <PriceUpdateDate>2016-06-19 13:36:37</PriceUpdateDate>
      <ItemCode>7290015652278</ItemCode>
      <ItemType>0</ItemType>
      <ItemName>תערובת פיצוחים 300 ג</ItemName>
      <ManufacturerName>,</ManufacturerName>
      <ManufactureCountry>לא ידוע</ManufactureCountry>
      <ManufacturerItemDescription>תערובת פיצוחים 300 גרם</ManufacturerItemDescription>
      <UnitQty>גרמים</UnitQty>
      <Quantity>300.00</Quantity>
      <UnitOfMeasure>100 גרם</UnitOfMeasure>
      <bIsWeighted>0</bIsWeighted>
      <QtyInPackage>1</QtyInPackage>
      <ItemPrice>19.90</ItemPrice>
      <UnitOfMeasurePrice>6.6333</UnitOfMeasurePrice>
      <AllowDiscount>1</AllowDiscount>
      <ItemStatus>1</ItemStatus>
      <ItemId>268100</ItemId>
    </Item>
    <Item>
      <PriceUpdateDate>2015-01-01 00:00:00</PriceUpdateDate>
      <ItemCode>426563</ItemCode>
      <ItemType>0</ItemType>
      <ItemName>שניצל דג נסיכה 700 ג</ItemName>
      <ManufacturerName>,</ManufacturerName>
      <ManufactureCountry>לא ידוע</ManufactureCountry>
      <ManufacturerItemDescription>שניצל דג נסיכה 700 גרם בד"צ עדה חרדית</ManufacturerItemDescription>
      <UnitQty>גרמים</UnitQty>
      <Quantity>700.00</Quantity>
      <UnitOfMeasure>100 גרם</UnitOfMeasure>
      <bIsWeighted>0</bIsWeighted>
      <QtyInPackage>1</QtyInPackage>
      <ItemPrice>19.90</ItemPrice>
      <UnitOfMeasurePrice>2.8429</UnitOfMeasurePrice>
      <AllowDiscount>1</AllowDiscount>
      <ItemStatus>1</ItemStatus>
      <ItemId>246855</ItemId>
    </Item>
    <Item>
      <PriceUpdateDate>2015-01-01 00:00:00</PriceUpdateDate>
      <ItemCode>426594</ItemCode>
      <ItemType>0</ItemType>
      <ItemName>אצבעות דג נסיכה 700</ItemName>
      <ManufacturerName>,</ManufacturerName>
      <ManufactureCountry>לא ידוע</ManufactureCountry>
      <ManufacturerItemDescription>אצבעות דג נסיכה 700 גרם בד"צ עדה חרדית</ManufacturerItemDescription>
      <UnitQty>גרמים</UnitQty>
      <Quantity>700.00</Quantity>
      <UnitOfMeasure>100 גרם</UnitOfMeasure>
      <bIsWeighted>0</bIsWeighted>
      <QtyInPackage>1</QtyInPackage>
      <ItemPrice>19.90</ItemPrice>
      <UnitOfMeasurePrice>2.8429</UnitOfMeasurePrice>
      <AllowDiscount>1</AllowDiscount>
      <ItemStatus>1</ItemStatus>
      <ItemId>246856</ItemId>
    </Item>
    <Item>
      <PriceUpdateDate>2015-01-01 00:00:00</PriceUpdateDate>
      <ItemCode>2706038</ItemCode>
      <ItemType>0</ItemType>
      <ItemName>שניצלוני דג 600 גרם</ItemName>
      <ManufacturerName>דלידג</ManufacturerName>
      <ManufactureCountry>לא ידוע</ManufactureCountry>
      <ManufacturerItemDescription>שניצלוני דג 600 גרם מהדרין</ManufacturerItemDescription>
      <UnitQty>גרמים</UnitQty>
      <Quantity>600.00</Quantity>
      <UnitOfMeasure>100 גרם</UnitOfMeasure>
      <bIsWeighted>0</bIsWeighted>
      <QtyInPackage>1</QtyInPackage>
      <ItemPrice>17.90</ItemPrice>
      <UnitOfMeasurePrice>2.9833</UnitOfMeasurePrice>
      <AllowDiscount>1</AllowDiscount>
      <ItemStatus>1</ItemStatus>
      <ItemId>246862</ItemId>
    </Item>
    <Item>
      <PriceUpdateDate>2015-01-01 00:00:00</PriceUpdateDate>
      <ItemCode>2706021</ItemCode>
      <ItemType>0</ItemType>
      <ItemName>טבעות דג 700 גרם מהד</ItemName>
      <ManufacturerName>דלידג</ManufacturerName>
      <ManufactureCountry>לא ידוע</ManufactureCountry>
      <ManufacturerItemDescription>טבעות דג 700 גרם מהדרין</ManufacturerItemDescription>
      <UnitQty>גרמים</UnitQty>
      <Quantity>700.00</Quantity>
      <UnitOfMeasure>100 גרם</UnitOfMeasure>
      <bIsWeighted>0</bIsWeighted>
      <QtyInPackage>1</QtyInPackage>
      <ItemPrice>19.90</ItemPrice>
      <UnitOfMeasurePrice>2.8429</UnitOfMeasurePrice>
      <AllowDiscount>1</AllowDiscount>
      <ItemStatus>1</ItemStatus>
      <ItemId>246863</ItemId>
    </Item>
    <Item>
      <PriceUpdateDate>2015-01-01 00:00:00</PriceUpdateDate>
      <ItemCode>2706045</ItemCode>
      <ItemType>0</ItemType>
      <ItemName>שניצל דג במבינו 1 ק"</ItemName>
      <ManufacturerName>דלידג</ManufacturerName>
      <ManufactureCountry>לא ידוע</ManufactureCountry>
      <ManufacturerItemDescription>שניצל דג במבינו 1 ק"ג מהדרין</ManufacturerItemDescription>
      <UnitQty>קילוגרמים</UnitQty>
      <Quantity>1.00</Quantity>
      <UnitOfMeasure>ק"ג     </UnitOfMeasure>
      <bIsWeighted>0</bIsWeighted>
      <QtyInPackage>1</QtyInPackage>
      <ItemPrice>24.90</ItemPrice>
      <UnitOfMeasurePrice>24.9000</UnitOfMeasurePrice>
      <AllowDiscount>1</AllowDiscount>
      <ItemStatus>1</ItemStatus>
      <ItemId>246864</ItemId>
    </Item>
    <Item>
      <PriceUpdateDate>2015-05-05 14:48:18</PriceUpdateDate>
      <ItemCode>904900</ItemCode>
      <ItemType>0</ItemType>
      <ItemName>נייר מגבת קירקלנד</ItemName>
      <ManufacturerName>,</ManufacturerName>
      <ManufactureCountry>לא ידוע</ManufactureCountry>
      <ManufacturerItemDescription>נייר מגבת קירקלנד בודד</ManufacturerItemDescription>
      <UnitQty>לא מנהל יחידת מידה</UnitQty>
      <Quantity>0.00</Quantity>
      <UnitOfMeasure>לא מנהל יחידת מידה</UnitOfMeasure>
      <bIsWeighted>0</bIsWeighted>
      <QtyInPackage>1</QtyInPackage>
      <ItemPrice>9.90</ItemPrice>
      <UnitOfMeasurePrice>0.0000</UnitOfMeasurePrice>
      <AllowDiscount>1</AllowDiscount>
      <ItemStatus>1</ItemStatus>
      <ItemId>246866</ItemId>
    </Item>
    <Item>
      <PriceUpdateDate>2015-01-01 00:00:00</PriceUpdateDate>
      <ItemCode>11210607040</ItemCode>
      <ItemType>0</ItemType>
      <ItemName>רוטב טבסקו ציפוטלי</ItemName>
      <ManufacturerName>ניצן</ManufacturerName>
      <ManufactureCountry>ארצות הברית</ManufactureCountry>
      <ManufacturerItemDescription>רוטב טבסקו ציפוטלי 60 מל</ManufacturerItemDescription>
      <UnitQty>מיליליטרים</UnitQty>
      <Quantity>60.00</Quantity>
      <UnitOfMeasure>100 מ"ל</UnitOfMeasure>
      <bIsWeighted>0</bIsWeighted>
      <QtyInPackage>1</QtyInPackage>
      <ItemPrice>10.90</ItemPrice>
      <UnitOfMeasurePrice>18.1667</UnitOfMeasurePrice>
      <AllowDiscount>1</AllowDiscount>
      <ItemStatus>1</ItemStatus>
      <ItemId>246885</ItemId>
    </Item>
    <Item>
      <PriceUpdateDate>2015-01-01 00:00:00</PriceUpdateDate>
      <ItemCode>11210002500</ItemCode>
      <ItemType>0</ItemType>
      <ItemName>רוטב טבסקו באפלו 150</ItemName>
      <ManufacturerName>,</ManufacturerName>
      <ManufactureCountry>לא ידוע</ManufactureCountry>
      <ManufacturerItemDescription>רוטב טבסקו באפלו 150 מ"ל</ManufacturerItemDescription>
      <UnitQty>מיליליטרים</UnitQty>
      <Quantity>150.00</Quantity>
      <UnitOfMeasure>100 מ"ל</UnitOfMeasure>
      <bIsWeighted>0</bIsWeighted>
      <QtyInPackage>1</QtyInPackage>
      <ItemPrice>19.90</ItemPrice>
      <UnitOfMeasurePrice>13.2667</UnitOfMeasurePrice>
      <AllowDiscount>1</AllowDiscount>
      <ItemStatus>1</ItemStatus>
      <ItemId>246886</ItemId>
    </Item>
    <Item>
      <PriceUpdateDate>2015-01-01 00:00:00</PriceUpdateDate>
      <ItemCode>7290106653726</ItemCode>
      <ItemType>0</ItemType>
      <ItemName>מארז 1/8 מעדן מיני ד</ItemName>
      <ManufacturerName>,</ManufacturerName>
      <ManufactureCountry>לא ידוע</ManufactureCountry>
      <ManufacturerItemDescription>מארז 1/8 מעדן מיני דני וניל</ManufacturerItemDescription>
      <UnitQty>מיליליטרים</UnitQty>
      <Quantity>760.00</Quantity>
      <UnitOfMeasure>100 מ"ל</UnitOfMeasure>
      <bIsWeighted>0</bIsWeighted>
      <QtyInPackage>1</QtyInPackage>
      <ItemPrice>12.90</ItemPrice>
      <UnitOfMeasurePrice>1.6974</UnitOfMeasurePrice>
      <AllowDiscount>1</AllowDiscount>
      <ItemStatus>1</ItemStatus>
      <ItemId>246888</ItemId>
    </Item>
    <Item>
      <PriceUpdateDate>2015-09-01 13:30:01</PriceUpdateDate>
      <ItemCode>7290014325241</ItemCode>
      <ItemType>0</ItemType>
      <ItemName>שומשום בשקית 800 גרם</ItemName>
      <ManufacturerName>מיה תעשיות מזון בעמ</ManufacturerName>
      <ManufactureCountry>לא ידוע</ManufactureCountry>
      <ManufacturerItemDescription>שומשום בשקית 800 גרם</ManufacturerItemDescription>
      <UnitQty>גרמים</UnitQty>
      <Quantity>800.00</Quantity>
      <UnitOfMeasure>100 גרם</UnitOfMeasure>
      <bIsWeighted>0</bIsWeighted>
      <QtyInPackage>1</QtyInPackage>
      <ItemPrice>17.90</ItemPrice>
      <UnitOfMeasurePrice>2.2375</UnitOfMeasurePrice>
      <AllowDiscount>1</AllowDiscount>
      <ItemStatus>1</ItemStatus>
      <ItemId>246915</ItemId>
    </Item>
    <Item>
      <PriceUpdateDate>2015-11-01 11:03:08</PriceUpdateDate>
      <ItemCode>5287534</ItemCode>
      <ItemType>0</ItemType>
      <ItemName>טונה ס.ק בשמן עישון</ItemName>
      <ManufacturerName>סטארקיסט</ManufacturerName>
      <ManufactureCountry>לא ידוע</ManufactureCountry>
      <ManufacturerItemDescription>טונה ס.ק בשמן עישון טבעי 160 ג OU</ManufacturerItemDescription>
      <UnitQty>גרמים</UnitQty>
      <Quantity>160.00</Quantity>
      <UnitOfMeasure>100 גרם</UnitOfMeasure>
      <bIsWeighted>0</bIsWeighted>
      <QtyInPackage>1</QtyInPackage>
      <ItemPrice>6.90</ItemPrice>
      <UnitOfMeasurePrice>4.3125</UnitOfMeasurePrice>
      <AllowDiscount>1</AllowDiscount>
      <ItemStatus>1</ItemStatus>
      <ItemId>246947</ItemId>
    </Item>
    <Item>
      <PriceUpdateDate>2015-11-01 11:03:08</PriceUpdateDate>
      <ItemCode>5287510</ItemCode>
      <ItemType>0</ItemType>
      <ItemName>טונה ס.ק בשמן עם פלפ</ItemName>
      <ManufacturerName>סטארקיסט</ManufacturerName>
      <ManufactureCountry>לא ידוע</ManufactureCountry>
      <ManufacturerItemDescription>טונה ס.ק בשמן עם פלפל חריף 160 ג OU</ManufacturerItemDescription>
      <UnitQty>גרמים</UnitQty>
      <Quantity>160.00</Quantity>
      <UnitOfMeasure>100 גרם</UnitOfMeasure>
      <bIsWeighted>0</bIsWeighted>
      <QtyInPackage>1</QtyInPackage>
      <ItemPrice>6.90</ItemPrice>
      <UnitOfMeasurePrice>4.3125</UnitOfMeasurePrice>
      <AllowDiscount>1</AllowDiscount>
      <ItemStatus>1</ItemStatus>
      <ItemId>246948</ItemId>
    </Item>
    <Item>
      <PriceUpdateDate>2015-01-01 00:00:00</PriceUpdateDate>
      <ItemCode>7290014325258</ItemCode>
      <ItemType>0</ItemType>
      <ItemName>אורז פרסי 1.4 ק"ג</ItemName>
      <ManufacturerName>מיה תעשיות מזון בעמ</ManufacturerName>
      <ManufactureCountry>ישראל</ManufactureCountry>
      <ManufacturerItemDescription>אורז פרסי 1.4 קג</ManufacturerItemDescription>
      <UnitQty>קילוגרמים</UnitQty>
      <Quantity>1.40</Quantity>
      <UnitOfMeasure>ק"ג     </UnitOfMeasure>
      <bIsWeighted>0</bIsWeighted>
      <QtyInPackage>1</QtyInPackage>
      <ItemPrice>9.90</ItemPrice>
      <UnitOfMeasurePrice>7.0714</UnitOfMeasurePrice>
      <AllowDiscount>1</AllowDiscount>
      <ItemStatus>1</ItemStatus>
      <ItemId>246972</ItemId>
    </Item>
    <Item>
      <PriceUpdateDate>2015-01-01 00:00:00</PriceUpdateDate>
      <ItemCode>8571142</ItemCode>
      <ItemType>0</ItemType>
      <ItemName>כדורי שוקולד 420 גרם</ItemName>
      <ManufacturerName>,</ManufacturerName>
      <ManufactureCountry>לא ידוע</ManufactureCountry>
      <ManufacturerItemDescription>כדורי שוקולד 420 גרם</ManufacturerItemDescription>
      <UnitQty>גרמים</UnitQty>
      <Quantity>420.00</Quantity>
      <UnitOfMeasure>100 גרם</UnitOfMeasure>
      <bIsWeighted>0</bIsWeighted>
      <QtyInPackage>1</QtyInPackage>
      <ItemPrice>18.90</ItemPrice>
      <UnitOfMeasurePrice>4.5000</UnitOfMeasurePrice>
      <AllowDiscount>1</AllowDiscount>
      <ItemStatus>1</ItemStatus>
      <ItemId>246980</ItemId>
    </Item>
    <Item>
      <PriceUpdateDate>2016-06-02 18:31:01</PriceUpdateDate>
      <ItemCode>7290000453897</ItemCode>
      <ItemType>1</ItemType>
      <ItemName>מרגרינה שמרית בטעם ח</ItemName>
      <ManufacturerName>פאקא תעשיות בעמ</ManufacturerName>
      <ManufactureCountry>ישראל</ManufactureCountry>
      <ManufacturerItemDescription>מרגרינה שמרית בטעם חמאה 200 גרם</ManufacturerItemDescription>
      <UnitQty>גרמים</UnitQty>
      <Quantity>200.00</Quantity>
      <UnitOfMeasure>100 גרם</UnitOfMeasure>
      <bIsWeighted>0</bIsWeighted>
      <QtyInPackage>1</QtyInPackage>
      <ItemPrice>3.90</ItemPrice>
      <UnitOfMeasurePrice>1.9500</UnitOfMeasurePrice>
      <AllowDiscount>1</AllowDiscount>
      <ItemStatus>1</ItemStatus>
      <ItemId>268371</ItemId>
    </Item>
    <Item>
      <PriceUpdateDate>2015-01-01 00:00:00</PriceUpdateDate>
      <ItemCode>7290013906281</ItemCode>
      <ItemType>0</ItemType>
      <ItemName>נקניקיות 1 ק"ג מהדרי</ItemName>
      <ManufacturerName>,</ManufacturerName>
      <ManufactureCountry>לא ידוע</ManufactureCountry>
      <ManufacturerItemDescription>נקניקיות 1 ק"ג מהדרין קהילות</ManufacturerItemDescription>
      <UnitQty>קילוגרמים</UnitQty>
      <Quantity>1.00</Quantity>
      <UnitOfMeasure>ק"ג     </UnitOfMeasure>
      <bIsWeighted>0</bIsWeighted>
      <QtyInPackage>1</QtyInPackage>
      <ItemPrice>25.90</ItemPrice>
      <UnitOfMeasurePrice>25.9000</UnitOfMeasurePrice>
      <AllowDiscount>1</AllowDiscount>
      <ItemStatus>1</ItemStatus>
      <ItemId>246986</ItemId>
    </Item>
    <Item>
      <PriceUpdateDate>2015-01-01 00:00:00</PriceUpdateDate>
      <ItemCode>7290013906304</ItemCode>
      <ItemType>0</ItemType>
      <ItemName>פסטרמה על גחלים 400</ItemName>
      <ManufacturerName>,</ManufacturerName>
      <ManufactureCountry>לא ידוע</ManufactureCountry>
      <ManufacturerItemDescription>פסטרמה על גחלים 400 גרם מהדרין קהילות</ManufacturerItemDescription>
      <UnitQty>גרמים</UnitQty>
      <Quantity>400.00</Quantity>
      <UnitOfMeasure>100 גרם</UnitOfMeasure>
      <bIsWeighted>0</bIsWeighted>
      <QtyInPackage>1</QtyInPackage>
      <ItemPrice>24.90</ItemPrice>
      <UnitOfMeasurePrice>6.2250</UnitOfMeasurePrice>
      <AllowDiscount>1</AllowDiscount>
      <ItemStatus>1</ItemStatus>
      <ItemId>246987</ItemId>
    </Item>
    <Item>
      <PriceUpdateDate>2015-01-01 00:00:00</PriceUpdateDate>
      <ItemCode>7290013906311</ItemCode>
      <ItemType>0</ItemType>
      <ItemName>פסטרמה מעושנת 400 גר</ItemName>
      <ManufacturerName>,</ManufacturerName>
      <ManufactureCountry>לא ידוע</ManufactureCountry>
      <ManufacturerItemDescription>פסטרמה מעושנת 400 גרם מהדרין קהילות</ManufacturerItemDescription>
      <UnitQty>גרמים</UnitQty>
      <Quantity>400.00</Quantity>
      <UnitOfMeasure>100 גרם</UnitOfMeasure>
      <bIsWeighted>0</bIsWeighted>
      <QtyInPackage>1</QtyInPackage>
      <ItemPrice>24.90</ItemPrice>
      <UnitOfMeasurePrice>6.2250</UnitOfMeasurePrice>
      <AllowDiscount>1</AllowDiscount>
      <ItemStatus>1</ItemStatus>
      <ItemId>246988</ItemId>
    </Item>
    <Item>
      <PriceUpdateDate>2015-01-01 00:00:00</PriceUpdateDate>
      <ItemCode>7290013906335</ItemCode>
      <ItemType>0</ItemType>
      <ItemName>צמד כפרי 600 גרם מהד</ItemName>
      <ManufacturerName>,</ManufacturerName>
      <ManufactureCountry>לא ידוע</ManufactureCountry>
      <ManufacturerItemDescription>צמד כפרי 600 גרם מהדרין קהילות</ManufacturerItemDescription>
      <UnitQty>גרמים</UnitQty>
      <Quantity>600.00</Quantity>
      <UnitOfMeasure>100 גרם</UnitOfMeasure>
      <bIsWeighted>0</bIsWeighted>
      <QtyInPackage>1</QtyInPackage>
      <ItemPrice>26.90</ItemPrice>
      <UnitOfMeasurePrice>4.4833</UnitOfMeasurePrice>
      <AllowDiscount>1</AllowDiscount>
      <ItemStatus>1</ItemStatus>
      <ItemId>246989</ItemId>
    </Item>
    <Item>
      <PriceUpdateDate>2015-01-01 00:00:00</PriceUpdateDate>
      <ItemCode>7290014725294</ItemCode>
      <ItemType>0</ItemType>
      <ItemName>סוכרזית סוכרלוז 100</ItemName>
      <ManufacturerName>ביסקול בעמ</ManufacturerName>
      <ManufactureCountry>ישראל</ManufactureCountry>
      <ManufacturerItemDescription>סוכרזית סוכרלוז 100 שקיות</ManufacturerItemDescription>
      <UnitQty>גרמים</UnitQty>
      <Quantity>100.00</Quantity>
      <UnitOfMeasure>100 גרם</UnitOfMeasure>
      <bIsWeighted>0</bIsWeighted>
      <QtyInPackage>1</QtyInPackage>
      <ItemPrice>17.90</ItemPrice>
      <UnitOfMeasurePrice>17.9000</UnitOfMeasurePrice>
      <AllowDiscount>1</AllowDiscount>
      <ItemStatus>1</ItemStatus>
      <ItemId>253241</ItemId>
    </Item>
    <Item>
      <PriceUpdateDate>2015-01-01 00:00:00</PriceUpdateDate>
      <ItemCode>7290014397705</ItemCode>
      <ItemType>0</ItemType>
      <ItemName>פוליויקס פרקט בניחוח</ItemName>
      <ManufacturerName>סנו</ManufacturerName>
      <ManufactureCountry>לא ידוע</ManufactureCountry>
      <ManufacturerItemDescription>פוליויקס פרקט בניחוח רענן 2 ליטר</ManufacturerItemDescription>
      <UnitQty>ליטרים</UnitQty>
      <Quantity>2.00</Quantity>
      <UnitOfMeasure>ליטר    </UnitOfMeasure>
      <bIsWeighted>0</bIsWeighted>
      <QtyInPackage>1</QtyInPackage>
      <ItemPrice>14.90</ItemPrice>
      <UnitOfMeasurePrice>7.4500</UnitOfMeasurePrice>
      <AllowDiscount>1</AllowDiscount>
      <ItemStatus>1</ItemStatus>
      <ItemId>246996</ItemId>
    </Item>
    <Item>
      <PriceUpdateDate>2015-01-01 00:00:00</PriceUpdateDate>
      <ItemCode>7290106523388</ItemCode>
      <ItemType>0</ItemType>
      <ItemName>מסטיק מאסט מנטה מגדי</ItemName>
      <ManufacturerName>,</ManufacturerName>
      <ManufactureCountry>לא ידוע</ManufactureCountry>
      <ManufacturerItemDescription>מסטיק מאסט מנטה מגדים 5 יח</ManufacturerItemDescription>
      <UnitQty>גרמים</UnitQty>
      <Quantity>140.00</Quantity>
      <UnitOfMeasure>100 גרם</UnitOfMeasure>
      <bIsWeighted>0</bIsWeighted>
      <QtyInPackage>1</QtyInPackage>
      <ItemPrice>14.90</ItemPrice>
      <UnitOfMeasurePrice>10.6429</UnitOfMeasurePrice>
      <AllowDiscount>1</AllowDiscount>
      <ItemStatus>1</ItemStatus>
      <ItemId>247003</ItemId>
    </Item>
    <Item>
      <PriceUpdateDate>2015-01-01 00:00:00</PriceUpdateDate>
      <ItemCode>7290106654228</ItemCode>
      <ItemType>0</ItemType>
      <ItemName>מסטיק מאסט דובדבן/פט</ItemName>
      <ManufacturerName>,</ManufacturerName>
      <ManufactureCountry>לא ידוע</ManufactureCountry>
      <ManufacturerItemDescription>מסטיק מאסט דובדבן/פטל מגדים 5 יח</ManufacturerItemDescription>
      <UnitQty>גרמים</UnitQty>
      <Quantity>140.00</Quantity>
      <UnitOfMeasure>100 גרם</UnitOfMeasure>
      <bIsWeighted>0</bIsWeighted>
      <QtyInPackage>1</QtyInPackage>
      <ItemPrice>14.90</ItemPrice>
      <UnitOfMeasurePrice>10.6429</UnitOfMeasurePrice>
      <AllowDiscount>1</AllowDiscount>
      <ItemStatus>1</ItemStatus>
      <ItemId>247004</ItemId>
    </Item>
    <Item>
      <PriceUpdateDate>2015-01-01 00:00:00</PriceUpdateDate>
      <ItemCode>4220792</ItemCode>
      <ItemType>0</ItemType>
      <ItemName>סטייק עוף קהילות</ItemName>
      <ManufacturerName>,</ManufacturerName>
      <ManufactureCountry>לא ידוע</ManufactureCountry>
      <ManufacturerItemDescription>סטייק עוף קהילות</ManufacturerItemDescription>
      <UnitQty>קילוגרמים</UnitQty>
      <Quantity>1.00</Quantity>
      <UnitOfMeasure>ק"ג</UnitOfMeasure>
      <bIsWeighted>1</bIsWeighted>
      <QtyInPackage>לא ידוע</QtyInPackage>
      <ItemPrice>19.90</ItemPrice>
      <UnitOfMeasurePrice>19.9000</UnitOfMeasurePrice>
      <AllowDiscount>1</AllowDiscount>
      <ItemStatus>1</ItemStatus>
      <ItemId>247061</ItemId>
    </Item>
    <Item>
      <PriceUpdateDate>2015-01-01 00:00:00</PriceUpdateDate>
      <ItemCode>4136598</ItemCode>
      <ItemType>0</ItemType>
      <ItemName>מארז הפסקת אוכל חלב</ItemName>
      <ManufacturerName>תנובה מרכז שיתופי לש</ManufacturerName>
      <ManufactureCountry>לא ידוע</ManufactureCountry>
      <ManufacturerItemDescription>מארז הפסקת אוכל חלב ודגנים</ManufacturerItemDescription>
      <UnitQty>מיליליטרים</UnitQty>
      <Quantity>150.00</Quantity>
      <UnitOfMeasure>100 מ"ל</UnitOfMeasure>
      <bIsWeighted>0</bIsWeighted>
      <QtyInPackage>1</QtyInPackage>
      <ItemPrice>8.90</ItemPrice>
      <UnitOfMeasurePrice>5.9333</UnitOfMeasurePrice>
      <AllowDiscount>1</AllowDiscount>
      <ItemStatus>1</ItemStatus>
      <ItemId>247064</ItemId>
    </Item>
    <Item>
      <PriceUpdateDate>2015-01-01 00:00:00</PriceUpdateDate>
      <ItemCode>51307</ItemCode>
      <ItemType>0</ItemType>
      <ItemName>מארז הפסקת אוכל דגני</ItemName>
      <ManufacturerName>תנובה מרכז שיתופי לש</ManufacturerName>
      <ManufactureCountry>לא ידוע</ManufactureCountry>
      <ManufacturerItemDescription>מארז הפסקת אוכל דגני עוגי וחלב בטעם וניל</ManufacturerItemDescription>
      <UnitQty>מיליליטרים</UnitQty>
      <Quantity>150.00</Quantity>
      <UnitOfMeasure>100 מ"ל</UnitOfMeasure>
      <bIsWeighted>0</bIsWeighted>
      <QtyInPackage>1</QtyInPackage>
      <ItemPrice>8.90</ItemPrice>
      <UnitOfMeasurePrice>5.9333</UnitOfMeasurePrice>
      <AllowDiscount>1</AllowDiscount>
      <ItemStatus>1</ItemStatus>
      <ItemId>247065</ItemId>
    </Item>
    <Item>
      <PriceUpdateDate>2015-01-01 00:00:00</PriceUpdateDate>
      <ItemCode>243559</ItemCode>
      <ItemType>0</ItemType>
      <ItemName>שמן זית כתית 750 מ"ל</ItemName>
      <ManufacturerName>שמן תעשיות</ManufacturerName>
      <ManufactureCountry>לא ידוע</ManufactureCountry>
      <ManufacturerItemDescription>שמן זית כתית 750 מ"ל</ManufacturerItemDescription>
      <UnitQty>מיליליטרים</UnitQty>
      <Quantity>750.00</Quantity>
      <UnitOfMeasure>100 מ"ל</UnitOfMeasure>
      <bIsWeighted>0</bIsWeighted>
      <QtyInPackage>1</QtyInPackage>
      <ItemPrice>24.90</ItemPrice>
      <UnitOfMeasurePrice>3.3200</UnitOfMeasurePrice>
      <AllowDiscount>1</AllowDiscount>
      <ItemStatus>1</ItemStatus>
      <ItemId>247066</ItemId>
    </Item>
    <Item>
      <PriceUpdateDate>2015-01-01 00:00:00</PriceUpdateDate>
      <ItemCode>7290012884986</ItemCode>
      <ItemType>0</ItemType>
      <ItemName>ציפס לתנור עד 4% שומ</ItemName>
      <ManufacturerName>תפוגן</ManufacturerName>
      <ManufactureCountry>ישראל</ManufactureCountry>
      <ManufacturerItemDescription>ציפס לתנור עד 4% שומן 1.5 קג</ManufacturerItemDescription>
      <UnitQty>קילוגרמים</UnitQty>
      <Quantity>1.50</Quantity>
      <UnitOfMeasure>ק"ג     </UnitOfMeasure>
      <bIsWeighted>0</bIsWeighted>
      <QtyInPackage>1</QtyInPackage>
      <ItemPrice>22.90</ItemPrice>
      <UnitOfMeasurePrice>15.2667</UnitOfMeasurePrice>
      <AllowDiscount>1</AllowDiscount>
      <ItemStatus>1</ItemStatus>
      <ItemId>247150</ItemId>
    </Item>
    <Item>
      <PriceUpdateDate>2015-01-01 00:00:00</PriceUpdateDate>
      <ItemCode>7290014459083</ItemCode>
      <ItemType>0</ItemType>
      <ItemName>ציפס כפרי 1.5 ק"ג</ItemName>
      <ManufacturerName>תפוגן</ManufacturerName>
      <ManufactureCountry>ישראל</ManufactureCountry>
      <ManufacturerItemDescription>ציפס כפרי 1.5 קג</ManufacturerItemDescription>
      <UnitQty>קילוגרמים</UnitQty>
      <Quantity>1.50</Quantity>
      <UnitOfMeasure>ק"ג     </UnitOfMeasure>
      <bIsWeighted>0</bIsWeighted>
      <QtyInPackage>1</QtyInPackage>
      <ItemPrice>22.90</ItemPrice>
      <UnitOfMeasurePrice>15.2667</UnitOfMeasurePrice>
      <AllowDiscount>1</AllowDiscount>
      <ItemStatus>1</ItemStatus>
      <ItemId>247151</ItemId>
    </Item>
    <Item>
      <PriceUpdateDate>2016-03-17 12:26:28</PriceUpdateDate>
      <ItemCode>112237</ItemCode>
      <ItemType>0</ItemType>
      <ItemName>טחינה גולמית בארכה 1</ItemName>
      <ManufacturerName>רושדי תעשיות מזון</ManufacturerName>
      <ManufactureCountry>ישראל</ManufactureCountry>
      <ManufacturerItemDescription>טחינה גולמית בארכה 1 ק"ג</ManufacturerItemDescription>
      <UnitQty>קילוגרמים</UnitQty>
      <Quantity>1.00</Quantity>
      <UnitOfMeasure>ק"ג     </UnitOfMeasure>
      <bIsWeighted>0</bIsWeighted>
      <QtyInPackage>1</QtyInPackage>
      <ItemPrice>19.90</ItemPrice>
      <UnitOfMeasurePrice>19.9000</UnitOfMeasurePrice>
      <AllowDiscount>1</AllowDiscount>
      <ItemStatus>1</ItemStatus>
      <ItemId>249114</ItemId>
    </Item>
    <Item>
      <PriceUpdateDate>2016-03-13 14:00:37</PriceUpdateDate>
      <ItemCode>7290014168244</ItemCode>
      <ItemType>0</ItemType>
      <ItemName>ניילון נצמד 180 מטר</ItemName>
      <ManufacturerName>טופפלסט</ManufacturerName>
      <ManufactureCountry>לא ידוע</ManufactureCountry>
      <ManufacturerItemDescription>ניילון נצמד 180 מטר עם סכין חיתוך</ManufacturerItemDescription>
      <UnitQty>Unknown </UnitQty>
      <Quantity>0.00</Quantity>
      <UnitOfMeasure>Unknown </UnitOfMeasure>
      <bIsWeighted>0</bIsWeighted>
      <QtyInPackage>1</QtyInPackage>
      <ItemPrice>24.90</ItemPrice>
      <UnitOfMeasurePrice>0.0000</UnitOfMeasurePrice>
      <AllowDiscount>1</AllowDiscount>
      <ItemStatus>1</ItemStatus>
      <ItemId>247191</ItemId>
    </Item>
    <Item>
      <PriceUpdateDate>2016-02-11 13:45:54</PriceUpdateDate>
      <ItemCode>908311</ItemCode>
      <ItemType>0</ItemType>
      <ItemName>גבינה צהובה נועם 22%</ItemName>
      <ManufacturerName>,</ManufacturerName>
      <ManufactureCountry>לא ידוע</ManufactureCountry>
      <ManufacturerItemDescription>גבינה צהובה נועם 22% במשקל</ManufacturerItemDescription>
      <UnitQty>קילוגרמים</UnitQty>
      <Quantity>1.00</Quantity>
      <UnitOfMeasure>ק"ג</UnitOfMeasure>
      <bIsWeighted>1</bIsWeighted>
      <QtyInPackage>לא ידוע</QtyInPackage>
      <ItemPrice>38.90</ItemPrice>
      <UnitOfMeasurePrice>38.9000</UnitOfMeasurePrice>
      <AllowDiscount>1</AllowDiscount>
      <ItemStatus>1</ItemStatus>
      <ItemId>247195</ItemId>
    </Item>
    <Item>
      <PriceUpdateDate>2015-01-01 00:00:00</PriceUpdateDate>
      <ItemCode>7290014471412</ItemCode>
      <ItemType>0</ItemType>
      <ItemName>מוזלי בוטנים אגוזים</ItemName>
      <ManufacturerName>דין שיווק</ManufacturerName>
      <ManufactureCountry>ישראל</ManufactureCountry>
      <ManufacturerItemDescription>מוזלי בוטנים אגוזים ושקדים 1 קג</ManufacturerItemDescription>
      <UnitQty>קילוגרמים</UnitQty>
      <Quantity>1.00</Quantity>
      <UnitOfMeasure>ק"ג     </UnitOfMeasure>
      <bIsWeighted>0</bIsWeighted>
      <QtyInPackage>1</QtyInPackage>
      <ItemPrice>19.50</ItemPrice>
      <UnitOfMeasurePrice>19.5000</UnitOfMeasurePrice>
      <AllowDiscount>1</AllowDiscount>
      <ItemStatus>1</ItemStatus>
      <ItemId>247219</ItemId>
    </Item>
    <Item>
      <PriceUpdateDate>2015-01-01 00:00:00</PriceUpdateDate>
      <ItemCode>7290014471429</ItemCode>
      <ItemType>0</ItemType>
      <ItemName>מוזלי פירות 1 ק"ג</ItemName>
      <ManufacturerName>דין שיווק</ManufacturerName>
      <ManufactureCountry>ישראל</ManufactureCountry>
      <ManufacturerItemDescription>מוזלי פירות 1 קג</ManufacturerItemDescription>
      <UnitQty>קילוגרמים</UnitQty>
      <Quantity>1.00</Quantity>
      <UnitOfMeasure>ק"ג     </UnitOfMeasure>
      <bIsWeighted>0</bIsWeighted>
      <QtyInPackage>1</QtyInPackage>
      <ItemPrice>19.50</ItemPrice>
      <UnitOfMeasurePrice>19.5000</UnitOfMeasurePrice>
      <AllowDiscount>1</AllowDiscount>
      <ItemStatus>1</ItemStatus>
      <ItemId>247220</ItemId>
    </Item>
    <Item>
      <PriceUpdateDate>2015-01-01 00:00:00</PriceUpdateDate>
      <ItemCode>7290014471436</ItemCode>
      <ItemType>0</ItemType>
      <ItemName>מוזלי צימוקים תפוח ק</ItemName>
      <ManufacturerName>דין שיווק</ManufacturerName>
      <ManufactureCountry>ישראל</ManufactureCountry>
      <ManufacturerItemDescription>מוזלי צימוקים תפוח קינמון וחמניה 1 קג</ManufacturerItemDescription>
      <UnitQty>קילוגרמים</UnitQty>
      <Quantity>1.00</Quantity>
      <UnitOfMeasure>ק"ג     </UnitOfMeasure>
      <bIsWeighted>0</bIsWeighted>
      <QtyInPackage>1</QtyInPackage>
      <ItemPrice>19.50</ItemPrice>
      <UnitOfMeasurePrice>19.5000</UnitOfMeasurePrice>
      <AllowDiscount>1</AllowDiscount>
      <ItemStatus>1</ItemStatus>
      <ItemId>247221</ItemId>
    </Item>
    <Item>
      <PriceUpdateDate>2015-01-01 00:00:00</PriceUpdateDate>
      <ItemCode>7290014471443</ItemCode>
      <ItemType>0</ItemType>
      <ItemName>גרנולה אגוזים 1 ק"ג</ItemName>
      <ManufacturerName>דין שיווק</ManufacturerName>
      <ManufactureCountry>ישראל</ManufactureCountry>
      <ManufacturerItemDescription>גרנולה אגוזים 1 קג</ManufacturerItemDescription>
      <UnitQty>קילוגרמים</UnitQty>
      <Quantity>1.00</Quantity>
      <UnitOfMeasure>ק"ג     </UnitOfMeasure>
      <bIsWeighted>0</bIsWeighted>
      <QtyInPackage>1</QtyInPackage>
      <ItemPrice>19.50</ItemPrice>
      <UnitOfMeasurePrice>19.5000</UnitOfMeasurePrice>
      <AllowDiscount>1</AllowDiscount>
      <ItemStatus>1</ItemStatus>
      <ItemId>247222</ItemId>
    </Item>
    <Item>
      <PriceUpdateDate>2015-01-01 00:00:00</PriceUpdateDate>
      <ItemCode>710069105102</ItemCode>
      <ItemType>0</ItemType>
      <ItemName>לפתן מנדרינות 850 גר</ItemName>
      <ManufacturerName>,</ManufacturerName>
      <ManufactureCountry>לא ידוע</ManufactureCountry>
      <ManufacturerItemDescription>לפתן מנדרינות 850 גרם</ManufacturerItemDescription>
      <UnitQty>גרמים</UnitQty>
      <Quantity>850.00</Quantity>
      <UnitOfMeasure>100 גרם</UnitOfMeasure>
      <bIsWeighted>0</bIsWeighted>
      <QtyInPackage>1</QtyInPackage>
      <ItemPrice>9.90</ItemPrice>
      <UnitOfMeasurePrice>1.1647</UnitOfMeasurePrice>
      <AllowDiscount>1</AllowDiscount>
      <ItemStatus>1</ItemStatus>
      <ItemId>247237</ItemId>
    </Item>
    <Item>
      <PriceUpdateDate>2015-09-20 12:57:37</PriceUpdateDate>
      <ItemCode>7290014397736</ItemCode>
      <ItemType>0</ItemType>
      <ItemName>מ.כביסה מקסימה קאר 4</ItemName>
      <ManufacturerName>סנו</ManufacturerName>
      <ManufactureCountry>לא ידוע</ManufactureCountry>
      <ManufacturerItemDescription>מ.כביסה מקסימה קאר 4 ליטר פריחה לבנה</ManufacturerItemDescription>
      <UnitQty>ליטרים</UnitQty>
      <Quantity>4.00</Quantity>
      <UnitOfMeasure>ליטר    </UnitOfMeasure>
      <bIsWeighted>0</bIsWeighted>
      <QtyInPackage>1</QtyInPackage>
      <ItemPrice>13.90</ItemPrice>
      <UnitOfMeasurePrice>3.4750</UnitOfMeasurePrice>
      <AllowDiscount>1</AllowDiscount>
      <ItemStatus>1</ItemStatus>
      <ItemId>247293</ItemId>
    </Item>
    <Item>
      <PriceUpdateDate>2015-01-01 00:00:00</PriceUpdateDate>
      <ItemCode>7290014397804</ItemCode>
      <ItemType>0</ItemType>
      <ItemName>צמד סנופרש אוטומטיק</ItemName>
      <ManufacturerName>,</ManufacturerName>
      <ManufactureCountry>לא ידוע</ManufactureCountry>
      <ManufacturerItemDescription>צמד סנופרש אוטומטיק</ManufacturerItemDescription>
      <UnitQty>מיליליטרים</UnitQty>
      <Quantity>250.00</Quantity>
      <UnitOfMeasure>100 מ"ל</UnitOfMeasure>
      <bIsWeighted>0</bIsWeighted>
      <QtyInPackage>1</QtyInPackage>
      <ItemPrice>29.90</ItemPrice>
      <UnitOfMeasurePrice>11.9600</UnitOfMeasurePrice>
      <AllowDiscount>1</AllowDiscount>
      <ItemStatus>1</ItemStatus>
      <ItemId>247324</ItemId>
    </Item>
    <Item>
      <PriceUpdateDate>2015-01-01 00:00:00</PriceUpdateDate>
      <ItemCode>3427154</ItemCode>
      <ItemType>0</ItemType>
      <ItemName>שמן זית כתית מעולה</ItemName>
      <ManufacturerName>זיתא</ManufacturerName>
      <ManufactureCountry>לא ידוע</ManufactureCountry>
      <ManufacturerItemDescription>שמן זית כתית מעולה 750 מ"ל זיתא</ManufacturerItemDescription>
      <UnitQty>מיליליטרים</UnitQty>
      <Quantity>750.00</Quantity>
      <UnitOfMeasure>100 מ"ל</UnitOfMeasure>
      <bIsWeighted>0</bIsWeighted>
      <QtyInPackage>1</QtyInPackage>
      <ItemPrice>29.90</ItemPrice>
      <UnitOfMeasurePrice>3.9867</UnitOfMeasurePrice>
      <AllowDiscount>1</AllowDiscount>
      <ItemStatus>1</ItemStatus>
      <ItemId>247371</ItemId>
    </Item>
    <Item>
      <PriceUpdateDate>2015-01-01 00:00:00</PriceUpdateDate>
      <ItemCode>6267733</ItemCode>
      <ItemType>0</ItemType>
      <ItemName>יין תבור פנינים לבן</ItemName>
      <ManufacturerName>תבור</ManufacturerName>
      <ManufactureCountry>לא ידוע</ManufactureCountry>
      <ManufacturerItemDescription>יין תבור פנינים לבן  750 מ"ל</ManufacturerItemDescription>
      <UnitQty>מיליליטרים</UnitQty>
      <Quantity>750.00</Quantity>
      <UnitOfMeasure>100 מ"ל</UnitOfMeasure>
      <bIsWeighted>0</bIsWeighted>
      <QtyInPackage>1</QtyInPackage>
      <ItemPrice>29.90</ItemPrice>
      <UnitOfMeasurePrice>3.9867</UnitOfMeasurePrice>
      <AllowDiscount>1</AllowDiscount>
      <ItemStatus>1</ItemStatus>
      <ItemId>251179</ItemId>
    </Item>
    <Item>
      <PriceUpdateDate>2015-01-01 00:00:00</PriceUpdateDate>
      <ItemCode>7290014600843</ItemCode>
      <ItemType>0</ItemType>
      <ItemName>עוגיות ממולאות תות 1</ItemName>
      <ManufacturerName>,</ManufacturerName>
      <ManufactureCountry>לא ידוע</ManufactureCountry>
      <ManufacturerItemDescription>עוגיות ממולאות תות 1.2 ק"ג</ManufacturerItemDescription>
      <UnitQty>קילוגרמים</UnitQty>
      <Quantity>1.20</Quantity>
      <UnitOfMeasure>ק"ג     </UnitOfMeasure>
      <bIsWeighted>0</bIsWeighted>
      <QtyInPackage>1</QtyInPackage>
      <ItemPrice>19.90</ItemPrice>
      <UnitOfMeasurePrice>16.5833</UnitOfMeasurePrice>
      <AllowDiscount>1</AllowDiscount>
      <ItemStatus>1</ItemStatus>
      <ItemId>247418</ItemId>
    </Item>
    <Item>
      <PriceUpdateDate>2015-01-01 00:00:00</PriceUpdateDate>
      <ItemCode>7290014600850</ItemCode>
      <ItemType>0</ItemType>
      <ItemName>עוגיות ממולאות שוקול</ItemName>
      <ManufacturerName>,</ManufacturerName>
      <ManufactureCountry>לא ידוע</ManufactureCountry>
      <ManufacturerItemDescription>עוגיות ממולאות שוקולד 1.2 ק"ג</ManufacturerItemDescription>
      <UnitQty>קילוגרמים</UnitQty>
      <Quantity>1.20</Quantity>
      <UnitOfMeasure>ק"ג     </UnitOfMeasure>
      <bIsWeighted>0</bIsWeighted>
      <QtyInPackage>1</QtyInPackage>
      <ItemPrice>19.90</ItemPrice>
      <UnitOfMeasurePrice>16.5833</UnitOfMeasurePrice>
      <AllowDiscount>1</AllowDiscount>
      <ItemStatus>1</ItemStatus>
      <ItemId>247419</ItemId>
    </Item>
    <Item>
      <PriceUpdateDate>2015-01-01 00:00:00</PriceUpdateDate>
      <ItemCode>7290014600867</ItemCode>
      <ItemType>0</ItemType>
      <ItemName>קרם עוגית אגוזים 900</ItemName>
      <ManufacturerName>,</ManufacturerName>
      <ManufactureCountry>לא ידוע</ManufactureCountry>
      <ManufacturerItemDescription>קרם עוגית אגוזים 900 גרם</ManufacturerItemDescription>
      <UnitQty>גרמים</UnitQty>
      <Quantity>900.00</Quantity>
      <UnitOfMeasure>100 גרם</UnitOfMeasure>
      <bIsWeighted>0</bIsWeighted>
      <QtyInPackage>1</QtyInPackage>
      <ItemPrice>19.90</ItemPrice>
      <UnitOfMeasurePrice>2.2111</UnitOfMeasurePrice>
      <AllowDiscount>1</AllowDiscount>
      <ItemStatus>1</ItemStatus>
      <ItemId>247420</ItemId>
    </Item>
    <Item>
      <PriceUpdateDate>2015-01-01 00:00:00</PriceUpdateDate>
      <ItemCode>7290014600874</ItemCode>
      <ItemType>0</ItemType>
      <ItemName>קרם עוגית שמנת 900 ג</ItemName>
      <ManufacturerName>,</ManufacturerName>
      <ManufactureCountry>לא ידוע</ManufactureCountry>
      <ManufacturerItemDescription>קרם עוגית שמנת 900 גרם</ManufacturerItemDescription>
      <UnitQty>גרמים</UnitQty>
      <Quantity>900.00</Quantity>
      <UnitOfMeasure>100 גרם</UnitOfMeasure>
      <bIsWeighted>0</bIsWeighted>
      <QtyInPackage>1</QtyInPackage>
      <ItemPrice>19.90</ItemPrice>
      <UnitOfMeasurePrice>2.2111</UnitOfMeasurePrice>
      <AllowDiscount>1</AllowDiscount>
      <ItemStatus>1</ItemStatus>
      <ItemId>247421</ItemId>
    </Item>
    <Item>
      <PriceUpdateDate>2015-01-01 00:00:00</PriceUpdateDate>
      <ItemCode>497044</ItemCode>
      <ItemType>0</ItemType>
      <ItemName>לחם ברמן אקטיב 750 ג</ItemName>
      <ManufacturerName>מאפית י את א ברמן בע</ManufacturerName>
      <ManufactureCountry>לא ידוע</ManufactureCountry>
      <ManufacturerItemDescription>לחם ברמן אקטיב 750 גרם</ManufacturerItemDescription>
      <UnitQty>גרמים</UnitQty>
      <Quantity>750.00</Quantity>
      <UnitOfMeasure>100 גרם</UnitOfMeasure>
      <bIsWeighted>0</bIsWeighted>
      <QtyInPackage>1</QtyInPackage>
      <ItemPrice>14.90</ItemPrice>
      <UnitOfMeasurePrice>1.9867</UnitOfMeasurePrice>
      <AllowDiscount>1</AllowDiscount>
      <ItemStatus>1</ItemStatus>
      <ItemId>252692</ItemId>
    </Item>
    <Item>
      <PriceUpdateDate>2015-09-20 12:14:23</PriceUpdateDate>
      <ItemCode>8005200786527</ItemCode>
      <ItemType>0</ItemType>
      <ItemName>נסטי תפוח 1.5 ליטר</ItemName>
      <ManufacturerName>סן פלגרינו</ManufacturerName>
      <ManufactureCountry>איטליה</ManufactureCountry>
      <ManufacturerItemDescription>נסטי תפוח 1.5 ליטר</ManufacturerItemDescription>
      <UnitQty>ליטרים</UnitQty>
      <Quantity>1.50</Quantity>
      <UnitOfMeasure>ליטר    </UnitOfMeasure>
      <bIsWeighted>0</bIsWeighted>
      <QtyInPackage>1</QtyInPackage>
      <ItemPrice>4.90</ItemPrice>
      <UnitOfMeasurePrice>3.2667</UnitOfMeasurePrice>
      <AllowDiscount>1</AllowDiscount>
      <ItemStatus>1</ItemStatus>
      <ItemId>247448</ItemId>
    </Item>
    <Item>
      <PriceUpdateDate>2015-09-21 08:18:21</PriceUpdateDate>
      <ItemCode>7290106574793</ItemCode>
      <ItemType>0</ItemType>
      <ItemName>עוגת שוקו שוקוציפס 3</ItemName>
      <ManufacturerName>אסם</ManufacturerName>
      <ManufactureCountry>לא ידוע</ManufactureCountry>
      <ManufacturerItemDescription>עוגת שוקו שוקוציפס 350 גרם</ManufacturerItemDescription>
      <UnitQty>גרמים</UnitQty>
      <Quantity>350.00</Quantity>
      <UnitOfMeasure>100 גרם</UnitOfMeasure>
      <bIsWeighted>0</bIsWeighted>
      <QtyInPackage>1</QtyInPackage>
      <ItemPrice>9.90</ItemPrice>
      <UnitOfMeasurePrice>2.8286</UnitOfMeasurePrice>
      <AllowDiscount>1</AllowDiscount>
      <ItemStatus>1</ItemStatus>
      <ItemId>247449</ItemId>
    </Item>
    <Item>
      <PriceUpdateDate>2015-10-20 14:20:48</PriceUpdateDate>
      <ItemCode>8015006121002</ItemCode>
      <ItemType>1</ItemType>
      <ItemName>מפיות חד שכבתי לבן 2</ItemName>
      <ManufacturerName>,</ManufacturerName>
      <ManufactureCountry>לא ידוע</ManufactureCountry>
      <ManufacturerItemDescription>מפיות חד שכבתי לבן 250 יח</ManufacturerItemDescription>
      <UnitQty>Unknown </UnitQty>
      <Quantity>0.00</Quantity>
      <UnitOfMeasure>Unknown </UnitOfMeasure>
      <bIsWeighted>0</bIsWeighted>
      <QtyInPackage>1</QtyInPackage>
      <ItemPrice>7.90</ItemPrice>
      <UnitOfMeasurePrice>0.0000</UnitOfMeasurePrice>
      <AllowDiscount>1</AllowDiscount>
      <ItemStatus>1</ItemStatus>
      <ItemId>265485</ItemId>
    </Item>
    <Item>
      <PriceUpdateDate>2016-06-02 18:31:01</PriceUpdateDate>
      <ItemCode>7290000453880</ItemCode>
      <ItemType>1</ItemType>
      <ItemName>מרגרינה שמרית ללא מל</ItemName>
      <ManufacturerName>פאקא תעשיות בעמ</ManufacturerName>
      <ManufactureCountry>ישראל</ManufactureCountry>
      <ManufacturerItemDescription>מרגרינה שמרית ללא מלח 200 גרם</ManufacturerItemDescription>
      <UnitQty>גרמים</UnitQty>
      <Quantity>200.00</Quantity>
      <UnitOfMeasure>100 גרם</UnitOfMeasure>
      <bIsWeighted>0</bIsWeighted>
      <QtyInPackage>1</QtyInPackage>
      <ItemPrice>3.90</ItemPrice>
      <UnitOfMeasurePrice>1.9500</UnitOfMeasurePrice>
      <AllowDiscount>1</AllowDiscount>
      <ItemStatus>1</ItemStatus>
      <ItemId>268372</ItemId>
    </Item>
    <Item>
      <PriceUpdateDate>2015-01-01 00:00:00</PriceUpdateDate>
      <ItemCode>7290011599836</ItemCode>
      <ItemType>0</ItemType>
      <ItemName>משפר אפיה</ItemName>
      <ManufacturerName>מ ש רובינפלד בעמ</ManufacturerName>
      <ManufactureCountry>לא ידוע</ManufactureCountry>
      <ManufacturerItemDescription>משפר אפיה</ManufacturerItemDescription>
      <UnitQty>Unknown </UnitQty>
      <Quantity>0.00</Quantity>
      <UnitOfMeasure>Unknown </UnitOfMeasure>
      <bIsWeighted>0</bIsWeighted>
      <QtyInPackage>1</QtyInPackage>
      <ItemPrice>9.90</ItemPrice>
      <UnitOfMeasurePrice>0.0000</UnitOfMeasurePrice>
      <AllowDiscount>1</AllowDiscount>
      <ItemStatus>1</ItemStatus>
      <ItemId>247460</ItemId>
    </Item>
    <Item>
      <PriceUpdateDate>2015-01-01 00:00:00</PriceUpdateDate>
      <ItemCode>521404</ItemCode>
      <ItemType>0</ItemType>
      <ItemName>יין קברנה סובניון 75</ItemName>
      <ManufacturerName>ברקן סגל</ManufacturerName>
      <ManufactureCountry>לא ידוע</ManufactureCountry>
      <ManufacturerItemDescription>יין קברנה סובניון 750 מ"ל מרום גליל סינ</ManufacturerItemDescription>
      <UnitQty>מיליליטרים</UnitQty>
      <Quantity>750.00</Quantity>
      <UnitOfMeasure>100 מ"ל</UnitOfMeasure>
      <bIsWeighted>0</bIsWeighted>
      <QtyInPackage>1</QtyInPackage>
      <ItemPrice>29.90</ItemPrice>
      <UnitOfMeasurePrice>3.9867</UnitOfMeasurePrice>
      <AllowDiscount>1</AllowDiscount>
      <ItemStatus>1</ItemStatus>
      <ItemId>247474</ItemId>
    </Item>
    <Item>
      <PriceUpdateDate>2015-01-01 00:00:00</PriceUpdateDate>
      <ItemCode>521411</ItemCode>
      <ItemType>0</ItemType>
      <ItemName>יין מרלו 750 מ"ל מרו</ItemName>
      <ManufacturerName>ברקן סגל</ManufacturerName>
      <ManufactureCountry>לא ידוע</ManufactureCountry>
      <ManufacturerItemDescription>יין מרלו 750 מ"ל מרום גליל סינגל</ManufacturerItemDescription>
      <UnitQty>מיליליטרים</UnitQty>
      <Quantity>750.00</Quantity>
      <UnitOfMeasure>100 מ"ל</UnitOfMeasure>
      <bIsWeighted>0</bIsWeighted>
      <QtyInPackage>1</QtyInPackage>
      <ItemPrice>29.90</ItemPrice>
      <UnitOfMeasurePrice>3.9867</UnitOfMeasurePrice>
      <AllowDiscount>1</AllowDiscount>
      <ItemStatus>1</ItemStatus>
      <ItemId>247475</ItemId>
    </Item>
    <Item>
      <PriceUpdateDate>2015-01-01 00:00:00</PriceUpdateDate>
      <ItemCode>24202</ItemCode>
      <ItemType>0</ItemType>
      <ItemName>יין קברנה סובניון 75</ItemName>
      <ManufacturerName>ברקן סגל</ManufacturerName>
      <ManufactureCountry>לא ידוע</ManufactureCountry>
      <ManufacturerItemDescription>יין קברנה סובניון 750 מ"ל רזרב</ManufacturerItemDescription>
      <UnitQty>מיליליטרים</UnitQty>
      <Quantity>750.00</Quantity>
      <UnitOfMeasure>100 מ"ל</UnitOfMeasure>
      <bIsWeighted>0</bIsWeighted>
      <QtyInPackage>1</QtyInPackage>
      <ItemPrice>32.90</ItemPrice>
      <UnitOfMeasurePrice>4.3867</UnitOfMeasurePrice>
      <AllowDiscount>1</AllowDiscount>
      <ItemStatus>1</ItemStatus>
      <ItemId>247476</ItemId>
    </Item>
    <Item>
      <PriceUpdateDate>2015-01-01 00:00:00</PriceUpdateDate>
      <ItemCode>24264</ItemCode>
      <ItemType>0</ItemType>
      <ItemName>יין מרלו 750 מ"ל רזר</ItemName>
      <ManufacturerName>ברקן סגל</ManufacturerName>
      <ManufactureCountry>לא ידוע</ManufactureCountry>
      <ManufacturerItemDescription>יין מרלו 750 מ"ל רזרב</ManufacturerItemDescription>
      <UnitQty>מיליליטרים</UnitQty>
      <Quantity>750.00</Quantity>
      <UnitOfMeasure>100 מ"ל</UnitOfMeasure>
      <bIsWeighted>0</bIsWeighted>
      <QtyInPackage>1</QtyInPackage>
      <ItemPrice>32.90</ItemPrice>
      <UnitOfMeasurePrice>4.3867</UnitOfMeasurePrice>
      <AllowDiscount>1</AllowDiscount>
      <ItemStatus>1</ItemStatus>
      <ItemId>247477</ItemId>
    </Item>
    <Item>
      <PriceUpdateDate>2015-01-01 00:00:00</PriceUpdateDate>
      <ItemCode>23953</ItemCode>
      <ItemType>0</ItemType>
      <ItemName>יין קלאסיק פטיט סירה</ItemName>
      <ManufacturerName>ברקן סגל</ManufacturerName>
      <ManufactureCountry>לא ידוע</ManufactureCountry>
      <ManufacturerItemDescription>יין קלאסיק פטיט סירה 750 מ"ל</ManufacturerItemDescription>
      <UnitQty>מיליליטרים</UnitQty>
      <Quantity>750.00</Quantity>
      <UnitOfMeasure>100 מ"ל</UnitOfMeasure>
      <bIsWeighted>0</bIsWeighted>
      <QtyInPackage>1</QtyInPackage>
      <ItemPrice>24.90</ItemPrice>
      <UnitOfMeasurePrice>3.3200</UnitOfMeasurePrice>
      <AllowDiscount>1</AllowDiscount>
      <ItemStatus>1</ItemStatus>
      <ItemId>247479</ItemId>
    </Item>
    <Item>
      <PriceUpdateDate>2016-03-03 15:21:38</PriceUpdateDate>
      <ItemCode>7290015642248</ItemCode>
      <ItemType>0</ItemType>
      <ItemName>כרוב שוודי 400 גרם</ItemName>
      <ManufacturerName>מעדני מיקי תעשיות מז</ManufacturerName>
      <ManufactureCountry>ישראל</ManufactureCountry>
      <ManufacturerItemDescription>כרוב שוודי 400 גרם</ManufacturerItemDescription>
      <UnitQty>גרמים</UnitQty>
      <Quantity>400.00</Quantity>
      <UnitOfMeasure>100 גרם</UnitOfMeasure>
      <bIsWeighted>0</bIsWeighted>
      <QtyInPackage>1</QtyInPackage>
      <ItemPrice>6.90</ItemPrice>
      <UnitOfMeasurePrice>1.7250</UnitOfMeasurePrice>
      <AllowDiscount>1</AllowDiscount>
      <ItemStatus>1</ItemStatus>
      <ItemId>265433</ItemId>
    </Item>
    <Item>
      <PriceUpdateDate>2015-01-01 00:00:00</PriceUpdateDate>
      <ItemCode>1246498</ItemCode>
      <ItemType>0</ItemType>
      <ItemName>נוזל רצפות סחלבים 4</ItemName>
      <ManufacturerName>,</ManufacturerName>
      <ManufactureCountry>לא ידוע</ManufactureCountry>
      <ManufacturerItemDescription>נוזל רצפות סחלבים 4 ליטר מגיק</ManufacturerItemDescription>
      <UnitQty>ליטרים</UnitQty>
      <Quantity>4.00</Quantity>
      <UnitOfMeasure>ליטר    </UnitOfMeasure>
      <bIsWeighted>0</bIsWeighted>
      <QtyInPackage>1</QtyInPackage>
      <ItemPrice>9.90</ItemPrice>
      <UnitOfMeasurePrice>2.4750</UnitOfMeasurePrice>
      <AllowDiscount>1</AllowDiscount>
      <ItemStatus>1</ItemStatus>
      <ItemId>251586</ItemId>
    </Item>
    <Item>
      <PriceUpdateDate>2015-01-01 00:00:00</PriceUpdateDate>
      <ItemCode>523804</ItemCode>
      <ItemType>0</ItemType>
      <ItemName>מלח עדין 1 ק"ג בצנצנ</ItemName>
      <ManufacturerName>,</ManufacturerName>
      <ManufactureCountry>לא ידוע</ManufactureCountry>
      <ManufacturerItemDescription>מלח עדין 1 ק"ג בצנצנת</ManufacturerItemDescription>
      <UnitQty>קילוגרמים</UnitQty>
      <Quantity>1.00</Quantity>
      <UnitOfMeasure>ק"ג     </UnitOfMeasure>
      <bIsWeighted>0</bIsWeighted>
      <QtyInPackage>1</QtyInPackage>
      <ItemPrice>5.90</ItemPrice>
      <UnitOfMeasurePrice>5.9000</UnitOfMeasurePrice>
      <AllowDiscount>1</AllowDiscount>
      <ItemStatus>1</ItemStatus>
      <ItemId>247588</ItemId>
    </Item>
    <Item>
      <PriceUpdateDate>2015-01-01 00:00:00</PriceUpdateDate>
      <ItemCode>523811</ItemCode>
      <ItemType>0</ItemType>
      <ItemName>מלח גס 1 ק"ג בצנצנת</ItemName>
      <ManufacturerName>תעשיות מלח לישראל</ManufacturerName>
      <ManufactureCountry>ישראל</ManufactureCountry>
      <ManufacturerItemDescription>מלח גס 1 קג בצנצנת</ManufacturerItemDescription>
      <UnitQty>קילוגרמים</UnitQty>
      <Quantity>1.00</Quantity>
      <UnitOfMeasure>ק"ג     </UnitOfMeasure>
      <bIsWeighted>0</bIsWeighted>
      <QtyInPackage>1</QtyInPackage>
      <ItemPrice>5.90</ItemPrice>
      <UnitOfMeasurePrice>5.9000</UnitOfMeasurePrice>
      <AllowDiscount>1</AllowDiscount>
      <ItemStatus>1</ItemStatus>
      <ItemId>247589</ItemId>
    </Item>
    <Item>
      <PriceUpdateDate>2015-01-01 00:00:00</PriceUpdateDate>
      <ItemCode>835811006282</ItemCode>
      <ItemType>0</ItemType>
      <ItemName>נרות צפים כסף 10 יח</ItemName>
      <ManufacturerName>,</ManufacturerName>
      <ManufactureCountry>לא ידוע</ManufactureCountry>
      <ManufacturerItemDescription>נרות צפים כסף 10 יח</ManufacturerItemDescription>
      <UnitQty>Unknown </UnitQty>
      <Quantity>0.00</Quantity>
      <UnitOfMeasure>Unknown </UnitOfMeasure>
      <bIsWeighted>0</bIsWeighted>
      <QtyInPackage>1</QtyInPackage>
      <ItemPrice>12.90</ItemPrice>
      <UnitOfMeasurePrice>0.0000</UnitOfMeasurePrice>
      <AllowDiscount>1</AllowDiscount>
      <ItemStatus>1</ItemStatus>
      <ItemId>252360</ItemId>
    </Item>
    <Item>
      <PriceUpdateDate>2016-05-23 14:50:58</PriceUpdateDate>
      <ItemCode>2016199</ItemCode>
      <ItemType>0</ItemType>
      <ItemName>שיפקה בצנצנת 720 גרם</ItemName>
      <ManufacturerName>,</ManufacturerName>
      <ManufactureCountry>לא ידוע</ManufactureCountry>
      <ManufacturerItemDescription>שיפקה בצנצנת 720 גרם</ManufacturerItemDescription>
      <UnitQty>גרמים</UnitQty>
      <Quantity>720.00</Quantity>
      <UnitOfMeasure>100 גרם</UnitOfMeasure>
      <bIsWeighted>0</bIsWeighted>
      <QtyInPackage>1</QtyInPackage>
      <ItemPrice>10.90</ItemPrice>
      <UnitOfMeasurePrice>1.5139</UnitOfMeasurePrice>
      <AllowDiscount>1</AllowDiscount>
      <ItemStatus>1</ItemStatus>
      <ItemId>247610</ItemId>
    </Item>
    <Item>
      <PriceUpdateDate>2015-01-01 00:00:00</PriceUpdateDate>
      <ItemCode>7290014002685</ItemCode>
      <ItemType>0</ItemType>
      <ItemName>חליטת אקליפטוס הדר ר</ItemName>
      <ManufacturerName>ויסוצקי</ManufacturerName>
      <ManufactureCountry>לא ידוע</ManufactureCountry>
      <ManufacturerItemDescription>חליטת אקליפטוס הדר רובין</ManufacturerItemDescription>
      <UnitQty>גרמים</UnitQty>
      <Quantity>50.00</Quantity>
      <UnitOfMeasure>100 גרם</UnitOfMeasure>
      <bIsWeighted>0</bIsWeighted>
      <QtyInPackage>1</QtyInPackage>
      <ItemPrice>15.90</ItemPrice>
      <UnitOfMeasurePrice>31.8000</UnitOfMeasurePrice>
      <AllowDiscount>1</AllowDiscount>
      <ItemStatus>1</ItemStatus>
      <ItemId>247701</ItemId>
    </Item>
    <Item>
      <PriceUpdateDate>2015-01-01 00:00:00</PriceUpdateDate>
      <ItemCode>7290014002586</ItemCode>
      <ItemType>0</ItemType>
      <ItemName>חליטת גינגר דבש  רוב</ItemName>
      <ManufacturerName>ויסוצקי</ManufacturerName>
      <ManufactureCountry>לא ידוע</ManufactureCountry>
      <ManufacturerItemDescription>חליטת גינגר דבש  רובין</ManufacturerItemDescription>
      <UnitQty>גרמים</UnitQty>
      <Quantity>50.00</Quantity>
      <UnitOfMeasure>100 גרם</UnitOfMeasure>
      <bIsWeighted>0</bIsWeighted>
      <QtyInPackage>1</QtyInPackage>
      <ItemPrice>15.90</ItemPrice>
      <UnitOfMeasurePrice>31.8000</UnitOfMeasurePrice>
      <AllowDiscount>1</AllowDiscount>
      <ItemStatus>1</ItemStatus>
      <ItemId>247702</ItemId>
    </Item>
    <Item>
      <PriceUpdateDate>2015-01-01 00:00:00</PriceUpdateDate>
      <ItemCode>7290014002678</ItemCode>
      <ItemType>0</ItemType>
      <ItemName>חליטת ארכינצאה סמבו</ItemName>
      <ManufacturerName>ויסוצקי</ManufacturerName>
      <ManufactureCountry>לא ידוע</ManufactureCountry>
      <ManufacturerItemDescription>חליטת ארכינצאה סמבו  רובין</ManufacturerItemDescription>
      <UnitQty>גרמים</UnitQty>
      <Quantity>50.00</Quantity>
      <UnitOfMeasure>100 גרם</UnitOfMeasure>
      <bIsWeighted>0</bIsWeighted>
      <QtyInPackage>1</QtyInPackage>
      <ItemPrice>15.90</ItemPrice>
      <UnitOfMeasurePrice>31.8000</UnitOfMeasurePrice>
      <AllowDiscount>1</AllowDiscount>
      <ItemStatus>1</ItemStatus>
      <ItemId>247703</ItemId>
    </Item>
    <Item>
      <PriceUpdateDate>2015-11-02 12:41:14</PriceUpdateDate>
      <ItemCode>3574660520132</ItemCode>
      <ItemType>1</ItemType>
      <ItemName>מי פה ליסטרין מנטה ק</ItemName>
      <ManufacturerName>גונסון</ManufacturerName>
      <ManufactureCountry>איטליה</ManufactureCountry>
      <ManufacturerItemDescription>מי פה ליסטרין מנטה קריר 1 ליטר</ManufacturerItemDescription>
      <UnitQty>ליטרים</UnitQty>
      <Quantity>1.00</Quantity>
      <UnitOfMeasure>ליטר    </UnitOfMeasure>
      <bIsWeighted>0</bIsWeighted>
      <QtyInPackage>1</QtyInPackage>
      <ItemPrice>33.90</ItemPrice>
      <UnitOfMeasurePrice>33.9000</UnitOfMeasurePrice>
      <AllowDiscount>1</AllowDiscount>
      <ItemStatus>1</ItemStatus>
      <ItemId>265749</ItemId>
    </Item>
    <Item>
      <PriceUpdateDate>2015-01-01 00:00:00</PriceUpdateDate>
      <ItemCode>7290014002593</ItemCode>
      <ItemType>0</ItemType>
      <ItemName>חליטת גינגר לימון רו</ItemName>
      <ManufacturerName>ויסוצקי</ManufacturerName>
      <ManufactureCountry>לא ידוע</ManufactureCountry>
      <ManufacturerItemDescription>חליטת גינגר לימון רובין</ManufacturerItemDescription>
      <UnitQty>גרמים</UnitQty>
      <Quantity>50.00</Quantity>
      <UnitOfMeasure>100 גרם</UnitOfMeasure>
      <bIsWeighted>0</bIsWeighted>
      <QtyInPackage>1</QtyInPackage>
      <ItemPrice>15.90</ItemPrice>
      <UnitOfMeasurePrice>31.8000</UnitOfMeasurePrice>
      <AllowDiscount>1</AllowDiscount>
      <ItemStatus>1</ItemStatus>
      <ItemId>247704</ItemId>
    </Item>
    <Item>
      <PriceUpdateDate>2016-01-18 11:40:09</PriceUpdateDate>
      <ItemCode>7290015597333</ItemCode>
      <ItemType>0</ItemType>
      <ItemName>מאגדת מיני מגנום אגו</ItemName>
      <ManufacturerName>שטראוס</ManufacturerName>
      <ManufactureCountry>לא ידוע</ManufactureCountry>
      <ManufacturerItemDescription>מאגדת מיני מגנום אגוזי לוז</ManufacturerItemDescription>
      <UnitQty>גרמים</UnitQty>
      <Quantity>330.00</Quantity>
      <UnitOfMeasure>100 גרם</UnitOfMeasure>
      <bIsWeighted>0</bIsWeighted>
      <QtyInPackage>1</QtyInPackage>
      <ItemPrice>21.90</ItemPrice>
      <UnitOfMeasurePrice>6.6364</UnitOfMeasurePrice>
      <AllowDiscount>1</AllowDiscount>
      <ItemStatus>1</ItemStatus>
      <ItemId>266550</ItemId>
    </Item>
    <Item>
      <PriceUpdateDate>2015-01-01 00:00:00</PriceUpdateDate>
      <ItemCode>1407134</ItemCode>
      <ItemType>0</ItemType>
      <ItemName>חלבה קקאו בלוק פרוסו</ItemName>
      <ManufacturerName>,</ManufacturerName>
      <ManufactureCountry>לא ידוע</ManufactureCountry>
      <ManufacturerItemDescription>חלבה קקאו בלוק פרוסות 400 גרם</ManufacturerItemDescription>
      <UnitQty>גרמים</UnitQty>
      <Quantity>400.00</Quantity>
      <UnitOfMeasure>100 גרם</UnitOfMeasure>
      <bIsWeighted>0</bIsWeighted>
      <QtyInPackage>1</QtyInPackage>
      <ItemPrice>9.80</ItemPrice>
      <UnitOfMeasurePrice>2.4500</UnitOfMeasurePrice>
      <AllowDiscount>1</AllowDiscount>
      <ItemStatus>1</ItemStatus>
      <ItemId>247727</ItemId>
    </Item>
    <Item>
      <PriceUpdateDate>2015-09-20 12:15:03</PriceUpdateDate>
      <ItemCode>4015600762742</ItemCode>
      <ItemType>0</ItemType>
      <ItemName>שמפו הד&amp;שולדרס קלאסי</ItemName>
      <ManufacturerName>פרוקטר</ManufacturerName>
      <ManufactureCountry>לא ידוע</ManufactureCountry>
      <ManufacturerItemDescription>שמפו הד&amp;שולדרס קלאסי 500 מ"ל</ManufacturerItemDescription>
      <UnitQty>מיליליטרים</UnitQty>
      <Quantity>500.00</Quantity>
      <UnitOfMeasure>100 מ"ל</UnitOfMeasure>
      <bIsWeighted>0</bIsWeighted>
      <QtyInPackage>1</QtyInPackage>
      <ItemPrice>12.50</ItemPrice>
      <UnitOfMeasurePrice>2.5000</UnitOfMeasurePrice>
      <AllowDiscount>1</AllowDiscount>
      <ItemStatus>1</ItemStatus>
      <ItemId>247748</ItemId>
    </Item>
    <Item>
      <PriceUpdateDate>2015-09-20 12:15:03</PriceUpdateDate>
      <ItemCode>4015600762780</ItemCode>
      <ItemType>0</ItemType>
      <ItemName>שמפו הד&amp;שולדרס 2 ב-</ItemName>
      <ManufacturerName>פרוקטר</ManufacturerName>
      <ManufactureCountry>לא ידוע</ManufactureCountry>
      <ManufacturerItemDescription>שמפו הד&amp;שולדרס 2 ב- 1 קלאסי 500 מ"ל</ManufacturerItemDescription>
      <UnitQty>מיליליטרים</UnitQty>
      <Quantity>500.00</Quantity>
      <UnitOfMeasure>100 מ"ל</UnitOfMeasure>
      <bIsWeighted>0</bIsWeighted>
      <QtyInPackage>1</QtyInPackage>
      <ItemPrice>12.50</ItemPrice>
      <UnitOfMeasurePrice>2.5000</UnitOfMeasurePrice>
      <AllowDiscount>1</AllowDiscount>
      <ItemStatus>1</ItemStatus>
      <ItemId>247749</ItemId>
    </Item>
    <Item>
      <PriceUpdateDate>2015-09-20 12:15:03</PriceUpdateDate>
      <ItemCode>4015600762902</ItemCode>
      <ItemType>0</ItemType>
      <ItemName>שמפו הד&amp;שולדרס מנטול</ItemName>
      <ManufacturerName>פרוקטר</ManufacturerName>
      <ManufactureCountry>לא ידוע</ManufactureCountry>
      <ManufacturerItemDescription>שמפו הד&amp;שולדרס מנטול 500 מ"ל</ManufacturerItemDescription>
      <UnitQty>מיליליטרים</UnitQty>
      <Quantity>500.00</Quantity>
      <UnitOfMeasure>100 מ"ל</UnitOfMeasure>
      <bIsWeighted>0</bIsWeighted>
      <QtyInPackage>1</QtyInPackage>
      <ItemPrice>12.50</ItemPrice>
      <UnitOfMeasurePrice>2.5000</UnitOfMeasurePrice>
      <AllowDiscount>1</AllowDiscount>
      <ItemStatus>1</ItemStatus>
      <ItemId>247750</ItemId>
    </Item>
    <Item>
      <PriceUpdateDate>2015-09-03 11:39:43</PriceUpdateDate>
      <ItemCode>7290107877527</ItemCode>
      <ItemType>0</ItemType>
      <ItemName>מרק נמס עגבניות זוג</ItemName>
      <ManufacturerName>,</ManufacturerName>
      <ManufactureCountry>לא ידוע</ManufactureCountry>
      <ManufacturerItemDescription>מרק נמס עגבניות זוג בד"צ</ManufacturerItemDescription>
      <UnitQty>גרמים</UnitQty>
      <Quantity>120.00</Quantity>
      <UnitOfMeasure>100 גרם</UnitOfMeasure>
      <bIsWeighted>0</bIsWeighted>
      <QtyInPackage>1</QtyInPackage>
      <ItemPrice>5.90</ItemPrice>
      <UnitOfMeasurePrice>4.9167</UnitOfMeasurePrice>
      <AllowDiscount>1</AllowDiscount>
      <ItemStatus>1</ItemStatus>
      <ItemId>264644</ItemId>
    </Item>
    <Item>
      <PriceUpdateDate>2015-05-14 12:45:57</PriceUpdateDate>
      <ItemCode>2026433</ItemCode>
      <ItemType>0</ItemType>
      <ItemName>וופל בלגי</ItemName>
      <ManufacturerName>מוצרי איכות אמריקאיי</ManufacturerName>
      <ManufactureCountry>ישראל</ManufactureCountry>
      <ManufacturerItemDescription>וופל בלגי</ManufacturerItemDescription>
      <UnitQty>Unknown </UnitQty>
      <Quantity>0.00</Quantity>
      <UnitOfMeasure>Unknown </UnitOfMeasure>
      <bIsWeighted>0</bIsWeighted>
      <QtyInPackage>1</QtyInPackage>
      <ItemPrice>14.90</ItemPrice>
      <UnitOfMeasurePrice>0.0000</UnitOfMeasurePrice>
      <AllowDiscount>1</AllowDiscount>
      <ItemStatus>1</ItemStatus>
      <ItemId>255513</ItemId>
    </Item>
    <Item>
      <PriceUpdateDate>2015-01-01 00:00:00</PriceUpdateDate>
      <ItemCode>168630</ItemCode>
      <ItemType>0</ItemType>
      <ItemName>קליק דג דג שוקולד חל</ItemName>
      <ManufacturerName>יוניליוור</ManufacturerName>
      <ManufactureCountry>לא ידוע</ManufactureCountry>
      <ManufacturerItemDescription>קליק דג דג שוקולד חלב 75 גרם</ManufacturerItemDescription>
      <UnitQty>גרמים</UnitQty>
      <Quantity>75.00</Quantity>
      <UnitOfMeasure>100 גרם</UnitOfMeasure>
      <bIsWeighted>0</bIsWeighted>
      <QtyInPackage>1</QtyInPackage>
      <ItemPrice>3.90</ItemPrice>
      <UnitOfMeasurePrice>5.2000</UnitOfMeasurePrice>
      <AllowDiscount>1</AllowDiscount>
      <ItemStatus>1</ItemStatus>
      <ItemId>247794</ItemId>
    </Item>
    <Item>
      <PriceUpdateDate>2015-01-01 00:00:00</PriceUpdateDate>
      <ItemCode>168623</ItemCode>
      <ItemType>0</ItemType>
      <ItemName>קליק דג דג שוקולד לב</ItemName>
      <ManufacturerName>,</ManufacturerName>
      <ManufactureCountry>לא ידוע</ManufactureCountry>
      <ManufacturerItemDescription>קליק דג דג שוקולד לבן 75 גרם</ManufacturerItemDescription>
      <UnitQty>גרמים</UnitQty>
      <Quantity>75.00</Quantity>
      <UnitOfMeasure>100 גרם</UnitOfMeasure>
      <bIsWeighted>0</bIsWeighted>
      <QtyInPackage>1</QtyInPackage>
      <ItemPrice>3.90</ItemPrice>
      <UnitOfMeasurePrice>5.2000</UnitOfMeasurePrice>
      <AllowDiscount>1</AllowDiscount>
      <ItemStatus>1</ItemStatus>
      <ItemId>247795</ItemId>
    </Item>
    <Item>
      <PriceUpdateDate>2015-09-20 12:48:04</PriceUpdateDate>
      <ItemCode>168838</ItemCode>
      <ItemType>0</ItemType>
      <ItemName>כריות וניל בד"צ 750</ItemName>
      <ManufacturerName>,</ManufacturerName>
      <ManufactureCountry>לא ידוע</ManufactureCountry>
      <ManufacturerItemDescription>כריות וניל בד"צ 750 גרם</ManufacturerItemDescription>
      <UnitQty>גרמים</UnitQty>
      <Quantity>750.00</Quantity>
      <UnitOfMeasure>100 גרם</UnitOfMeasure>
      <bIsWeighted>0</bIsWeighted>
      <QtyInPackage>1</QtyInPackage>
      <ItemPrice>19.90</ItemPrice>
      <UnitOfMeasurePrice>2.6533</UnitOfMeasurePrice>
      <AllowDiscount>1</AllowDiscount>
      <ItemStatus>1</ItemStatus>
      <ItemId>247799</ItemId>
    </Item>
    <Item>
      <PriceUpdateDate>2015-08-31 12:32:32</PriceUpdateDate>
      <ItemCode>961514</ItemCode>
      <ItemType>0</ItemType>
      <ItemName>שומית מהדרין</ItemName>
      <ManufacturerName>,</ManufacturerName>
      <ManufactureCountry>לא ידוע</ManufactureCountry>
      <ManufacturerItemDescription>שומית ארוז</ManufacturerItemDescription>
      <UnitQty>Unknown </UnitQty>
      <Quantity>0.00</Quantity>
      <UnitOfMeasure>Unknown </UnitOfMeasure>
      <bIsWeighted>0</bIsWeighted>
      <QtyInPackage>1</QtyInPackage>
      <ItemPrice>6.90</ItemPrice>
      <UnitOfMeasurePrice>0.0000</UnitOfMeasurePrice>
      <AllowDiscount>1</AllowDiscount>
      <ItemStatus>1</ItemStatus>
      <ItemId>248893</ItemId>
    </Item>
    <Item>
      <PriceUpdateDate>2015-01-01 00:00:00</PriceUpdateDate>
      <ItemCode>7290100702611</ItemCode>
      <ItemType>0</ItemType>
      <ItemName>פתיתים אפויים אורז 5</ItemName>
      <ManufacturerName>אסיף תעשיות מזון בעמ</ManufacturerName>
      <ManufactureCountry>לא ידוע</ManufactureCountry>
      <ManufacturerItemDescription>פתיתים אפויים אורז 500 גרם</ManufacturerItemDescription>
      <UnitQty>גרמים</UnitQty>
      <Quantity>500.00</Quantity>
      <UnitOfMeasure>100 גרם</UnitOfMeasure>
      <bIsWeighted>0</bIsWeighted>
      <QtyInPackage>1</QtyInPackage>
      <ItemPrice>4.90</ItemPrice>
      <UnitOfMeasurePrice>0.9800</UnitOfMeasurePrice>
      <AllowDiscount>1</AllowDiscount>
      <ItemStatus>1</ItemStatus>
      <ItemId>247834</ItemId>
    </Item>
    <Item>
      <PriceUpdateDate>2015-01-01 00:00:00</PriceUpdateDate>
      <ItemCode>7290100702628</ItemCode>
      <ItemType>0</ItemType>
      <ItemName>פתיתים אפויים קוסקוס</ItemName>
      <ManufacturerName>אסיף תעשיות מזון בעמ</ManufacturerName>
      <ManufactureCountry>לא ידוע</ManufactureCountry>
      <ManufacturerItemDescription>פתיתים אפויים קוסקוס 500 גרם</ManufacturerItemDescription>
      <UnitQty>גרמים</UnitQty>
      <Quantity>500.00</Quantity>
      <UnitOfMeasure>100 גרם</UnitOfMeasure>
      <bIsWeighted>0</bIsWeighted>
      <QtyInPackage>1</QtyInPackage>
      <ItemPrice>4.90</ItemPrice>
      <UnitOfMeasurePrice>0.9800</UnitOfMeasurePrice>
      <AllowDiscount>1</AllowDiscount>
      <ItemStatus>1</ItemStatus>
      <ItemId>247835</ItemId>
    </Item>
    <Item>
      <PriceUpdateDate>2015-01-01 00:00:00</PriceUpdateDate>
      <ItemCode>7290100702642</ItemCode>
      <ItemType>0</ItemType>
      <ItemName>פתיתים אפויים טבעות</ItemName>
      <ManufacturerName>,</ManufacturerName>
      <ManufactureCountry>לא ידוע</ManufactureCountry>
      <ManufacturerItemDescription>פתיתים אפויים טבעות 500 גרם</ManufacturerItemDescription>
      <UnitQty>גרמים</UnitQty>
      <Quantity>500.00</Quantity>
      <UnitOfMeasure>100 גרם</UnitOfMeasure>
      <bIsWeighted>0</bIsWeighted>
      <QtyInPackage>1</QtyInPackage>
      <ItemPrice>4.90</ItemPrice>
      <UnitOfMeasurePrice>0.9800</UnitOfMeasurePrice>
      <AllowDiscount>1</AllowDiscount>
      <ItemStatus>1</ItemStatus>
      <ItemId>247837</ItemId>
    </Item>
    <Item>
      <PriceUpdateDate>2015-01-01 00:00:00</PriceUpdateDate>
      <ItemCode>7290100702666</ItemCode>
      <ItemType>0</ItemType>
      <ItemName>פתיתים אפויים עם בצל</ItemName>
      <ManufacturerName>,</ManufacturerName>
      <ManufactureCountry>לא ידוע</ManufactureCountry>
      <ManufacturerItemDescription>פתיתים אפויים עם בצל 500 גרם</ManufacturerItemDescription>
      <UnitQty>גרמים</UnitQty>
      <Quantity>500.00</Quantity>
      <UnitOfMeasure>100 גרם</UnitOfMeasure>
      <bIsWeighted>0</bIsWeighted>
      <QtyInPackage>1</QtyInPackage>
      <ItemPrice>4.90</ItemPrice>
      <UnitOfMeasurePrice>0.9800</UnitOfMeasurePrice>
      <AllowDiscount>1</AllowDiscount>
      <ItemStatus>1</ItemStatus>
      <ItemId>247838</ItemId>
    </Item>
    <Item>
      <PriceUpdateDate>2015-01-01 00:00:00</PriceUpdateDate>
      <ItemCode>7290100702710</ItemCode>
      <ItemType>0</ItemType>
      <ItemName>פתיתים אפויים צורות</ItemName>
      <ManufacturerName>,</ManufacturerName>
      <ManufactureCountry>לא ידוע</ManufactureCountry>
      <ManufacturerItemDescription>פתיתים אפויים צורות 500 גרם</ManufacturerItemDescription>
      <UnitQty>גרמים</UnitQty>
      <Quantity>500.00</Quantity>
      <UnitOfMeasure>100 גרם</UnitOfMeasure>
      <bIsWeighted>0</bIsWeighted>
      <QtyInPackage>1</QtyInPackage>
      <ItemPrice>4.90</ItemPrice>
      <UnitOfMeasurePrice>0.9800</UnitOfMeasurePrice>
      <AllowDiscount>1</AllowDiscount>
      <ItemStatus>1</ItemStatus>
      <ItemId>247843</ItemId>
    </Item>
    <Item>
      <PriceUpdateDate>2015-01-01 00:00:00</PriceUpdateDate>
      <ItemCode>7290106520127</ItemCode>
      <ItemType>0</ItemType>
      <ItemName>שוקולד ספלנדיד חלב 1</ItemName>
      <ManufacturerName>עלית</ManufacturerName>
      <ManufactureCountry>ישראל</ManufactureCountry>
      <ManufacturerItemDescription>שוקולד ספלנדיד חלב 36% 100 גרם OU</ManufacturerItemDescription>
      <UnitQty>גרמים</UnitQty>
      <Quantity>100.00</Quantity>
      <UnitOfMeasure>100 גרם</UnitOfMeasure>
      <bIsWeighted>0</bIsWeighted>
      <QtyInPackage>1</QtyInPackage>
      <ItemPrice>9.90</ItemPrice>
      <UnitOfMeasurePrice>9.9000</UnitOfMeasurePrice>
      <AllowDiscount>1</AllowDiscount>
      <ItemStatus>1</ItemStatus>
      <ItemId>247864</ItemId>
    </Item>
    <Item>
      <PriceUpdateDate>2015-01-01 00:00:00</PriceUpdateDate>
      <ItemCode>7290012901256</ItemCode>
      <ItemType>0</ItemType>
      <ItemName>חומץ תפוחים 946 מ"ל</ItemName>
      <ManufacturerName>,</ManufacturerName>
      <ManufactureCountry>לא ידוע</ManufactureCountry>
      <ManufacturerItemDescription>חומץ תפוחים 946 מ"ל גאלה</ManufacturerItemDescription>
      <UnitQty>מיליליטרים</UnitQty>
      <Quantity>946.00</Quantity>
      <UnitOfMeasure>100 מ"ל</UnitOfMeasure>
      <bIsWeighted>0</bIsWeighted>
      <QtyInPackage>1</QtyInPackage>
      <ItemPrice>11.90</ItemPrice>
      <UnitOfMeasurePrice>1.2579</UnitOfMeasurePrice>
      <AllowDiscount>1</AllowDiscount>
      <ItemStatus>1</ItemStatus>
      <ItemId>247847</ItemId>
    </Item>
    <Item>
      <PriceUpdateDate>2016-07-27 13:05:33</PriceUpdateDate>
      <ItemCode>7290109351605</ItemCode>
      <ItemType>0</ItemType>
      <ItemName>כדורי פלאפל טבעול 50</ItemName>
      <ManufacturerName>טבעול ישראל</ManufacturerName>
      <ManufactureCountry>ישראל</ManufactureCountry>
      <ManufacturerItemDescription>כדורי פלאפל טבעול 500 גרם</ManufacturerItemDescription>
      <UnitQty>גרמים</UnitQty>
      <Quantity>500.00</Quantity>
      <UnitOfMeasure>100 גרם</UnitOfMeasure>
      <bIsWeighted>0</bIsWeighted>
      <QtyInPackage>1</QtyInPackage>
      <ItemPrice>24.90</ItemPrice>
      <UnitOfMeasurePrice>4.9800</UnitOfMeasurePrice>
      <AllowDiscount>1</AllowDiscount>
      <ItemStatus>1</ItemStatus>
      <ItemId>269001</ItemId>
    </Item>
    <Item>
      <PriceUpdateDate>2016-07-04 16:25:35</PriceUpdateDate>
      <ItemCode>4770237049443</ItemCode>
      <ItemType>1</ItemType>
      <ItemName>גלידה קרם ברולה</ItemName>
      <ManufacturerName>,</ManufacturerName>
      <ManufactureCountry>לא ידוע</ManufactureCountry>
      <ManufacturerItemDescription>גלידה קרם ברולה בכוס</ManufacturerItemDescription>
      <UnitQty>גרמים</UnitQty>
      <Quantity>70.00</Quantity>
      <UnitOfMeasure>100 גרם</UnitOfMeasure>
      <bIsWeighted>0</bIsWeighted>
      <QtyInPackage>1</QtyInPackage>
      <ItemPrice>4.90</ItemPrice>
      <UnitOfMeasurePrice>7.0000</UnitOfMeasurePrice>
      <AllowDiscount>1</AllowDiscount>
      <ItemStatus>1</ItemStatus>
      <ItemId>268770</ItemId>
    </Item>
    <Item>
      <PriceUpdateDate>2015-01-01 00:00:00</PriceUpdateDate>
      <ItemCode>8076809523561</ItemCode>
      <ItemType>0</ItemType>
      <ItemName>רוטב ברילה לפסטה בטע</ItemName>
      <ManufacturerName>ברילה</ManufacturerName>
      <ManufactureCountry>איטליה</ManufactureCountry>
      <ManufacturerItemDescription>רוטב ברילה לפסטה בטעם טוסקנה 400 ג</ManufacturerItemDescription>
      <UnitQty>גרמים</UnitQty>
      <Quantity>400.00</Quantity>
      <UnitOfMeasure>100 גרם</UnitOfMeasure>
      <bIsWeighted>0</bIsWeighted>
      <QtyInPackage>1</QtyInPackage>
      <ItemPrice>12.90</ItemPrice>
      <UnitOfMeasurePrice>3.2250</UnitOfMeasurePrice>
      <AllowDiscount>1</AllowDiscount>
      <ItemStatus>1</ItemStatus>
      <ItemId>247878</ItemId>
    </Item>
    <Item>
      <PriceUpdateDate>2015-01-01 00:00:00</PriceUpdateDate>
      <ItemCode>8076809513395</ItemCode>
      <ItemType>0</ItemType>
      <ItemName>רוטב ברילה פומודורו</ItemName>
      <ManufacturerName>ברילה</ManufacturerName>
      <ManufactureCountry>איטליה</ManufactureCountry>
      <ManufacturerItemDescription>רוטב ברילה פומודורו 400 גרם</ManufacturerItemDescription>
      <UnitQty>גרמים</UnitQty>
      <Quantity>400.00</Quantity>
      <UnitOfMeasure>100 גרם</UnitOfMeasure>
      <bIsWeighted>0</bIsWeighted>
      <QtyInPackage>1</QtyInPackage>
      <ItemPrice>12.90</ItemPrice>
      <UnitOfMeasurePrice>3.2250</UnitOfMeasurePrice>
      <AllowDiscount>1</AllowDiscount>
      <ItemStatus>1</ItemStatus>
      <ItemId>247880</ItemId>
    </Item>
    <Item>
      <PriceUpdateDate>2015-01-01 00:00:00</PriceUpdateDate>
      <ItemCode>8076809513388</ItemCode>
      <ItemType>0</ItemType>
      <ItemName>רוטב ברילה ארביאטה 4</ItemName>
      <ManufacturerName>ברילה</ManufacturerName>
      <ManufactureCountry>איטליה</ManufactureCountry>
      <ManufacturerItemDescription>רוטב ברילה ארביאטה 400 גרם</ManufacturerItemDescription>
      <UnitQty>גרמים</UnitQty>
      <Quantity>400.00</Quantity>
      <UnitOfMeasure>100 גרם</UnitOfMeasure>
      <bIsWeighted>0</bIsWeighted>
      <QtyInPackage>1</QtyInPackage>
      <ItemPrice>12.90</ItemPrice>
      <UnitOfMeasurePrice>3.2250</UnitOfMeasurePrice>
      <AllowDiscount>1</AllowDiscount>
      <ItemStatus>1</ItemStatus>
      <ItemId>247881</ItemId>
    </Item>
    <Item>
      <PriceUpdateDate>2015-01-01 00:00:00</PriceUpdateDate>
      <ItemCode>8076809513739</ItemCode>
      <ItemType>0</ItemType>
      <ItemName>רוטב ברילה בזיליקום</ItemName>
      <ManufacturerName>ברילה</ManufacturerName>
      <ManufactureCountry>איטליה</ManufactureCountry>
      <ManufacturerItemDescription>רוטב ברילה בזיליקום 400 גרם</ManufacturerItemDescription>
      <UnitQty>גרמים</UnitQty>
      <Quantity>400.00</Quantity>
      <UnitOfMeasure>100 גרם</UnitOfMeasure>
      <bIsWeighted>0</bIsWeighted>
      <QtyInPackage>1</QtyInPackage>
      <ItemPrice>12.90</ItemPrice>
      <UnitOfMeasurePrice>3.2250</UnitOfMeasurePrice>
      <AllowDiscount>1</AllowDiscount>
      <ItemStatus>1</ItemStatus>
      <ItemId>247883</ItemId>
    </Item>
    <Item>
      <PriceUpdateDate>2016-01-04 18:05:49</PriceUpdateDate>
      <ItemCode>8850389105849</ItemCode>
      <ItemType>1</ItemType>
      <ItemName>משקה אלוורה סאפה אפר</ItemName>
      <ManufacturerName>SAPPE PUBLIC</ManufacturerName>
      <ManufactureCountry>תאילנד</ManufactureCountry>
      <ManufacturerItemDescription>משקה אלוורה סאפה אפרסק 1 ליטר</ManufacturerItemDescription>
      <UnitQty>ליטרים</UnitQty>
      <Quantity>1.00</Quantity>
      <UnitOfMeasure>ליטר    </UnitOfMeasure>
      <bIsWeighted>0</bIsWeighted>
      <QtyInPackage>1</QtyInPackage>
      <ItemPrice>10.20</ItemPrice>
      <UnitOfMeasurePrice>10.2000</UnitOfMeasurePrice>
      <AllowDiscount>1</AllowDiscount>
      <ItemStatus>1</ItemStatus>
      <ItemId>266407</ItemId>
    </Item>
    <Item>
      <PriceUpdateDate>2015-01-01 00:00:00</PriceUpdateDate>
      <ItemCode>7290106655645</ItemCode>
      <ItemType>0</ItemType>
      <ItemName>מארז דנונה שכבות 0%</ItemName>
      <ManufacturerName>שטראוס</ManufacturerName>
      <ManufactureCountry>ישראל</ManufactureCountry>
      <ManufacturerItemDescription>מארז דנונה שכבות 0% תות / אוכמניות</ManufacturerItemDescription>
      <UnitQty>קילוגרמים</UnitQty>
      <Quantity>1.20</Quantity>
      <UnitOfMeasure>ק"ג     </UnitOfMeasure>
      <bIsWeighted>0</bIsWeighted>
      <QtyInPackage>לא ידוע</QtyInPackage>
      <ItemPrice>19.90</ItemPrice>
      <UnitOfMeasurePrice>16.5833</UnitOfMeasurePrice>
      <AllowDiscount>1</AllowDiscount>
      <ItemStatus>1</ItemStatus>
      <ItemId>247927</ItemId>
    </Item>
    <Item>
      <PriceUpdateDate>2015-01-01 00:00:00</PriceUpdateDate>
      <ItemCode>571232</ItemCode>
      <ItemType>0</ItemType>
      <ItemName>גאודה פרוס טבעי 150</ItemName>
      <ManufacturerName>תנובה מרכז שיתופי לש</ManufacturerName>
      <ManufactureCountry>לא ידוע</ManufactureCountry>
      <ManufacturerItemDescription>גאודה פרוס טבעי 150 גרם</ManufacturerItemDescription>
      <UnitQty>גרמים</UnitQty>
      <Quantity>150.00</Quantity>
      <UnitOfMeasure>100 גרם</UnitOfMeasure>
      <bIsWeighted>0</bIsWeighted>
      <QtyInPackage>1</QtyInPackage>
      <ItemPrice>17.90</ItemPrice>
      <UnitOfMeasurePrice>11.9333</UnitOfMeasurePrice>
      <AllowDiscount>1</AllowDiscount>
      <ItemStatus>1</ItemStatus>
      <ItemId>247940</ItemId>
    </Item>
    <Item>
      <PriceUpdateDate>2015-01-01 00:00:00</PriceUpdateDate>
      <ItemCode>571300</ItemCode>
      <ItemType>0</ItemType>
      <ItemName>גאודה פרוס מעושנת 15</ItemName>
      <ManufacturerName>,</ManufacturerName>
      <ManufactureCountry>לא ידוע</ManufactureCountry>
      <ManufacturerItemDescription>גאודה פרוס מעושנת 150 גרם</ManufacturerItemDescription>
      <UnitQty>גרמים</UnitQty>
      <Quantity>150.00</Quantity>
      <UnitOfMeasure>100 גרם</UnitOfMeasure>
      <bIsWeighted>0</bIsWeighted>
      <QtyInPackage>1</QtyInPackage>
      <ItemPrice>17.90</ItemPrice>
      <UnitOfMeasurePrice>11.9333</UnitOfMeasurePrice>
      <AllowDiscount>1</AllowDiscount>
      <ItemStatus>1</ItemStatus>
      <ItemId>247941</ItemId>
    </Item>
    <Item>
      <PriceUpdateDate>2015-01-01 00:00:00</PriceUpdateDate>
      <ItemCode>7290107280396</ItemCode>
      <ItemType>0</ItemType>
      <ItemName>סנו גט למטבח 750 מ"ל</ItemName>
      <ManufacturerName>סנו</ManufacturerName>
      <ManufactureCountry>לא ידוע</ManufactureCountry>
      <ManufacturerItemDescription>סנו גט למטבח 750 מ"ל</ManufacturerItemDescription>
      <UnitQty>מיליליטרים</UnitQty>
      <Quantity>750.00</Quantity>
      <UnitOfMeasure>100 מ"ל</UnitOfMeasure>
      <bIsWeighted>0</bIsWeighted>
      <QtyInPackage>1</QtyInPackage>
      <ItemPrice>11.90</ItemPrice>
      <UnitOfMeasurePrice>1.5867</UnitOfMeasurePrice>
      <AllowDiscount>1</AllowDiscount>
      <ItemStatus>1</ItemStatus>
      <ItemId>249115</ItemId>
    </Item>
    <Item>
      <PriceUpdateDate>2015-09-21 08:44:43</PriceUpdateDate>
      <ItemCode>7290105362193</ItemCode>
      <ItemType>0</ItemType>
      <ItemName>עוגות אישיות מגולגלו</ItemName>
      <ManufacturerName>שטראוס</ManufacturerName>
      <ManufactureCountry>ישראל</ManufactureCountry>
      <ManufacturerItemDescription>עוגות אישיות מגולגלות בטעם שוקולד</ManufacturerItemDescription>
      <UnitQty>גרמים</UnitQty>
      <Quantity>245.00</Quantity>
      <UnitOfMeasure>100 גרם</UnitOfMeasure>
      <bIsWeighted>0</bIsWeighted>
      <QtyInPackage>1</QtyInPackage>
      <ItemPrice>13.90</ItemPrice>
      <UnitOfMeasurePrice>5.6735</UnitOfMeasurePrice>
      <AllowDiscount>1</AllowDiscount>
      <ItemStatus>1</ItemStatus>
      <ItemId>247970</ItemId>
    </Item>
    <Item>
      <PriceUpdateDate>2015-09-21 08:21:51</PriceUpdateDate>
      <ItemCode>7290014791077</ItemCode>
      <ItemType>0</ItemType>
      <ItemName>תה ספרינג ענבים 1.5</ItemName>
      <ManufacturerName>יפאורה תבורי</ManufacturerName>
      <ManufactureCountry>לא ידוע</ManufactureCountry>
      <ManufacturerItemDescription>תה ספרינג ענבים 1.5 ליטר</ManufacturerItemDescription>
      <UnitQty>ליטרים</UnitQty>
      <Quantity>1.50</Quantity>
      <UnitOfMeasure>ליטר    </UnitOfMeasure>
      <bIsWeighted>0</bIsWeighted>
      <QtyInPackage>1</QtyInPackage>
      <ItemPrice>5.90</ItemPrice>
      <UnitOfMeasurePrice>3.9333</UnitOfMeasurePrice>
      <AllowDiscount>1</AllowDiscount>
      <ItemStatus>1</ItemStatus>
      <ItemId>247973</ItemId>
    </Item>
    <Item>
      <PriceUpdateDate>2015-01-01 00:00:00</PriceUpdateDate>
      <ItemCode>169521</ItemCode>
      <ItemType>0</ItemType>
      <ItemName>מרק נמס בכוס ירקות ו</ItemName>
      <ManufacturerName>יוניליוור</ManufacturerName>
      <ManufactureCountry>ישראל</ManufactureCountry>
      <ManufacturerItemDescription>מרק נמס בכוס ירקות וקרוטונים 56 ג בדצ</ManufacturerItemDescription>
      <UnitQty>Unknown </UnitQty>
      <Quantity>0.00</Quantity>
      <UnitOfMeasure>Unknown </UnitOfMeasure>
      <bIsWeighted>0</bIsWeighted>
      <QtyInPackage>1</QtyInPackage>
      <ItemPrice>5.90</ItemPrice>
      <UnitOfMeasurePrice>0.0000</UnitOfMeasurePrice>
      <AllowDiscount>1</AllowDiscount>
      <ItemStatus>1</ItemStatus>
      <ItemId>248009</ItemId>
    </Item>
    <Item>
      <PriceUpdateDate>2015-01-01 00:00:00</PriceUpdateDate>
      <ItemCode>169538</ItemCode>
      <ItemType>0</ItemType>
      <ItemName>מרק נמס בכוס עגבניות</ItemName>
      <ManufacturerName>יוניליוור</ManufacturerName>
      <ManufactureCountry>ישראל</ManufactureCountry>
      <ManufacturerItemDescription>מרק נמס בכוס עגבניות וקרוטונים 56 ג בדצ</ManufacturerItemDescription>
      <UnitQty>Unknown </UnitQty>
      <Quantity>0.00</Quantity>
      <UnitOfMeasure>Unknown </UnitOfMeasure>
      <bIsWeighted>0</bIsWeighted>
      <QtyInPackage>1</QtyInPackage>
      <ItemPrice>5.90</ItemPrice>
      <UnitOfMeasurePrice>0.0000</UnitOfMeasurePrice>
      <AllowDiscount>1</AllowDiscount>
      <ItemStatus>1</ItemStatus>
      <ItemId>248010</ItemId>
    </Item>
    <Item>
      <PriceUpdateDate>2015-01-01 00:00:00</PriceUpdateDate>
      <ItemCode>803067</ItemCode>
      <ItemType>0</ItemType>
      <ItemName>משחת שיניים ילדים אל</ItemName>
      <ManufacturerName>קולגייט פלמוליב</ManufacturerName>
      <ManufactureCountry>גרמניה</ManufactureCountry>
      <ManufacturerItemDescription>משחת שיניים ילדים אלמקס 75 מל</ManufacturerItemDescription>
      <UnitQty>גרמים</UnitQty>
      <Quantity>75.00</Quantity>
      <UnitOfMeasure>100 גרם</UnitOfMeasure>
      <bIsWeighted>0</bIsWeighted>
      <QtyInPackage>1</QtyInPackage>
      <ItemPrice>12.90</ItemPrice>
      <UnitOfMeasurePrice>17.2000</UnitOfMeasurePrice>
      <AllowDiscount>1</AllowDiscount>
      <ItemStatus>1</ItemStatus>
      <ItemId>248031</ItemId>
    </Item>
    <Item>
      <PriceUpdateDate>2015-01-01 00:00:00</PriceUpdateDate>
      <ItemCode>7290102060979</ItemCode>
      <ItemType>0</ItemType>
      <ItemName>משחת שיניים אלמקס מש</ItemName>
      <ManufacturerName>קולגייט פלמוליב</ManufacturerName>
      <ManufactureCountry>גרמניה</ManufactureCountry>
      <ManufacturerItemDescription>משחת שיניים אלמקס משפחתית</ManufacturerItemDescription>
      <UnitQty>Unknown </UnitQty>
      <Quantity>0.00</Quantity>
      <UnitOfMeasure>Unknown </UnitOfMeasure>
      <bIsWeighted>0</bIsWeighted>
      <QtyInPackage>1</QtyInPackage>
      <ItemPrice>15.90</ItemPrice>
      <UnitOfMeasurePrice>0.0000</UnitOfMeasurePrice>
      <AllowDiscount>1</AllowDiscount>
      <ItemStatus>1</ItemStatus>
      <ItemId>248032</ItemId>
    </Item>
    <Item>
      <PriceUpdateDate>2015-01-01 00:00:00</PriceUpdateDate>
      <ItemCode>7290102062195</ItemCode>
      <ItemType>0</ItemType>
      <ItemName>משחת שיניים גוניור א</ItemName>
      <ManufacturerName>קולגייט פלמוליב</ManufacturerName>
      <ManufactureCountry>גרמניה</ManufactureCountry>
      <ManufacturerItemDescription>משחת שיניים גוניור אלמקס 75 מל</ManufacturerItemDescription>
      <UnitQty>גרמים</UnitQty>
      <Quantity>75.00</Quantity>
      <UnitOfMeasure>100 גרם</UnitOfMeasure>
      <bIsWeighted>0</bIsWeighted>
      <QtyInPackage>1</QtyInPackage>
      <ItemPrice>12.90</ItemPrice>
      <UnitOfMeasurePrice>17.2000</UnitOfMeasurePrice>
      <AllowDiscount>1</AllowDiscount>
      <ItemStatus>1</ItemStatus>
      <ItemId>248037</ItemId>
    </Item>
    <Item>
      <PriceUpdateDate>2015-01-01 00:00:00</PriceUpdateDate>
      <ItemCode>835811006664</ItemCode>
      <ItemType>0</ItemType>
      <ItemName>צלחות גדולות בעיטור</ItemName>
      <ManufacturerName>,</ManufacturerName>
      <ManufactureCountry>לא ידוע</ManufactureCountry>
      <ManufacturerItemDescription>צלחות גדולות בעיטור זהב 10 יחידות</ManufacturerItemDescription>
      <UnitQty>Unknown </UnitQty>
      <Quantity>0.00</Quantity>
      <UnitOfMeasure>Unknown </UnitOfMeasure>
      <bIsWeighted>0</bIsWeighted>
      <QtyInPackage>1</QtyInPackage>
      <ItemPrice>19.90</ItemPrice>
      <UnitOfMeasurePrice>0.0000</UnitOfMeasurePrice>
      <AllowDiscount>1</AllowDiscount>
      <ItemStatus>1</ItemStatus>
      <ItemId>248042</ItemId>
    </Item>
    <Item>
      <PriceUpdateDate>2016-03-27 11:40:33</PriceUpdateDate>
      <ItemCode>835811006657</ItemCode>
      <ItemType>0</ItemType>
      <ItemName>צלחות ענק בעיטור זהב</ItemName>
      <ManufacturerName>,</ManufacturerName>
      <ManufactureCountry>לא ידוע</ManufactureCountry>
      <ManufacturerItemDescription>צלחות ענק בעיטור זהב 10 יחידות</ManufacturerItemDescription>
      <UnitQty>Unknown </UnitQty>
      <Quantity>0.00</Quantity>
      <UnitOfMeasure>Unknown </UnitOfMeasure>
      <bIsWeighted>0</bIsWeighted>
      <QtyInPackage>1</QtyInPackage>
      <ItemPrice>24.90</ItemPrice>
      <UnitOfMeasurePrice>0.0000</UnitOfMeasurePrice>
      <AllowDiscount>1</AllowDiscount>
      <ItemStatus>1</ItemStatus>
      <ItemId>248044</ItemId>
    </Item>
    <Item>
      <PriceUpdateDate>2016-03-27 11:40:41</PriceUpdateDate>
      <ItemCode>835811006619</ItemCode>
      <ItemType>0</ItemType>
      <ItemName>צלחות ענק בעיטור כסף</ItemName>
      <ManufacturerName>,</ManufacturerName>
      <ManufactureCountry>לא ידוע</ManufactureCountry>
      <ManufacturerItemDescription>צלחות ענק בעיטור כסף 10 יחידות</ManufacturerItemDescription>
      <UnitQty>Unknown </UnitQty>
      <Quantity>0.00</Quantity>
      <UnitOfMeasure>Unknown </UnitOfMeasure>
      <bIsWeighted>0</bIsWeighted>
      <QtyInPackage>1</QtyInPackage>
      <ItemPrice>24.90</ItemPrice>
      <UnitOfMeasurePrice>0.0000</UnitOfMeasurePrice>
      <AllowDiscount>1</AllowDiscount>
      <ItemStatus>1</ItemStatus>
      <ItemId>248045</ItemId>
    </Item>
    <Item>
      <PriceUpdateDate>2015-01-01 00:00:00</PriceUpdateDate>
      <ItemCode>8710428005755</ItemCode>
      <ItemType>0</ItemType>
      <ItemName>סימילאק איזומיל 400</ItemName>
      <ManufacturerName>אבוט</ManufacturerName>
      <ManufactureCountry>לא ידוע</ManufactureCountry>
      <ManufacturerItemDescription>סימילאק איזומיל 400 גרם NG</ManufacturerItemDescription>
      <UnitQty>גרמים</UnitQty>
      <Quantity>400.00</Quantity>
      <UnitOfMeasure>100 גרם</UnitOfMeasure>
      <bIsWeighted>0</bIsWeighted>
      <QtyInPackage>1</QtyInPackage>
      <ItemPrice>41.90</ItemPrice>
      <UnitOfMeasurePrice>10.4750</UnitOfMeasurePrice>
      <AllowDiscount>1</AllowDiscount>
      <ItemStatus>1</ItemStatus>
      <ItemId>248092</ItemId>
    </Item>
    <Item>
      <PriceUpdateDate>2015-01-01 00:00:00</PriceUpdateDate>
      <ItemCode>8710428005762</ItemCode>
      <ItemType>0</ItemType>
      <ItemName>סימילאק איזומיל 400</ItemName>
      <ManufacturerName>אבוט</ManufacturerName>
      <ManufactureCountry>לא ידוע</ManufactureCountry>
      <ManufacturerItemDescription>סימילאק איזומיל 400 גרם NG TAF</ManufacturerItemDescription>
      <UnitQty>גרמים</UnitQty>
      <Quantity>400.00</Quantity>
      <UnitOfMeasure>100 גרם</UnitOfMeasure>
      <bIsWeighted>0</bIsWeighted>
      <QtyInPackage>1</QtyInPackage>
      <ItemPrice>41.90</ItemPrice>
      <UnitOfMeasurePrice>10.4750</UnitOfMeasurePrice>
      <AllowDiscount>1</AllowDiscount>
      <ItemStatus>1</ItemStatus>
      <ItemId>248093</ItemId>
    </Item>
    <Item>
      <PriceUpdateDate>2015-01-01 00:00:00</PriceUpdateDate>
      <ItemCode>803180</ItemCode>
      <ItemType>0</ItemType>
      <ItemName>מרידול-שטיפת פה דנטל</ItemName>
      <ManufacturerName>גאבה</ManufacturerName>
      <ManufactureCountry>שוויץ</ManufactureCountry>
      <ManufacturerItemDescription>מרידול-שטיפת פה דנטלי 400 מל</ManufacturerItemDescription>
      <UnitQty>מיליליטרים</UnitQty>
      <Quantity>400.00</Quantity>
      <UnitOfMeasure>100 מ"ל</UnitOfMeasure>
      <bIsWeighted>0</bIsWeighted>
      <QtyInPackage>1</QtyInPackage>
      <ItemPrice>24.90</ItemPrice>
      <UnitOfMeasurePrice>6.2250</UnitOfMeasurePrice>
      <AllowDiscount>1</AllowDiscount>
      <ItemStatus>1</ItemStatus>
      <ItemId>248104</ItemId>
    </Item>
    <Item>
      <PriceUpdateDate>2016-03-15 15:06:39</PriceUpdateDate>
      <ItemCode>4136857</ItemCode>
      <ItemType>0</ItemType>
      <ItemName>גלי פטל 125 גרם בד"צ</ItemName>
      <ManufacturerName>תנובה מרכז שיתופי לש</ManufacturerName>
      <ManufactureCountry>לא ידוע</ManufactureCountry>
      <ManufacturerItemDescription>גלי פטל 125 גרם בד"צ</ManufacturerItemDescription>
      <UnitQty>מיליליטרים</UnitQty>
      <Quantity>125.00</Quantity>
      <UnitOfMeasure>100 מ"ל</UnitOfMeasure>
      <bIsWeighted>0</bIsWeighted>
      <QtyInPackage>1</QtyInPackage>
      <ItemPrice>2.30</ItemPrice>
      <UnitOfMeasurePrice>1.8400</UnitOfMeasurePrice>
      <AllowDiscount>1</AllowDiscount>
      <ItemStatus>1</ItemStatus>
      <ItemId>248107</ItemId>
    </Item>
    <Item>
      <PriceUpdateDate>2015-01-01 00:00:00</PriceUpdateDate>
      <ItemCode>4136864</ItemCode>
      <ItemType>0</ItemType>
      <ItemName>גלי בטעם אננס 125 גר</ItemName>
      <ManufacturerName>תנובה מרכז שיתופי לש</ManufacturerName>
      <ManufactureCountry>לא ידוע</ManufactureCountry>
      <ManufacturerItemDescription>גלי בטעם אננס 125 גרם בד"צ</ManufacturerItemDescription>
      <UnitQty>מיליליטרים</UnitQty>
      <Quantity>125.00</Quantity>
      <UnitOfMeasure>100 מ"ל</UnitOfMeasure>
      <bIsWeighted>0</bIsWeighted>
      <QtyInPackage>1</QtyInPackage>
      <ItemPrice>2.50</ItemPrice>
      <UnitOfMeasurePrice>2.0000</UnitOfMeasurePrice>
      <AllowDiscount>1</AllowDiscount>
      <ItemStatus>1</ItemStatus>
      <ItemId>248108</ItemId>
    </Item>
    <Item>
      <PriceUpdateDate>2015-01-01 00:00:00</PriceUpdateDate>
      <ItemCode>4136871</ItemCode>
      <ItemType>0</ItemType>
      <ItemName>גלי בטעם אפרסק 125 ג</ItemName>
      <ManufacturerName>,</ManufacturerName>
      <ManufactureCountry>לא ידוע</ManufactureCountry>
      <ManufacturerItemDescription>גלי בטעם אפרסק 125 גרם בד"צ</ManufacturerItemDescription>
      <UnitQty>מיליליטרים</UnitQty>
      <Quantity>125.00</Quantity>
      <UnitOfMeasure>100 מ"ל</UnitOfMeasure>
      <bIsWeighted>0</bIsWeighted>
      <QtyInPackage>1</QtyInPackage>
      <ItemPrice>2.50</ItemPrice>
      <UnitOfMeasurePrice>2.0000</UnitOfMeasurePrice>
      <AllowDiscount>1</AllowDiscount>
      <ItemStatus>1</ItemStatus>
      <ItemId>248109</ItemId>
    </Item>
    <Item>
      <PriceUpdateDate>2015-01-01 00:00:00</PriceUpdateDate>
      <ItemCode>23984</ItemCode>
      <ItemType>0</ItemType>
      <ItemName>יין קלאסיק פינוטאז</ItemName>
      <ManufacturerName>ברקן סגל</ManufacturerName>
      <ManufactureCountry>לא ידוע</ManufactureCountry>
      <ManufacturerItemDescription>יין קלאסיק פינוטאז 750 מ"ל</ManufacturerItemDescription>
      <UnitQty>מיליליטרים</UnitQty>
      <Quantity>750.00</Quantity>
      <UnitOfMeasure>100 מ"ל</UnitOfMeasure>
      <bIsWeighted>0</bIsWeighted>
      <QtyInPackage>1</QtyInPackage>
      <ItemPrice>24.90</ItemPrice>
      <UnitOfMeasurePrice>3.3200</UnitOfMeasurePrice>
      <AllowDiscount>1</AllowDiscount>
      <ItemStatus>1</ItemStatus>
      <ItemId>248118</ItemId>
    </Item>
    <Item>
      <PriceUpdateDate>2015-01-01 00:00:00</PriceUpdateDate>
      <ItemCode>7290014758162</ItemCode>
      <ItemType>0</ItemType>
      <ItemName>חלב עיזים 1 ליטר מהד</ItemName>
      <ManufacturerName>תנובה מרכז שיתופי לש</ManufacturerName>
      <ManufactureCountry>לא ידוע</ManufactureCountry>
      <ManufacturerItemDescription>חלב עיזים 1 ליטר מהדרין</ManufacturerItemDescription>
      <UnitQty>ליטרים</UnitQty>
      <Quantity>1.00</Quantity>
      <UnitOfMeasure>ליטר    </UnitOfMeasure>
      <bIsWeighted>0</bIsWeighted>
      <QtyInPackage>1</QtyInPackage>
      <ItemPrice>14.80</ItemPrice>
      <UnitOfMeasurePrice>14.8000</UnitOfMeasurePrice>
      <AllowDiscount>1</AllowDiscount>
      <ItemStatus>1</ItemStatus>
      <ItemId>248129</ItemId>
    </Item>
    <Item>
      <PriceUpdateDate>2015-01-01 00:00:00</PriceUpdateDate>
      <ItemCode>710069041059</ItemCode>
      <ItemType>0</ItemType>
      <ItemName>סירופ שוקולד 624 גרם</ItemName>
      <ManufacturerName>,</ManufacturerName>
      <ManufactureCountry>לא ידוע</ManufactureCountry>
      <ManufacturerItemDescription>סירופ שוקולד 624 גרם</ManufacturerItemDescription>
      <UnitQty>מיליליטרים</UnitQty>
      <Quantity>624.00</Quantity>
      <UnitOfMeasure>100 מ"ל</UnitOfMeasure>
      <bIsWeighted>0</bIsWeighted>
      <QtyInPackage>1</QtyInPackage>
      <ItemPrice>11.90</ItemPrice>
      <UnitOfMeasurePrice>1.9071</UnitOfMeasurePrice>
      <AllowDiscount>1</AllowDiscount>
      <ItemStatus>1</ItemStatus>
      <ItemId>248157</ItemId>
    </Item>
    <Item>
      <PriceUpdateDate>2015-01-01 00:00:00</PriceUpdateDate>
      <ItemCode>7290014325326</ItemCode>
      <ItemType>0</ItemType>
      <ItemName>חומוס גדול 1.4 ק"ג</ItemName>
      <ManufacturerName>מיה תעשיות מזון בעמ</ManufacturerName>
      <ManufactureCountry>ישראל</ManufactureCountry>
      <ManufacturerItemDescription>חומוס 1.4 קג</ManufacturerItemDescription>
      <UnitQty>קילוגרמים</UnitQty>
      <Quantity>1.40</Quantity>
      <UnitOfMeasure>ק"ג     </UnitOfMeasure>
      <bIsWeighted>0</bIsWeighted>
      <QtyInPackage>1</QtyInPackage>
      <ItemPrice>14.90</ItemPrice>
      <UnitOfMeasurePrice>10.6429</UnitOfMeasurePrice>
      <AllowDiscount>1</AllowDiscount>
      <ItemStatus>1</ItemStatus>
      <ItemId>248162</ItemId>
    </Item>
    <Item>
      <PriceUpdateDate>2015-08-25 08:43:05</PriceUpdateDate>
      <ItemCode>7290014325333</ItemCode>
      <ItemType>0</ItemType>
      <ItemName>שעועית 1.4 ק"ג</ItemName>
      <ManufacturerName>מיה תעשיות מזון בעמ</ManufacturerName>
      <ManufactureCountry>ישראל</ManufactureCountry>
      <ManufacturerItemDescription>שעועית 1.4 קג</ManufacturerItemDescription>
      <UnitQty>קילוגרמים</UnitQty>
      <Quantity>1.40</Quantity>
      <UnitOfMeasure>ק"ג     </UnitOfMeasure>
      <bIsWeighted>0</bIsWeighted>
      <QtyInPackage>1</QtyInPackage>
      <ItemPrice>19.90</ItemPrice>
      <UnitOfMeasurePrice>14.2143</UnitOfMeasurePrice>
      <AllowDiscount>1</AllowDiscount>
      <ItemStatus>1</ItemStatus>
      <ItemId>248163</ItemId>
    </Item>
    <Item>
      <PriceUpdateDate>2016-01-14 08:31:47</PriceUpdateDate>
      <ItemCode>7290014325340</ItemCode>
      <ItemType>0</ItemType>
      <ItemName>גריסי פנינה 1.4 ק"ג</ItemName>
      <ManufacturerName>מיה תעשיות מזון בעמ</ManufacturerName>
      <ManufactureCountry>ישראל</ManufactureCountry>
      <ManufacturerItemDescription>גריסי פנינה 1.4 קג</ManufacturerItemDescription>
      <UnitQty>קילוגרמים</UnitQty>
      <Quantity>1.40</Quantity>
      <UnitOfMeasure>ק"ג     </UnitOfMeasure>
      <bIsWeighted>0</bIsWeighted>
      <QtyInPackage>1</QtyInPackage>
      <ItemPrice>8.90</ItemPrice>
      <UnitOfMeasurePrice>6.3571</UnitOfMeasurePrice>
      <AllowDiscount>1</AllowDiscount>
      <ItemStatus>1</ItemStatus>
      <ItemId>248164</ItemId>
    </Item>
    <Item>
      <PriceUpdateDate>2016-01-14 08:31:47</PriceUpdateDate>
      <ItemCode>7290014325357</ItemCode>
      <ItemType>0</ItemType>
      <ItemName>חיטה 1.4 ק"ג</ItemName>
      <ManufacturerName>מיה תעשיות מזון בעמ</ManufacturerName>
      <ManufactureCountry>ישראל</ManufactureCountry>
      <ManufacturerItemDescription>חיטה 1.4 קג</ManufacturerItemDescription>
      <UnitQty>קילוגרמים</UnitQty>
      <Quantity>1.40</Quantity>
      <UnitOfMeasure>ק"ג     </UnitOfMeasure>
      <bIsWeighted>0</bIsWeighted>
      <QtyInPackage>1</QtyInPackage>
      <ItemPrice>7.90</ItemPrice>
      <UnitOfMeasurePrice>5.6429</UnitOfMeasurePrice>
      <AllowDiscount>1</AllowDiscount>
      <ItemStatus>1</ItemStatus>
      <ItemId>248165</ItemId>
    </Item>
    <Item>
      <PriceUpdateDate>2015-08-25 08:43:05</PriceUpdateDate>
      <ItemCode>7290014325364</ItemCode>
      <ItemType>0</ItemType>
      <ItemName>גריסים 1.4 ק"ג</ItemName>
      <ManufacturerName>מיה תעשיות מזון בעמ</ManufacturerName>
      <ManufactureCountry>ישראל</ManufactureCountry>
      <ManufacturerItemDescription>גריסים 1.4 קג</ManufacturerItemDescription>
      <UnitQty>קילוגרמים</UnitQty>
      <Quantity>1.40</Quantity>
      <UnitOfMeasure>ק"ג     </UnitOfMeasure>
      <bIsWeighted>0</bIsWeighted>
      <QtyInPackage>1</QtyInPackage>
      <ItemPrice>6.90</ItemPrice>
      <UnitOfMeasurePrice>4.9286</UnitOfMeasurePrice>
      <AllowDiscount>1</AllowDiscount>
      <ItemStatus>1</ItemStatus>
      <ItemId>248166</ItemId>
    </Item>
    <Item>
      <PriceUpdateDate>2015-01-01 00:00:00</PriceUpdateDate>
      <ItemCode>7290014325371</ItemCode>
      <ItemType>0</ItemType>
      <ItemName>אפונה ירוקה 1.4 ק"ג</ItemName>
      <ManufacturerName>מיה תעשיות מזון בעמ</ManufacturerName>
      <ManufactureCountry>ישראל</ManufactureCountry>
      <ManufacturerItemDescription>אפונה ירוקה 1.4 קג</ManufacturerItemDescription>
      <UnitQty>קילוגרמים</UnitQty>
      <Quantity>1.40</Quantity>
      <UnitOfMeasure>ק"ג     </UnitOfMeasure>
      <bIsWeighted>0</bIsWeighted>
      <QtyInPackage>1</QtyInPackage>
      <ItemPrice>9.90</ItemPrice>
      <UnitOfMeasurePrice>7.0714</UnitOfMeasurePrice>
      <AllowDiscount>1</AllowDiscount>
      <ItemStatus>1</ItemStatus>
      <ItemId>248167</ItemId>
    </Item>
    <Item>
      <PriceUpdateDate>2015-01-01 00:00:00</PriceUpdateDate>
      <ItemCode>7290014325395</ItemCode>
      <ItemType>0</ItemType>
      <ItemName>עדשים אדומות 1.4 ק"ג</ItemName>
      <ManufacturerName>מיה תעשיות מזון בעמ</ManufacturerName>
      <ManufactureCountry>ישראל</ManufactureCountry>
      <ManufacturerItemDescription>עדשים אדומות 1.4 קג</ManufacturerItemDescription>
      <UnitQty>קילוגרמים</UnitQty>
      <Quantity>1.40</Quantity>
      <UnitOfMeasure>ק"ג     </UnitOfMeasure>
      <bIsWeighted>0</bIsWeighted>
      <QtyInPackage>1</QtyInPackage>
      <ItemPrice>14.90</ItemPrice>
      <UnitOfMeasurePrice>10.6429</UnitOfMeasurePrice>
      <AllowDiscount>1</AllowDiscount>
      <ItemStatus>1</ItemStatus>
      <ItemId>248168</ItemId>
    </Item>
    <Item>
      <PriceUpdateDate>2015-08-25 08:43:05</PriceUpdateDate>
      <ItemCode>7290014325425</ItemCode>
      <ItemType>0</ItemType>
      <ItemName>בורגול  1.4 ק"ג</ItemName>
      <ManufacturerName>,</ManufacturerName>
      <ManufactureCountry>לא ידוע</ManufactureCountry>
      <ManufacturerItemDescription>בורגול  1.4 ק"ג</ManufacturerItemDescription>
      <UnitQty>קילוגרמים</UnitQty>
      <Quantity>1.40</Quantity>
      <UnitOfMeasure>ק"ג     </UnitOfMeasure>
      <bIsWeighted>0</bIsWeighted>
      <QtyInPackage>1</QtyInPackage>
      <ItemPrice>8.90</ItemPrice>
      <UnitOfMeasurePrice>6.3571</UnitOfMeasurePrice>
      <AllowDiscount>1</AllowDiscount>
      <ItemStatus>1</ItemStatus>
      <ItemId>248171</ItemId>
    </Item>
    <Item>
      <PriceUpdateDate>2015-08-25 08:43:05</PriceUpdateDate>
      <ItemCode>7290014325432</ItemCode>
      <ItemType>0</ItemType>
      <ItemName>כוסמת 1.4 ק"ג</ItemName>
      <ManufacturerName>,</ManufacturerName>
      <ManufactureCountry>לא ידוע</ManufactureCountry>
      <ManufacturerItemDescription>כוסמת 1.4 ק"ג</ManufacturerItemDescription>
      <UnitQty>קילוגרמים</UnitQty>
      <Quantity>1.40</Quantity>
      <UnitOfMeasure>ק"ג     </UnitOfMeasure>
      <bIsWeighted>0</bIsWeighted>
      <QtyInPackage>1</QtyInPackage>
      <ItemPrice>14.90</ItemPrice>
      <UnitOfMeasurePrice>10.6429</UnitOfMeasurePrice>
      <AllowDiscount>1</AllowDiscount>
      <ItemStatus>1</ItemStatus>
      <ItemId>248172</ItemId>
    </Item>
    <Item>
      <PriceUpdateDate>2015-01-01 00:00:00</PriceUpdateDate>
      <ItemCode>7290014758360</ItemCode>
      <ItemType>0</ItemType>
      <ItemName>מאגדת זוג מעדני סויה</ItemName>
      <ManufacturerName>תנובה מרכז שיתופי לש</ManufacturerName>
      <ManufactureCountry>לא ידוע</ManufactureCountry>
      <ManufacturerItemDescription>מאגדת זוג מעדני סויה עם תות</ManufacturerItemDescription>
      <UnitQty>גרמים</UnitQty>
      <Quantity>250.00</Quantity>
      <UnitOfMeasure>100 גרם</UnitOfMeasure>
      <bIsWeighted>0</bIsWeighted>
      <QtyInPackage>1</QtyInPackage>
      <ItemPrice>7.90</ItemPrice>
      <UnitOfMeasurePrice>3.1600</UnitOfMeasurePrice>
      <AllowDiscount>1</AllowDiscount>
      <ItemStatus>1</ItemStatus>
      <ItemId>248185</ItemId>
    </Item>
    <Item>
      <PriceUpdateDate>2015-01-01 00:00:00</PriceUpdateDate>
      <ItemCode>7290014758377</ItemCode>
      <ItemType>0</ItemType>
      <ItemName>מאגדת זוג מעדני סויה</ItemName>
      <ManufacturerName>תנובה מרכז שיתופי לש</ManufacturerName>
      <ManufactureCountry>לא ידוע</ManufactureCountry>
      <ManufacturerItemDescription>מאגדת זוג מעדני סויה עם אפרסק</ManufacturerItemDescription>
      <UnitQty>גרמים</UnitQty>
      <Quantity>250.00</Quantity>
      <UnitOfMeasure>100 גרם</UnitOfMeasure>
      <bIsWeighted>0</bIsWeighted>
      <QtyInPackage>1</QtyInPackage>
      <ItemPrice>7.90</ItemPrice>
      <UnitOfMeasurePrice>3.1600</UnitOfMeasurePrice>
      <AllowDiscount>1</AllowDiscount>
      <ItemStatus>1</ItemStatus>
      <ItemId>248186</ItemId>
    </Item>
    <Item>
      <PriceUpdateDate>2015-01-01 00:00:00</PriceUpdateDate>
      <ItemCode>7290014758346</ItemCode>
      <ItemType>0</ItemType>
      <ItemName>מאגדת זוג מעדני סויה</ItemName>
      <ManufacturerName>תנובה מרכז שיתופי לש</ManufacturerName>
      <ManufactureCountry>לא ידוע</ManufactureCountry>
      <ManufacturerItemDescription>מאגדת זוג מעדני סויה עם שוקולד</ManufacturerItemDescription>
      <UnitQty>גרמים</UnitQty>
      <Quantity>250.00</Quantity>
      <UnitOfMeasure>100 גרם</UnitOfMeasure>
      <bIsWeighted>0</bIsWeighted>
      <QtyInPackage>1</QtyInPackage>
      <ItemPrice>7.90</ItemPrice>
      <UnitOfMeasurePrice>3.1600</UnitOfMeasurePrice>
      <AllowDiscount>1</AllowDiscount>
      <ItemStatus>1</ItemStatus>
      <ItemId>248187</ItemId>
    </Item>
    <Item>
      <PriceUpdateDate>2015-01-01 00:00:00</PriceUpdateDate>
      <ItemCode>7290014759701</ItemCode>
      <ItemType>0</ItemType>
      <ItemName>מאגדת יופלה בטעם וני</ItemName>
      <ManufacturerName>,</ManufacturerName>
      <ManufactureCountry>לא ידוע</ManufactureCountry>
      <ManufacturerItemDescription>מאגדת יופלה במתיקות מעודנת 8 יח בד"צ</ManufacturerItemDescription>
      <UnitQty>קילוגרמים</UnitQty>
      <Quantity>1.20</Quantity>
      <UnitOfMeasure>ק"ג     </UnitOfMeasure>
      <bIsWeighted>0</bIsWeighted>
      <QtyInPackage>1</QtyInPackage>
      <ItemPrice>15.90</ItemPrice>
      <UnitOfMeasurePrice>13.2500</UnitOfMeasurePrice>
      <AllowDiscount>1</AllowDiscount>
      <ItemStatus>1</ItemStatus>
      <ItemId>248194</ItemId>
    </Item>
    <Item>
      <PriceUpdateDate>2015-01-01 00:00:00</PriceUpdateDate>
      <ItemCode>7290014600812</ItemCode>
      <ItemType>0</ItemType>
      <ItemName>קרקר שומשום 1.2 ק"ג</ItemName>
      <ManufacturerName>,</ManufacturerName>
      <ManufactureCountry>לא ידוע</ManufactureCountry>
      <ManufacturerItemDescription>קרקר שומשום 1.2 ק"ג  בצנצנת אושר עד</ManufacturerItemDescription>
      <UnitQty>קילוגרמים</UnitQty>
      <Quantity>1.20</Quantity>
      <UnitOfMeasure>ק"ג     </UnitOfMeasure>
      <bIsWeighted>0</bIsWeighted>
      <QtyInPackage>1</QtyInPackage>
      <ItemPrice>19.90</ItemPrice>
      <UnitOfMeasurePrice>16.5833</UnitOfMeasurePrice>
      <AllowDiscount>1</AllowDiscount>
      <ItemStatus>1</ItemStatus>
      <ItemId>248255</ItemId>
    </Item>
    <Item>
      <PriceUpdateDate>2015-01-01 00:00:00</PriceUpdateDate>
      <ItemCode>7290014600805</ItemCode>
      <ItemType>0</ItemType>
      <ItemName>קרקר קצח 1.2 ק"ג  בצ</ItemName>
      <ManufacturerName>,</ManufacturerName>
      <ManufactureCountry>לא ידוע</ManufactureCountry>
      <ManufacturerItemDescription>קרקר קצח 1.2 ק"ג  בצנצנת אושר עד</ManufacturerItemDescription>
      <UnitQty>קילוגרמים</UnitQty>
      <Quantity>1.20</Quantity>
      <UnitOfMeasure>ק"ג     </UnitOfMeasure>
      <bIsWeighted>0</bIsWeighted>
      <QtyInPackage>1</QtyInPackage>
      <ItemPrice>19.90</ItemPrice>
      <UnitOfMeasurePrice>16.5833</UnitOfMeasurePrice>
      <AllowDiscount>1</AllowDiscount>
      <ItemStatus>1</ItemStatus>
      <ItemId>248256</ItemId>
    </Item>
    <Item>
      <PriceUpdateDate>2015-01-01 00:00:00</PriceUpdateDate>
      <ItemCode>43427401418</ItemCode>
      <ItemType>0</ItemType>
      <ItemName>דובוני גלי 240 גרם ל</ItemName>
      <ManufacturerName>,</ManufacturerName>
      <ManufactureCountry>לא ידוע</ManufactureCountry>
      <ManufacturerItemDescription>דובוני גלי 240 גרם ליברס</ManufacturerItemDescription>
      <UnitQty>גרמים</UnitQty>
      <Quantity>20000.00</Quantity>
      <UnitOfMeasure>100 גרם</UnitOfMeasure>
      <bIsWeighted>0</bIsWeighted>
      <QtyInPackage>1</QtyInPackage>
      <ItemPrice>6.90</ItemPrice>
      <UnitOfMeasurePrice>0.0345</UnitOfMeasurePrice>
      <AllowDiscount>1</AllowDiscount>
      <ItemStatus>1</ItemStatus>
      <ItemId>254675</ItemId>
    </Item>
    <Item>
      <PriceUpdateDate>2015-01-01 00:00:00</PriceUpdateDate>
      <ItemCode>7290103155087</ItemCode>
      <ItemType>0</ItemType>
      <ItemName>שקית אשפה 75/90 גופי</ItemName>
      <ManufacturerName>רווח</ManufacturerName>
      <ManufactureCountry>לא ידוע</ManufactureCountry>
      <ManufacturerItemDescription>שקית אשפה 75/90 גופייה בורדו שחור 35 יח</ManufacturerItemDescription>
      <UnitQty>Unknown </UnitQty>
      <Quantity>0.00</Quantity>
      <UnitOfMeasure>Unknown </UnitOfMeasure>
      <bIsWeighted>0</bIsWeighted>
      <QtyInPackage>1</QtyInPackage>
      <ItemPrice>19.90</ItemPrice>
      <UnitOfMeasurePrice>0.0000</UnitOfMeasurePrice>
      <AllowDiscount>1</AllowDiscount>
      <ItemStatus>1</ItemStatus>
      <ItemId>248301</ItemId>
    </Item>
    <Item>
      <PriceUpdateDate>2015-01-01 00:00:00</PriceUpdateDate>
      <ItemCode>7290103155100</ItemCode>
      <ItemType>0</ItemType>
      <ItemName>שקית אשפה 75/90 גליל</ItemName>
      <ManufacturerName>רווח</ManufacturerName>
      <ManufactureCountry>לא ידוע</ManufactureCountry>
      <ManufacturerItemDescription>שקית אשפה 75/90 גליל שחור 70 יח LD</ManufacturerItemDescription>
      <UnitQty>Unknown </UnitQty>
      <Quantity>0.00</Quantity>
      <UnitOfMeasure>Unknown </UnitOfMeasure>
      <bIsWeighted>0</bIsWeighted>
      <QtyInPackage>1</QtyInPackage>
      <ItemPrice>29.90</ItemPrice>
      <UnitOfMeasurePrice>0.0000</UnitOfMeasurePrice>
      <AllowDiscount>1</AllowDiscount>
      <ItemStatus>1</ItemStatus>
      <ItemId>248303</ItemId>
    </Item>
    <Item>
      <PriceUpdateDate>2015-01-01 00:00:00</PriceUpdateDate>
      <ItemCode>7290103155124</ItemCode>
      <ItemType>0</ItemType>
      <ItemName>שקית אשפה 50/70 גליל</ItemName>
      <ManufacturerName>רווח</ManufacturerName>
      <ManufactureCountry>לא ידוע</ManufactureCountry>
      <ManufacturerItemDescription>שקית אשפה 50/70 גליל שחור 110 יח LD</ManufacturerItemDescription>
      <UnitQty>Unknown </UnitQty>
      <Quantity>0.00</Quantity>
      <UnitOfMeasure>Unknown </UnitOfMeasure>
      <bIsWeighted>0</bIsWeighted>
      <QtyInPackage>1</QtyInPackage>
      <ItemPrice>29.90</ItemPrice>
      <UnitOfMeasurePrice>0.0000</UnitOfMeasurePrice>
      <AllowDiscount>1</AllowDiscount>
      <ItemStatus>1</ItemStatus>
      <ItemId>248305</ItemId>
    </Item>
    <Item>
      <PriceUpdateDate>2015-01-01 00:00:00</PriceUpdateDate>
      <ItemCode>7290103155131</ItemCode>
      <ItemType>0</ItemType>
      <ItemName>שקית אשפה 75/90 גליל</ItemName>
      <ManufacturerName>רווח</ManufacturerName>
      <ManufactureCountry>לא ידוע</ManufactureCountry>
      <ManufacturerItemDescription>שקית אשפה 75/90 גליל כתום 140 יח HD</ManufacturerItemDescription>
      <UnitQty>Unknown </UnitQty>
      <Quantity>0.00</Quantity>
      <UnitOfMeasure>Unknown </UnitOfMeasure>
      <bIsWeighted>0</bIsWeighted>
      <QtyInPackage>1</QtyInPackage>
      <ItemPrice>29.90</ItemPrice>
      <UnitOfMeasurePrice>0.0000</UnitOfMeasurePrice>
      <AllowDiscount>1</AllowDiscount>
      <ItemStatus>1</ItemStatus>
      <ItemId>248306</ItemId>
    </Item>
    <Item>
      <PriceUpdateDate>2016-01-07 08:41:09</PriceUpdateDate>
      <ItemCode>4820011003915</ItemCode>
      <ItemType>0</ItemType>
      <ItemName>וודקה מנדלייב פרימיו</ItemName>
      <ManufacturerName>,</ManufacturerName>
      <ManufactureCountry>לא ידוע</ManufactureCountry>
      <ManufacturerItemDescription>וודקה מנדלייב פרימיום 750 מ"ל</ManufacturerItemDescription>
      <UnitQty>מיליליטרים</UnitQty>
      <Quantity>750.00</Quantity>
      <UnitOfMeasure>100 מ"ל</UnitOfMeasure>
      <bIsWeighted>0</bIsWeighted>
      <QtyInPackage>1</QtyInPackage>
      <ItemPrice>49.90</ItemPrice>
      <UnitOfMeasurePrice>6.6533</UnitOfMeasurePrice>
      <AllowDiscount>1</AllowDiscount>
      <ItemStatus>1</ItemStatus>
      <ItemId>248324</ItemId>
    </Item>
    <Item>
      <PriceUpdateDate>2015-01-01 00:00:00</PriceUpdateDate>
      <ItemCode>644684</ItemCode>
      <ItemType>0</ItemType>
      <ItemName>פילה אמנון בוואקום 5</ItemName>
      <ManufacturerName>,</ManufacturerName>
      <ManufactureCountry>לא ידוע</ManufactureCountry>
      <ManufacturerItemDescription>פילה אמנון בוואקום 5-7</ManufacturerItemDescription>
      <UnitQty>קילוגרמים</UnitQty>
      <Quantity>1.00</Quantity>
      <UnitOfMeasure>ק"ג</UnitOfMeasure>
      <bIsWeighted>1</bIsWeighted>
      <QtyInPackage>לא ידוע</QtyInPackage>
      <ItemPrice>39.90</ItemPrice>
      <UnitOfMeasurePrice>39.9000</UnitOfMeasurePrice>
      <AllowDiscount>1</AllowDiscount>
      <ItemStatus>1</ItemStatus>
      <ItemId>248325</ItemId>
    </Item>
    <Item>
      <PriceUpdateDate>2015-01-01 00:00:00</PriceUpdateDate>
      <ItemCode>345116</ItemCode>
      <ItemType>0</ItemType>
      <ItemName>תה ירוק ויסוצקי 125</ItemName>
      <ManufacturerName>ויסוצקי</ManufacturerName>
      <ManufactureCountry>ישראל</ManufactureCountry>
      <ManufacturerItemDescription>תה ירוק ויסוצקי 125 גרם</ManufacturerItemDescription>
      <UnitQty>גרמים</UnitQty>
      <Quantity>125.00</Quantity>
      <UnitOfMeasure>100 גרם</UnitOfMeasure>
      <bIsWeighted>0</bIsWeighted>
      <QtyInPackage>1</QtyInPackage>
      <ItemPrice>14.40</ItemPrice>
      <UnitOfMeasurePrice>11.5200</UnitOfMeasurePrice>
      <AllowDiscount>1</AllowDiscount>
      <ItemStatus>1</ItemStatus>
      <ItemId>248338</ItemId>
    </Item>
    <Item>
      <PriceUpdateDate>2016-06-09 11:51:15</PriceUpdateDate>
      <ItemCode>5011417565414</ItemCode>
      <ItemType>0</ItemType>
      <ItemName>אייר וויק פיור לבנדר</ItemName>
      <ManufacturerName>רקיט בנקיזר</ManufacturerName>
      <ManufactureCountry>אנגליה</ManufactureCountry>
      <ManufacturerItemDescription>אייר וויק פיור לבנדר וקמומיל</ManufacturerItemDescription>
      <UnitQty>מיליליטרים</UnitQty>
      <Quantity>250.00</Quantity>
      <UnitOfMeasure>100 מ"ל</UnitOfMeasure>
      <bIsWeighted>0</bIsWeighted>
      <QtyInPackage>1</QtyInPackage>
      <ItemPrice>14.90</ItemPrice>
      <UnitOfMeasurePrice>5.9600</UnitOfMeasurePrice>
      <AllowDiscount>1</AllowDiscount>
      <ItemStatus>1</ItemStatus>
      <ItemId>268419</ItemId>
    </Item>
    <Item>
      <PriceUpdateDate>2015-01-01 00:00:00</PriceUpdateDate>
      <ItemCode>5000394203334</ItemCode>
      <ItemType>0</ItemType>
      <ItemName>סוללות דורסל בייסיק</ItemName>
      <ManufacturerName>פרוקטר</ManufacturerName>
      <ManufactureCountry>לא ידוע</ManufactureCountry>
      <ManufacturerItemDescription>סוללות דורסל בייסיק 12AA</ManufacturerItemDescription>
      <UnitQty>Unknown </UnitQty>
      <Quantity>0.00</Quantity>
      <UnitOfMeasure>Unknown </UnitOfMeasure>
      <bIsWeighted>0</bIsWeighted>
      <QtyInPackage>1</QtyInPackage>
      <ItemPrice>29.90</ItemPrice>
      <UnitOfMeasurePrice>0.0000</UnitOfMeasurePrice>
      <AllowDiscount>1</AllowDiscount>
      <ItemStatus>1</ItemStatus>
      <ItemId>248351</ItemId>
    </Item>
    <Item>
      <PriceUpdateDate>2015-09-06 16:01:30</PriceUpdateDate>
      <ItemCode>7290015347570</ItemCode>
      <ItemType>0</ItemType>
      <ItemName>מארז תן צאפ טבעות 28</ItemName>
      <ManufacturerName>,</ManufacturerName>
      <ManufactureCountry>לא ידוע</ManufactureCountry>
      <ManufacturerItemDescription>מארז תן צאפ טבעות 280 גרם</ManufacturerItemDescription>
      <UnitQty>גרמים</UnitQty>
      <Quantity>280.00</Quantity>
      <UnitOfMeasure>100 גרם</UnitOfMeasure>
      <bIsWeighted>0</bIsWeighted>
      <QtyInPackage>1</QtyInPackage>
      <ItemPrice>9.90</ItemPrice>
      <UnitOfMeasurePrice>3.5357</UnitOfMeasurePrice>
      <AllowDiscount>1</AllowDiscount>
      <ItemStatus>1</ItemStatus>
      <ItemId>265243</ItemId>
    </Item>
    <Item>
      <PriceUpdateDate>2015-01-01 00:00:00</PriceUpdateDate>
      <ItemCode>8470766</ItemCode>
      <ItemType>0</ItemType>
      <ItemName>מארז 8 אורביט סטיקס</ItemName>
      <ManufacturerName>ריגלי</ManufacturerName>
      <ManufactureCountry>לא ידוע</ManufactureCountry>
      <ManufacturerItemDescription>מארז 8 אורביט סטיקס 8*5 יח פפרמינט</ManufacturerItemDescription>
      <UnitQty>Unknown </UnitQty>
      <Quantity>0.00</Quantity>
      <UnitOfMeasure>Unknown </UnitOfMeasure>
      <bIsWeighted>0</bIsWeighted>
      <QtyInPackage>1</QtyInPackage>
      <ItemPrice>14.90</ItemPrice>
      <UnitOfMeasurePrice>0.0000</UnitOfMeasurePrice>
      <AllowDiscount>1</AllowDiscount>
      <ItemStatus>1</ItemStatus>
      <ItemId>248373</ItemId>
    </Item>
    <Item>
      <PriceUpdateDate>2015-01-01 00:00:00</PriceUpdateDate>
      <ItemCode>8470759</ItemCode>
      <ItemType>0</ItemType>
      <ItemName>מארז 8 אורביט סטיקס</ItemName>
      <ManufacturerName>ריגלי</ManufacturerName>
      <ManufactureCountry>לא ידוע</ManufactureCountry>
      <ManufacturerItemDescription>מארז 8 אורביט סטיקס 8*5 יח  ספירמינט</ManufacturerItemDescription>
      <UnitQty>Unknown </UnitQty>
      <Quantity>0.00</Quantity>
      <UnitOfMeasure>Unknown </UnitOfMeasure>
      <bIsWeighted>0</bIsWeighted>
      <QtyInPackage>1</QtyInPackage>
      <ItemPrice>14.90</ItemPrice>
      <UnitOfMeasurePrice>0.0000</UnitOfMeasurePrice>
      <AllowDiscount>1</AllowDiscount>
      <ItemStatus>1</ItemStatus>
      <ItemId>248374</ItemId>
    </Item>
    <Item>
      <PriceUpdateDate>2015-01-01 00:00:00</PriceUpdateDate>
      <ItemCode>905723</ItemCode>
      <ItemType>0</ItemType>
      <ItemName>ממתיק קירקלנד 100 יח</ItemName>
      <ManufacturerName>,</ManufacturerName>
      <ManufactureCountry>לא ידוע</ManufactureCountry>
      <ManufacturerItemDescription>ממתיק קירקלנד 100 יח</ManufacturerItemDescription>
      <UnitQty>Unknown </UnitQty>
      <Quantity>0.00</Quantity>
      <UnitOfMeasure>Unknown </UnitOfMeasure>
      <bIsWeighted>0</bIsWeighted>
      <QtyInPackage>1</QtyInPackage>
      <ItemPrice>9.90</ItemPrice>
      <UnitOfMeasurePrice>0.0000</UnitOfMeasurePrice>
      <AllowDiscount>1</AllowDiscount>
      <ItemStatus>1</ItemStatus>
      <ItemId>248410</ItemId>
    </Item>
    <Item>
      <PriceUpdateDate>2015-01-01 00:00:00</PriceUpdateDate>
      <ItemCode>7290104061127</ItemCode>
      <ItemType>0</ItemType>
      <ItemName>עוגת שוקוציפס 330 גר</ItemName>
      <ManufacturerName>,</ManufacturerName>
      <ManufactureCountry>לא ידוע</ManufactureCountry>
      <ManufacturerItemDescription>עוגת שוקוציפס 330 גרם</ManufacturerItemDescription>
      <UnitQty>גרמים</UnitQty>
      <Quantity>330.00</Quantity>
      <UnitOfMeasure>100 גרם</UnitOfMeasure>
      <bIsWeighted>0</bIsWeighted>
      <QtyInPackage>1</QtyInPackage>
      <ItemPrice>9.90</ItemPrice>
      <UnitOfMeasurePrice>3.0000</UnitOfMeasurePrice>
      <AllowDiscount>1</AllowDiscount>
      <ItemStatus>1</ItemStatus>
      <ItemId>248434</ItemId>
    </Item>
    <Item>
      <PriceUpdateDate>2015-01-01 00:00:00</PriceUpdateDate>
      <ItemCode>7290013927200</ItemCode>
      <ItemType>0</ItemType>
      <ItemName>עוגת שוקולד ציפס עשי</ItemName>
      <ManufacturerName>אחדות ביחר לטחינה חל</ManufacturerName>
      <ManufactureCountry>לא ידוע</ManufactureCountry>
      <ManufacturerItemDescription>עוגת שוקולד ציפס עשירה 400 גרם</ManufacturerItemDescription>
      <UnitQty>גרמים</UnitQty>
      <Quantity>400.00</Quantity>
      <UnitOfMeasure>100 גרם</UnitOfMeasure>
      <bIsWeighted>0</bIsWeighted>
      <QtyInPackage>1</QtyInPackage>
      <ItemPrice>9.90</ItemPrice>
      <UnitOfMeasurePrice>2.4750</UnitOfMeasurePrice>
      <AllowDiscount>1</AllowDiscount>
      <ItemStatus>1</ItemStatus>
      <ItemId>248439</ItemId>
    </Item>
    <Item>
      <PriceUpdateDate>2015-01-01 00:00:00</PriceUpdateDate>
      <ItemCode>7290015057028</ItemCode>
      <ItemType>0</ItemType>
      <ItemName>אטריות רחבות להקפצה</ItemName>
      <ManufacturerName>,</ManufacturerName>
      <ManufactureCountry>לא ידוע</ManufactureCountry>
      <ManufacturerItemDescription>אטריות רחבות להקפצה 200 גרם</ManufacturerItemDescription>
      <UnitQty>גרמים</UnitQty>
      <Quantity>200.00</Quantity>
      <UnitOfMeasure>100 גרם</UnitOfMeasure>
      <bIsWeighted>0</bIsWeighted>
      <QtyInPackage>1</QtyInPackage>
      <ItemPrice>4.90</ItemPrice>
      <UnitOfMeasurePrice>2.4500</UnitOfMeasurePrice>
      <AllowDiscount>1</AllowDiscount>
      <ItemStatus>1</ItemStatus>
      <ItemId>252497</ItemId>
    </Item>
    <Item>
      <PriceUpdateDate>2015-01-01 00:00:00</PriceUpdateDate>
      <ItemCode>7290014600782</ItemCode>
      <ItemType>0</ItemType>
      <ItemName>עוגיות סנדוויץ קרמיא</ItemName>
      <ManufacturerName>,</ManufacturerName>
      <ManufactureCountry>לא ידוע</ManufactureCountry>
      <ManufacturerItemDescription>עוגיות סנדוויץ קרמיאו בטעם שוקולד קרם ונ</ManufacturerItemDescription>
      <UnitQty>גרמים</UnitQty>
      <Quantity>700.00</Quantity>
      <UnitOfMeasure>100 גרם</UnitOfMeasure>
      <bIsWeighted>0</bIsWeighted>
      <QtyInPackage>1</QtyInPackage>
      <ItemPrice>19.90</ItemPrice>
      <UnitOfMeasurePrice>2.8429</UnitOfMeasurePrice>
      <AllowDiscount>1</AllowDiscount>
      <ItemStatus>1</ItemStatus>
      <ItemId>249139</ItemId>
    </Item>
    <Item>
      <PriceUpdateDate>2015-01-01 00:00:00</PriceUpdateDate>
      <ItemCode>7290013997371</ItemCode>
      <ItemType>0</ItemType>
      <ItemName>נקניקיות צמחיות 2 ק"</ItemName>
      <ManufacturerName>טבעול ישראל</ManufacturerName>
      <ManufactureCountry>ישראל</ManufactureCountry>
      <ManufacturerItemDescription>נקניקיות צמחיות 2 קג טבעול</ManufacturerItemDescription>
      <UnitQty>קילוגרמים</UnitQty>
      <Quantity>2.00</Quantity>
      <UnitOfMeasure>ק"ג     </UnitOfMeasure>
      <bIsWeighted>0</bIsWeighted>
      <QtyInPackage>1</QtyInPackage>
      <ItemPrice>44.90</ItemPrice>
      <UnitOfMeasurePrice>22.4500</UnitOfMeasurePrice>
      <AllowDiscount>1</AllowDiscount>
      <ItemStatus>1</ItemStatus>
      <ItemId>248556</ItemId>
    </Item>
    <Item>
      <PriceUpdateDate>2015-01-01 00:00:00</PriceUpdateDate>
      <ItemCode>4220822</ItemCode>
      <ItemType>0</ItemType>
      <ItemName>שניצל אמיתי 600 גרם</ItemName>
      <ManufacturerName>,</ManufacturerName>
      <ManufactureCountry>לא ידוע</ManufactureCountry>
      <ManufacturerItemDescription>שניצל אמיתי 600 גרם קהילות</ManufacturerItemDescription>
      <UnitQty>גרמים</UnitQty>
      <Quantity>600.00</Quantity>
      <UnitOfMeasure>100 גרם</UnitOfMeasure>
      <bIsWeighted>0</bIsWeighted>
      <QtyInPackage>1</QtyInPackage>
      <ItemPrice>26.90</ItemPrice>
      <UnitOfMeasurePrice>4.4833</UnitOfMeasurePrice>
      <AllowDiscount>1</AllowDiscount>
      <ItemStatus>1</ItemStatus>
      <ItemId>248559</ItemId>
    </Item>
    <Item>
      <PriceUpdateDate>2015-01-01 00:00:00</PriceUpdateDate>
      <ItemCode>8906006432383</ItemCode>
      <ItemType>0</ItemType>
      <ItemName>נוזל קיווי שחור משופ</ItemName>
      <ManufacturerName>,</ManufacturerName>
      <ManufactureCountry>לא ידוע</ManufactureCountry>
      <ManufacturerItemDescription>נוזל קיווי שחור משופר 75 מ"ל</ManufacturerItemDescription>
      <UnitQty>מיליליטרים</UnitQty>
      <Quantity>75.00</Quantity>
      <UnitOfMeasure>100 מ"ל</UnitOfMeasure>
      <bIsWeighted>0</bIsWeighted>
      <QtyInPackage>1</QtyInPackage>
      <ItemPrice>11.90</ItemPrice>
      <UnitOfMeasurePrice>15.8667</UnitOfMeasurePrice>
      <AllowDiscount>1</AllowDiscount>
      <ItemStatus>1</ItemStatus>
      <ItemId>248575</ItemId>
    </Item>
    <Item>
      <PriceUpdateDate>2015-01-01 00:00:00</PriceUpdateDate>
      <ItemCode>8906006432468</ItemCode>
      <ItemType>0</ItemType>
      <ItemName>קיוי קופסא שחור</ItemName>
      <ManufacturerName>,</ManufacturerName>
      <ManufactureCountry>לא ידוע</ManufactureCountry>
      <ManufacturerItemDescription>קיוי קופסא שחור</ManufacturerItemDescription>
      <UnitQty>Unknown </UnitQty>
      <Quantity>0.00</Quantity>
      <UnitOfMeasure>Unknown </UnitOfMeasure>
      <bIsWeighted>0</bIsWeighted>
      <QtyInPackage>1</QtyInPackage>
      <ItemPrice>4.90</ItemPrice>
      <UnitOfMeasurePrice>0.0000</UnitOfMeasurePrice>
      <AllowDiscount>1</AllowDiscount>
      <ItemStatus>1</ItemStatus>
      <ItemId>248577</ItemId>
    </Item>
    <Item>
      <PriceUpdateDate>2015-01-01 00:00:00</PriceUpdateDate>
      <ItemCode>712963002945</ItemCode>
      <ItemType>0</ItemType>
      <ItemName>שוקולד חלב 100 גרם ב</ItemName>
      <ManufacturerName>,</ManufacturerName>
      <ManufactureCountry>לא ידוע</ManufactureCountry>
      <ManufacturerItemDescription>שוקולד חלב 100 גרם בד"צ אלפרוס</ManufacturerItemDescription>
      <UnitQty>גרמים</UnitQty>
      <Quantity>100.00</Quantity>
      <UnitOfMeasure>100 גרם</UnitOfMeasure>
      <bIsWeighted>0</bIsWeighted>
      <QtyInPackage>1</QtyInPackage>
      <ItemPrice>7.90</ItemPrice>
      <UnitOfMeasurePrice>7.9000</UnitOfMeasurePrice>
      <AllowDiscount>1</AllowDiscount>
      <ItemStatus>1</ItemStatus>
      <ItemId>248595</ItemId>
    </Item>
    <Item>
      <PriceUpdateDate>2015-01-01 00:00:00</PriceUpdateDate>
      <ItemCode>5425660</ItemCode>
      <ItemType>0</ItemType>
      <ItemName>סנומט זוג טבליות + מ</ItemName>
      <ManufacturerName>זובאלה</ManufacturerName>
      <ManufactureCountry>לא ידוע</ManufactureCountry>
      <ManufacturerItemDescription>סנומט זוג טבליות + מכשיר</ManufacturerItemDescription>
      <UnitQty>Unknown </UnitQty>
      <Quantity>0.00</Quantity>
      <UnitOfMeasure>Unknown </UnitOfMeasure>
      <bIsWeighted>0</bIsWeighted>
      <QtyInPackage>1</QtyInPackage>
      <ItemPrice>33.90</ItemPrice>
      <UnitOfMeasurePrice>0.0000</UnitOfMeasurePrice>
      <AllowDiscount>1</AllowDiscount>
      <ItemStatus>1</ItemStatus>
      <ItemId>249325</ItemId>
    </Item>
    <Item>
      <PriceUpdateDate>2015-01-01 00:00:00</PriceUpdateDate>
      <ItemCode>2657866</ItemCode>
      <ItemType>0</ItemType>
      <ItemName>פילה אמנון 5-7</ItemName>
      <ManufacturerName>דלידג</ManufacturerName>
      <ManufactureCountry>לא ידוע</ManufactureCountry>
      <ManufacturerItemDescription>פילה אמנון 5-7</ManufacturerItemDescription>
      <UnitQty>קילוגרמים</UnitQty>
      <Quantity>1.00</Quantity>
      <UnitOfMeasure>ק"ג</UnitOfMeasure>
      <bIsWeighted>1</bIsWeighted>
      <QtyInPackage>לא ידוע</QtyInPackage>
      <ItemPrice>34.90</ItemPrice>
      <UnitOfMeasurePrice>34.9000</UnitOfMeasurePrice>
      <AllowDiscount>1</AllowDiscount>
      <ItemStatus>1</ItemStatus>
      <ItemId>248674</ItemId>
    </Item>
    <Item>
      <PriceUpdateDate>2015-01-01 00:00:00</PriceUpdateDate>
      <ItemCode>7290106527263</ItemCode>
      <ItemType>0</ItemType>
      <ItemName>תפוציפס אריזה כפולה</ItemName>
      <ManufacturerName>,</ManufacturerName>
      <ManufactureCountry>לא ידוע</ManufactureCountry>
      <ManufacturerItemDescription>תפוציפס אריזה כפולה 30*16 יח</ManufacturerItemDescription>
      <UnitQty>גרמים</UnitQty>
      <Quantity>480.00</Quantity>
      <UnitOfMeasure>100 גרם</UnitOfMeasure>
      <bIsWeighted>0</bIsWeighted>
      <QtyInPackage>1</QtyInPackage>
      <ItemPrice>19.90</ItemPrice>
      <UnitOfMeasurePrice>4.1458</UnitOfMeasurePrice>
      <AllowDiscount>1</AllowDiscount>
      <ItemStatus>1</ItemStatus>
      <ItemId>248873</ItemId>
    </Item>
    <Item>
      <PriceUpdateDate>2016-01-04 18:05:49</PriceUpdateDate>
      <ItemCode>8850389105832</ItemCode>
      <ItemType>1</ItemType>
      <ItemName>משקה אלוורה סאפה תפו</ItemName>
      <ManufacturerName>SAPPE PUBLIC</ManufacturerName>
      <ManufactureCountry>תאילנד</ManufactureCountry>
      <ManufacturerItemDescription>משקה אלוורה סאפה תפוח 1 ליטר</ManufacturerItemDescription>
      <UnitQty>ליטרים</UnitQty>
      <Quantity>1.00</Quantity>
      <UnitOfMeasure>ליטר    </UnitOfMeasure>
      <bIsWeighted>0</bIsWeighted>
      <QtyInPackage>1</QtyInPackage>
      <ItemPrice>10.20</ItemPrice>
      <UnitOfMeasurePrice>10.2000</UnitOfMeasurePrice>
      <AllowDiscount>1</AllowDiscount>
      <ItemStatus>1</ItemStatus>
      <ItemId>266408</ItemId>
    </Item>
    <Item>
      <PriceUpdateDate>2015-09-21 08:18:21</PriceUpdateDate>
      <ItemCode>7290106575257</ItemCode>
      <ItemType>0</ItemType>
      <ItemName>עוגת סופלה בטעם שוקו</ItemName>
      <ManufacturerName>אסם</ManufacturerName>
      <ManufactureCountry>לא ידוע</ManufactureCountry>
      <ManufacturerItemDescription>עוגת סופלה בטעם שוקולד 340 גרם</ManufacturerItemDescription>
      <UnitQty>גרמים</UnitQty>
      <Quantity>340.00</Quantity>
      <UnitOfMeasure>100 גרם</UnitOfMeasure>
      <bIsWeighted>0</bIsWeighted>
      <QtyInPackage>1</QtyInPackage>
      <ItemPrice>9.90</ItemPrice>
      <UnitOfMeasurePrice>2.9118</UnitOfMeasurePrice>
      <AllowDiscount>1</AllowDiscount>
      <ItemStatus>1</ItemStatus>
      <ItemId>249049</ItemId>
    </Item>
    <Item>
      <PriceUpdateDate>2015-09-21 08:18:21</PriceUpdateDate>
      <ItemCode>7290106575431</ItemCode>
      <ItemType>0</ItemType>
      <ItemName>עוגת סופלה בטעם שוקו</ItemName>
      <ManufacturerName>אסם</ManufacturerName>
      <ManufactureCountry>לא ידוע</ManufactureCountry>
      <ManufacturerItemDescription>עוגת סופלה בטעם שוקו וניל 340 גרם</ManufacturerItemDescription>
      <UnitQty>גרמים</UnitQty>
      <Quantity>340.00</Quantity>
      <UnitOfMeasure>100 גרם</UnitOfMeasure>
      <bIsWeighted>0</bIsWeighted>
      <QtyInPackage>1</QtyInPackage>
      <ItemPrice>9.90</ItemPrice>
      <UnitOfMeasurePrice>2.9118</UnitOfMeasurePrice>
      <AllowDiscount>1</AllowDiscount>
      <ItemStatus>1</ItemStatus>
      <ItemId>249050</ItemId>
    </Item>
    <Item>
      <PriceUpdateDate>2015-01-01 00:00:00</PriceUpdateDate>
      <ItemCode>7290102396795</ItemCode>
      <ItemType>0</ItemType>
      <ItemName>מאגדת שוקו 6*200 מ"</ItemName>
      <ManufacturerName>טרה</ManufacturerName>
      <ManufactureCountry>לא ידוע</ManufactureCountry>
      <ManufacturerItemDescription>מאגדת שוקו 6*200 מ"ל</ManufacturerItemDescription>
      <UnitQty>ליטרים</UnitQty>
      <Quantity>1.20</Quantity>
      <UnitOfMeasure>ליטר    </UnitOfMeasure>
      <bIsWeighted>0</bIsWeighted>
      <QtyInPackage>1</QtyInPackage>
      <ItemPrice>12.90</ItemPrice>
      <UnitOfMeasurePrice>10.7500</UnitOfMeasurePrice>
      <AllowDiscount>1</AllowDiscount>
      <ItemStatus>1</ItemStatus>
      <ItemId>253945</ItemId>
    </Item>
    <Item>
      <PriceUpdateDate>2015-01-01 00:00:00</PriceUpdateDate>
      <ItemCode>7290106577572</ItemCode>
      <ItemType>0</ItemType>
      <ItemName>מטבוחה 400 גרם צבר</ItemName>
      <ManufacturerName>צבר</ManufacturerName>
      <ManufactureCountry>לא ידוע</ManufactureCountry>
      <ManufacturerItemDescription>מטבוחה 400 גרם צבר</ManufacturerItemDescription>
      <UnitQty>גרמים</UnitQty>
      <Quantity>400.00</Quantity>
      <UnitOfMeasure>100 גרם</UnitOfMeasure>
      <bIsWeighted>0</bIsWeighted>
      <QtyInPackage>1</QtyInPackage>
      <ItemPrice>11.90</ItemPrice>
      <UnitOfMeasurePrice>2.9750</UnitOfMeasurePrice>
      <AllowDiscount>1</AllowDiscount>
      <ItemStatus>1</ItemStatus>
      <ItemId>249057</ItemId>
    </Item>
    <Item>
      <PriceUpdateDate>2015-01-01 00:00:00</PriceUpdateDate>
      <ItemCode>7290106577282</ItemCode>
      <ItemType>0</ItemType>
      <ItemName>טחינה 400 גרם צבר</ItemName>
      <ManufacturerName>צבר</ManufacturerName>
      <ManufactureCountry>לא ידוע</ManufactureCountry>
      <ManufacturerItemDescription>טחינה 400 גרם צבר</ManufacturerItemDescription>
      <UnitQty>גרמים</UnitQty>
      <Quantity>400.00</Quantity>
      <UnitOfMeasure>100 גרם</UnitOfMeasure>
      <bIsWeighted>0</bIsWeighted>
      <QtyInPackage>1</QtyInPackage>
      <ItemPrice>11.90</ItemPrice>
      <UnitOfMeasurePrice>2.9750</UnitOfMeasurePrice>
      <AllowDiscount>1</AllowDiscount>
      <ItemStatus>1</ItemStatus>
      <ItemId>249058</ItemId>
    </Item>
    <Item>
      <PriceUpdateDate>2015-01-01 00:00:00</PriceUpdateDate>
      <ItemCode>7290106577480</ItemCode>
      <ItemType>0</ItemType>
      <ItemName>חציל על האש בטחינה</ItemName>
      <ManufacturerName>צבר</ManufacturerName>
      <ManufactureCountry>לא ידוע</ManufactureCountry>
      <ManufacturerItemDescription>חציל על האש בטחינה 400 גרם צבר</ManufacturerItemDescription>
      <UnitQty>גרמים</UnitQty>
      <Quantity>400.00</Quantity>
      <UnitOfMeasure>100 גרם</UnitOfMeasure>
      <bIsWeighted>0</bIsWeighted>
      <QtyInPackage>1</QtyInPackage>
      <ItemPrice>12.90</ItemPrice>
      <UnitOfMeasurePrice>3.2250</UnitOfMeasurePrice>
      <AllowDiscount>1</AllowDiscount>
      <ItemStatus>1</ItemStatus>
      <ItemId>249060</ItemId>
    </Item>
    <Item>
      <PriceUpdateDate>2015-01-01 00:00:00</PriceUpdateDate>
      <ItemCode>7290106577503</ItemCode>
      <ItemType>0</ItemType>
      <ItemName>חציל במיונז 400 גרם</ItemName>
      <ManufacturerName>צבר</ManufacturerName>
      <ManufactureCountry>לא ידוע</ManufactureCountry>
      <ManufacturerItemDescription>חציל במיונז 400 גרם צבר</ManufacturerItemDescription>
      <UnitQty>גרמים</UnitQty>
      <Quantity>400.00</Quantity>
      <UnitOfMeasure>100 גרם</UnitOfMeasure>
      <bIsWeighted>0</bIsWeighted>
      <QtyInPackage>1</QtyInPackage>
      <ItemPrice>11.90</ItemPrice>
      <UnitOfMeasurePrice>2.9750</UnitOfMeasurePrice>
      <AllowDiscount>1</AllowDiscount>
      <ItemStatus>1</ItemStatus>
      <ItemId>249061</ItemId>
    </Item>
    <Item>
      <PriceUpdateDate>2015-01-01 00:00:00</PriceUpdateDate>
      <ItemCode>7290106578333</ItemCode>
      <ItemType>0</ItemType>
      <ItemName>חציל על האש 400 גרם</ItemName>
      <ManufacturerName>צבר</ManufacturerName>
      <ManufactureCountry>לא ידוע</ManufactureCountry>
      <ManufacturerItemDescription>חציל על האש 400 גרם צבר</ManufacturerItemDescription>
      <UnitQty>גרמים</UnitQty>
      <Quantity>400.00</Quantity>
      <UnitOfMeasure>100 גרם</UnitOfMeasure>
      <bIsWeighted>0</bIsWeighted>
      <QtyInPackage>1</QtyInPackage>
      <ItemPrice>11.90</ItemPrice>
      <UnitOfMeasurePrice>2.9750</UnitOfMeasurePrice>
      <AllowDiscount>1</AllowDiscount>
      <ItemStatus>1</ItemStatus>
      <ItemId>249062</ItemId>
    </Item>
    <Item>
      <PriceUpdateDate>2015-01-01 00:00:00</PriceUpdateDate>
      <ItemCode>7290106577374</ItemCode>
      <ItemType>0</ItemType>
      <ItemName>כרוב אדום 400 גרם צב</ItemName>
      <ManufacturerName>צבר</ManufacturerName>
      <ManufactureCountry>לא ידוע</ManufactureCountry>
      <ManufacturerItemDescription>כרוב אדום 400 גרם צבר</ManufacturerItemDescription>
      <UnitQty>גרמים</UnitQty>
      <Quantity>400.00</Quantity>
      <UnitOfMeasure>100 גרם</UnitOfMeasure>
      <bIsWeighted>0</bIsWeighted>
      <QtyInPackage>1</QtyInPackage>
      <ItemPrice>11.90</ItemPrice>
      <UnitOfMeasurePrice>2.9750</UnitOfMeasurePrice>
      <AllowDiscount>1</AllowDiscount>
      <ItemStatus>1</ItemStatus>
      <ItemId>249064</ItemId>
    </Item>
    <Item>
      <PriceUpdateDate>2015-01-01 00:00:00</PriceUpdateDate>
      <ItemCode>7290106577527</ItemCode>
      <ItemType>0</ItemType>
      <ItemName>קולסלו 400 גרם צבר</ItemName>
      <ManufacturerName>צבר</ManufacturerName>
      <ManufactureCountry>לא ידוע</ManufactureCountry>
      <ManufacturerItemDescription>קולסלו 400 גרם צבר</ManufacturerItemDescription>
      <UnitQty>גרמים</UnitQty>
      <Quantity>400.00</Quantity>
      <UnitOfMeasure>100 גרם</UnitOfMeasure>
      <bIsWeighted>0</bIsWeighted>
      <QtyInPackage>1</QtyInPackage>
      <ItemPrice>11.90</ItemPrice>
      <UnitOfMeasurePrice>2.9750</UnitOfMeasurePrice>
      <AllowDiscount>1</AllowDiscount>
      <ItemStatus>1</ItemStatus>
      <ItemId>249065</ItemId>
    </Item>
    <Item>
      <PriceUpdateDate>2015-01-01 00:00:00</PriceUpdateDate>
      <ItemCode>7290014789821</ItemCode>
      <ItemType>0</ItemType>
      <ItemName>רוטב ברביקיו עם דבש</ItemName>
      <ManufacturerName>היינץ</ManufacturerName>
      <ManufactureCountry>לא ידוע</ManufactureCountry>
      <ManufacturerItemDescription>רוטב ברביקיו עם דבש היינץ 538 גרם</ManufacturerItemDescription>
      <UnitQty>גרמים</UnitQty>
      <Quantity>538.00</Quantity>
      <UnitOfMeasure>100 גרם</UnitOfMeasure>
      <bIsWeighted>0</bIsWeighted>
      <QtyInPackage>1</QtyInPackage>
      <ItemPrice>16.90</ItemPrice>
      <UnitOfMeasurePrice>3.1413</UnitOfMeasurePrice>
      <AllowDiscount>1</AllowDiscount>
      <ItemStatus>1</ItemStatus>
      <ItemId>249067</ItemId>
    </Item>
    <Item>
      <PriceUpdateDate>2015-01-01 00:00:00</PriceUpdateDate>
      <ItemCode>7290014789838</ItemCode>
      <ItemType>0</ItemType>
      <ItemName>רוטב ברביקיו מעושן ה</ItemName>
      <ManufacturerName>היינץ</ManufacturerName>
      <ManufactureCountry>לא ידוע</ManufactureCountry>
      <ManufacturerItemDescription>רוטב ברביקיו מעושן היינץ 538 גרם</ManufacturerItemDescription>
      <UnitQty>גרמים</UnitQty>
      <Quantity>538.00</Quantity>
      <UnitOfMeasure>100 גרם</UnitOfMeasure>
      <bIsWeighted>0</bIsWeighted>
      <QtyInPackage>1</QtyInPackage>
      <ItemPrice>16.90</ItemPrice>
      <UnitOfMeasurePrice>3.1413</UnitOfMeasurePrice>
      <AllowDiscount>1</AllowDiscount>
      <ItemStatus>1</ItemStatus>
      <ItemId>249068</ItemId>
    </Item>
    <Item>
      <PriceUpdateDate>2015-01-01 00:00:00</PriceUpdateDate>
      <ItemCode>7290106576537</ItemCode>
      <ItemType>0</ItemType>
      <ItemName>חומוס מסעדה 700 גרם</ItemName>
      <ManufacturerName>צבר</ManufacturerName>
      <ManufactureCountry>לא ידוע</ManufactureCountry>
      <ManufacturerItemDescription>חומוס מסעדה 700 גרם</ManufacturerItemDescription>
      <UnitQty>גרמים</UnitQty>
      <Quantity>700.00</Quantity>
      <UnitOfMeasure>100 גרם</UnitOfMeasure>
      <bIsWeighted>0</bIsWeighted>
      <QtyInPackage>1</QtyInPackage>
      <ItemPrice>7.90</ItemPrice>
      <UnitOfMeasurePrice>1.1286</UnitOfMeasurePrice>
      <AllowDiscount>1</AllowDiscount>
      <ItemStatus>1</ItemStatus>
      <ItemId>249070</ItemId>
    </Item>
    <Item>
      <PriceUpdateDate>2015-01-01 00:00:00</PriceUpdateDate>
      <ItemCode>7290103156268</ItemCode>
      <ItemType>0</ItemType>
      <ItemName>תבניות ח"פ מלבן 16 י</ItemName>
      <ManufacturerName>,</ManufacturerName>
      <ManufactureCountry>לא ידוע</ManufactureCountry>
      <ManufacturerItemDescription>תבניות ח"פ מלבן 16 יח  R64</ManufacturerItemDescription>
      <UnitQty>Unknown </UnitQty>
      <Quantity>0.00</Quantity>
      <UnitOfMeasure>Unknown </UnitOfMeasure>
      <bIsWeighted>0</bIsWeighted>
      <QtyInPackage>1</QtyInPackage>
      <ItemPrice>14.90</ItemPrice>
      <UnitOfMeasurePrice>0.0000</UnitOfMeasurePrice>
      <AllowDiscount>1</AllowDiscount>
      <ItemStatus>1</ItemStatus>
      <ItemId>249083</ItemId>
    </Item>
    <Item>
      <PriceUpdateDate>2015-01-01 00:00:00</PriceUpdateDate>
      <ItemCode>7290103156275</ItemCode>
      <ItemType>0</ItemType>
      <ItemName>תבניות ח"פ מלבן 15 י</ItemName>
      <ManufacturerName>אופל</ManufacturerName>
      <ManufactureCountry>לא ידוע</ManufactureCountry>
      <ManufacturerItemDescription>תבניות ח"פ מלבן 15 יח  R2</ManufacturerItemDescription>
      <UnitQty>Unknown </UnitQty>
      <Quantity>0.00</Quantity>
      <UnitOfMeasure>Unknown </UnitOfMeasure>
      <bIsWeighted>0</bIsWeighted>
      <QtyInPackage>1</QtyInPackage>
      <ItemPrice>14.90</ItemPrice>
      <UnitOfMeasurePrice>0.0000</UnitOfMeasurePrice>
      <AllowDiscount>1</AllowDiscount>
      <ItemStatus>1</ItemStatus>
      <ItemId>249084</ItemId>
    </Item>
    <Item>
      <PriceUpdateDate>2015-01-01 00:00:00</PriceUpdateDate>
      <ItemCode>7290103156282</ItemCode>
      <ItemType>0</ItemType>
      <ItemName>תבניות ח"פ מלבן 15 י</ItemName>
      <ManufacturerName>,</ManufacturerName>
      <ManufactureCountry>לא ידוע</ManufactureCountry>
      <ManufacturerItemDescription>תבניות ח"פ מלבן 15 יח  R31</ManufacturerItemDescription>
      <UnitQty>Unknown </UnitQty>
      <Quantity>0.00</Quantity>
      <UnitOfMeasure>Unknown </UnitOfMeasure>
      <bIsWeighted>0</bIsWeighted>
      <QtyInPackage>1</QtyInPackage>
      <ItemPrice>14.90</ItemPrice>
      <UnitOfMeasurePrice>0.0000</UnitOfMeasurePrice>
      <AllowDiscount>1</AllowDiscount>
      <ItemStatus>1</ItemStatus>
      <ItemId>249085</ItemId>
    </Item>
    <Item>
      <PriceUpdateDate>2015-01-01 00:00:00</PriceUpdateDate>
      <ItemCode>7290103156299</ItemCode>
      <ItemType>0</ItemType>
      <ItemName>תבניות ח"פ ענק 9 יח</ItemName>
      <ManufacturerName>אופל</ManufacturerName>
      <ManufactureCountry>לא ידוע</ManufactureCountry>
      <ManufacturerItemDescription>תבניות ח"פ ענק 9 יח R99</ManufacturerItemDescription>
      <UnitQty>Unknown </UnitQty>
      <Quantity>0.00</Quantity>
      <UnitOfMeasure>Unknown </UnitOfMeasure>
      <bIsWeighted>0</bIsWeighted>
      <QtyInPackage>1</QtyInPackage>
      <ItemPrice>14.90</ItemPrice>
      <UnitOfMeasurePrice>0.0000</UnitOfMeasurePrice>
      <AllowDiscount>1</AllowDiscount>
      <ItemStatus>1</ItemStatus>
      <ItemId>249086</ItemId>
    </Item>
    <Item>
      <PriceUpdateDate>2015-01-01 00:00:00</PriceUpdateDate>
      <ItemCode>7290107280389</ItemCode>
      <ItemType>0</ItemType>
      <ItemName>סנו גט לאמבט 750 מ"ל</ItemName>
      <ManufacturerName>סנו</ManufacturerName>
      <ManufactureCountry>לא ידוע</ManufactureCountry>
      <ManufacturerItemDescription>סנו גט לאמבט 750 מ"ל</ManufacturerItemDescription>
      <UnitQty>מיליליטרים</UnitQty>
      <Quantity>750.00</Quantity>
      <UnitOfMeasure>100 מ"ל</UnitOfMeasure>
      <bIsWeighted>0</bIsWeighted>
      <QtyInPackage>1</QtyInPackage>
      <ItemPrice>11.90</ItemPrice>
      <UnitOfMeasurePrice>1.5867</UnitOfMeasurePrice>
      <AllowDiscount>1</AllowDiscount>
      <ItemStatus>1</ItemStatus>
      <ItemId>249116</ItemId>
    </Item>
    <Item>
      <PriceUpdateDate>2015-01-01 00:00:00</PriceUpdateDate>
      <ItemCode>7290104962134</ItemCode>
      <ItemType>0</ItemType>
      <ItemName>דאודורנט רול און נוש</ItemName>
      <ManufacturerName>אמיליה קוסמטיקס</ManufacturerName>
      <ManufactureCountry>לא ידוע</ManufactureCountry>
      <ManufacturerItemDescription>דאודורנט רול און נושם FOR GIRLS 75 מ"ל</ManufacturerItemDescription>
      <UnitQty>מיליליטרים</UnitQty>
      <Quantity>75.00</Quantity>
      <UnitOfMeasure>100 מ"ל</UnitOfMeasure>
      <bIsWeighted>0</bIsWeighted>
      <QtyInPackage>1</QtyInPackage>
      <ItemPrice>9.90</ItemPrice>
      <UnitOfMeasurePrice>13.2000</UnitOfMeasurePrice>
      <AllowDiscount>1</AllowDiscount>
      <ItemStatus>1</ItemStatus>
      <ItemId>249118</ItemId>
    </Item>
    <Item>
      <PriceUpdateDate>2015-01-01 00:00:00</PriceUpdateDate>
      <ItemCode>7290104962110</ItemCode>
      <ItemType>0</ItemType>
      <ItemName>דאודורנט ספריי נושם</ItemName>
      <ManufacturerName>אמיליה קוסמטיקס</ManufacturerName>
      <ManufactureCountry>לא ידוע</ManufactureCountry>
      <ManufacturerItemDescription>דאודורנט ספריי נושם FOR GIRLS 150מ"ל</ManufacturerItemDescription>
      <UnitQty>מיליליטרים</UnitQty>
      <Quantity>150.00</Quantity>
      <UnitOfMeasure>100 מ"ל</UnitOfMeasure>
      <bIsWeighted>0</bIsWeighted>
      <QtyInPackage>1</QtyInPackage>
      <ItemPrice>9.90</ItemPrice>
      <UnitOfMeasurePrice>6.6000</UnitOfMeasurePrice>
      <AllowDiscount>1</AllowDiscount>
      <ItemStatus>1</ItemStatus>
      <ItemId>249119</ItemId>
    </Item>
    <Item>
      <PriceUpdateDate>2015-01-01 00:00:00</PriceUpdateDate>
      <ItemCode>7290015039055</ItemCode>
      <ItemType>0</ItemType>
      <ItemName>רוטב צילי חריף 700 מ</ItemName>
      <ManufacturerName>פאן אינטר</ManufacturerName>
      <ManufactureCountry>תאילנד</ManufactureCountry>
      <ManufacturerItemDescription>רוטב צילי חריף 700 מל</ManufacturerItemDescription>
      <UnitQty>מיליליטרים</UnitQty>
      <Quantity>700.00</Quantity>
      <UnitOfMeasure>100 מ"ל</UnitOfMeasure>
      <bIsWeighted>0</bIsWeighted>
      <QtyInPackage>1</QtyInPackage>
      <ItemPrice>8.90</ItemPrice>
      <UnitOfMeasurePrice>1.2714</UnitOfMeasurePrice>
      <AllowDiscount>1</AllowDiscount>
      <ItemStatus>1</ItemStatus>
      <ItemId>249156</ItemId>
    </Item>
    <Item>
      <PriceUpdateDate>2015-01-01 00:00:00</PriceUpdateDate>
      <ItemCode>7290014600775</ItemCode>
      <ItemType>0</ItemType>
      <ItemName>גלילי וופל 600 גרם</ItemName>
      <ManufacturerName>,</ManufacturerName>
      <ManufactureCountry>לא ידוע</ManufactureCountry>
      <ManufacturerItemDescription>גלילי וופל 600 גרם</ManufacturerItemDescription>
      <UnitQty>גרמים</UnitQty>
      <Quantity>600.00</Quantity>
      <UnitOfMeasure>100 גרם</UnitOfMeasure>
      <bIsWeighted>0</bIsWeighted>
      <QtyInPackage>1</QtyInPackage>
      <ItemPrice>19.90</ItemPrice>
      <UnitOfMeasurePrice>3.3167</UnitOfMeasurePrice>
      <AllowDiscount>1</AllowDiscount>
      <ItemStatus>1</ItemStatus>
      <ItemId>249166</ItemId>
    </Item>
    <Item>
      <PriceUpdateDate>2015-01-01 00:00:00</PriceUpdateDate>
      <ItemCode>169743</ItemCode>
      <ItemType>0</ItemType>
      <ItemName>קוקומן חום לבן מופחת</ItemName>
      <ManufacturerName>יוניליוור</ManufacturerName>
      <ManufactureCountry>ישראל</ManufactureCountry>
      <ManufacturerItemDescription>קוקומן חום לבן מופחת סוכר375 גרם</ManufacturerItemDescription>
      <UnitQty>גרמים</UnitQty>
      <Quantity>375.00</Quantity>
      <UnitOfMeasure>100 גרם</UnitOfMeasure>
      <bIsWeighted>0</bIsWeighted>
      <QtyInPackage>1</QtyInPackage>
      <ItemPrice>19.90</ItemPrice>
      <UnitOfMeasurePrice>5.3067</UnitOfMeasurePrice>
      <AllowDiscount>1</AllowDiscount>
      <ItemStatus>1</ItemStatus>
      <ItemId>249176</ItemId>
    </Item>
    <Item>
      <PriceUpdateDate>2015-01-01 00:00:00</PriceUpdateDate>
      <ItemCode>169798</ItemCode>
      <ItemType>0</ItemType>
      <ItemName>עוגי מופחת סוכר 500</ItemName>
      <ManufacturerName>יוניליוור</ManufacturerName>
      <ManufactureCountry>ישראל</ManufactureCountry>
      <ManufacturerItemDescription>עוגי מופחת סוכר 500 גרם בדצ</ManufacturerItemDescription>
      <UnitQty>גרמים</UnitQty>
      <Quantity>500.00</Quantity>
      <UnitOfMeasure>100 גרם</UnitOfMeasure>
      <bIsWeighted>0</bIsWeighted>
      <QtyInPackage>1</QtyInPackage>
      <ItemPrice>20.90</ItemPrice>
      <UnitOfMeasurePrice>4.1800</UnitOfMeasurePrice>
      <AllowDiscount>1</AllowDiscount>
      <ItemStatus>1</ItemStatus>
      <ItemId>249177</ItemId>
    </Item>
    <Item>
      <PriceUpdateDate>2015-01-01 00:00:00</PriceUpdateDate>
      <ItemCode>7702018978106</ItemCode>
      <ItemType>0</ItemType>
      <ItemName>דאודורנט קליר גל גיל</ItemName>
      <ManufacturerName>פרוקטר</ManufacturerName>
      <ManufactureCountry>לא ידוע</ManufactureCountry>
      <ManufacturerItemDescription>דאודורנט קליר גל גילט A1</ManufacturerItemDescription>
      <UnitQty>גרמים</UnitQty>
      <Quantity>150.00</Quantity>
      <UnitOfMeasure>100 גרם</UnitOfMeasure>
      <bIsWeighted>0</bIsWeighted>
      <QtyInPackage>1</QtyInPackage>
      <ItemPrice>25.90</ItemPrice>
      <UnitOfMeasurePrice>17.2667</UnitOfMeasurePrice>
      <AllowDiscount>1</AllowDiscount>
      <ItemStatus>1</ItemStatus>
      <ItemId>249193</ItemId>
    </Item>
    <Item>
      <PriceUpdateDate>2015-01-01 00:00:00</PriceUpdateDate>
      <ItemCode>7702018985708</ItemCode>
      <ItemType>0</ItemType>
      <ItemName>דאודורנט גילט ספריי</ItemName>
      <ManufacturerName>פרוקטר</ManufacturerName>
      <ManufactureCountry>לא ידוע</ManufactureCountry>
      <ManufacturerItemDescription>דאודורנט גילט ספריי 150 מ"ל AI</ManufacturerItemDescription>
      <UnitQty>מיליליטרים</UnitQty>
      <Quantity>150.00</Quantity>
      <UnitOfMeasure>100 מ"ל</UnitOfMeasure>
      <bIsWeighted>0</bIsWeighted>
      <QtyInPackage>1</QtyInPackage>
      <ItemPrice>8.90</ItemPrice>
      <UnitOfMeasurePrice>5.9333</UnitOfMeasurePrice>
      <AllowDiscount>1</AllowDiscount>
      <ItemStatus>1</ItemStatus>
      <ItemId>249194</ItemId>
    </Item>
    <Item>
      <PriceUpdateDate>2016-07-27 13:05:33</PriceUpdateDate>
      <ItemCode>7290105368041</ItemCode>
      <ItemType>0</ItemType>
      <ItemName>פסטה רביוליני גבינה</ItemName>
      <ManufacturerName>שטראוס</ManufacturerName>
      <ManufactureCountry>לא ידוע</ManufactureCountry>
      <ManufacturerItemDescription>פסטה רביוליני גבינה 400 גרם</ManufacturerItemDescription>
      <UnitQty>גרמים</UnitQty>
      <Quantity>400.00</Quantity>
      <UnitOfMeasure>100 גרם</UnitOfMeasure>
      <bIsWeighted>0</bIsWeighted>
      <QtyInPackage>1</QtyInPackage>
      <ItemPrice>19.90</ItemPrice>
      <UnitOfMeasurePrice>4.9750</UnitOfMeasurePrice>
      <AllowDiscount>1</AllowDiscount>
      <ItemStatus>1</ItemStatus>
      <ItemId>269002</ItemId>
    </Item>
    <Item>
      <PriceUpdateDate>2015-01-01 00:00:00</PriceUpdateDate>
      <ItemCode>7290013010254</ItemCode>
      <ItemType>0</ItemType>
      <ItemName>בסיס עגבניות לבישול</ItemName>
      <ManufacturerName>זנלכל</ManufacturerName>
      <ManufactureCountry>לא ידוע</ManufactureCountry>
      <ManufacturerItemDescription>בסיס עגבניות לבישול עדין</ManufacturerItemDescription>
      <UnitQty>גרמים</UnitQty>
      <Quantity>260.00</Quantity>
      <UnitOfMeasure>100 גרם</UnitOfMeasure>
      <bIsWeighted>0</bIsWeighted>
      <QtyInPackage>1</QtyInPackage>
      <ItemPrice>4.90</ItemPrice>
      <UnitOfMeasurePrice>1.8846</UnitOfMeasurePrice>
      <AllowDiscount>1</AllowDiscount>
      <ItemStatus>1</ItemStatus>
      <ItemId>249236</ItemId>
    </Item>
    <Item>
      <PriceUpdateDate>2015-01-01 00:00:00</PriceUpdateDate>
      <ItemCode>7290013531445</ItemCode>
      <ItemType>0</ItemType>
      <ItemName>רוטב נפוליטנה לפסטה</ItemName>
      <ManufacturerName>זנלכל</ManufacturerName>
      <ManufactureCountry>לא ידוע</ManufactureCountry>
      <ManufacturerItemDescription>רוטב נפוליטנה לפסטה</ManufacturerItemDescription>
      <UnitQty>גרמים</UnitQty>
      <Quantity>260.00</Quantity>
      <UnitOfMeasure>100 גרם</UnitOfMeasure>
      <bIsWeighted>0</bIsWeighted>
      <QtyInPackage>1</QtyInPackage>
      <ItemPrice>4.90</ItemPrice>
      <UnitOfMeasurePrice>1.8846</UnitOfMeasurePrice>
      <AllowDiscount>1</AllowDiscount>
      <ItemStatus>1</ItemStatus>
      <ItemId>249237</ItemId>
    </Item>
    <Item>
      <PriceUpdateDate>2015-01-01 00:00:00</PriceUpdateDate>
      <ItemCode>7290013531414</ItemCode>
      <ItemType>0</ItemType>
      <ItemName>רוטב פומפדורו לפסטה</ItemName>
      <ManufacturerName>,</ManufacturerName>
      <ManufactureCountry>לא ידוע</ManufactureCountry>
      <ManufacturerItemDescription>רוטב פומפדורו לפסטה</ManufacturerItemDescription>
      <UnitQty>גרמים</UnitQty>
      <Quantity>260.00</Quantity>
      <UnitOfMeasure>100 גרם</UnitOfMeasure>
      <bIsWeighted>0</bIsWeighted>
      <QtyInPackage>1</QtyInPackage>
      <ItemPrice>4.90</ItemPrice>
      <UnitOfMeasurePrice>1.8846</UnitOfMeasurePrice>
      <AllowDiscount>1</AllowDiscount>
      <ItemStatus>1</ItemStatus>
      <ItemId>249238</ItemId>
    </Item>
    <Item>
      <PriceUpdateDate>2016-08-05 10:56:14</PriceUpdateDate>
      <ItemCode>651219201179</ItemCode>
      <ItemType>0</ItemType>
      <ItemName>גבינת צדר פרוס 170 ג</ItemName>
      <ManufacturerName>,</ManufacturerName>
      <ManufactureCountry>לא ידוע</ManufactureCountry>
      <ManufacturerItemDescription>גבינת צדר פרוס 170 גרם</ManufacturerItemDescription>
      <UnitQty>גרמים</UnitQty>
      <Quantity>170.00</Quantity>
      <UnitOfMeasure>100 גרם</UnitOfMeasure>
      <bIsWeighted>0</bIsWeighted>
      <QtyInPackage>1</QtyInPackage>
      <ItemPrice>22.90</ItemPrice>
      <UnitOfMeasurePrice>13.4706</UnitOfMeasurePrice>
      <AllowDiscount>1</AllowDiscount>
      <ItemStatus>1</ItemStatus>
      <ItemId>249345</ItemId>
    </Item>
    <Item>
      <PriceUpdateDate>2016-08-05 10:56:14</PriceUpdateDate>
      <ItemCode>651219201193</ItemCode>
      <ItemType>0</ItemType>
      <ItemName>גבינת קולבי מתובלת פ</ItemName>
      <ManufacturerName>,</ManufacturerName>
      <ManufactureCountry>לא ידוע</ManufactureCountry>
      <ManufacturerItemDescription>גבינת קולבי מתובלת פרוס 170 גרם</ManufacturerItemDescription>
      <UnitQty>גרמים</UnitQty>
      <Quantity>170.00</Quantity>
      <UnitOfMeasure>100 גרם</UnitOfMeasure>
      <bIsWeighted>0</bIsWeighted>
      <QtyInPackage>1</QtyInPackage>
      <ItemPrice>22.90</ItemPrice>
      <UnitOfMeasurePrice>13.4706</UnitOfMeasurePrice>
      <AllowDiscount>1</AllowDiscount>
      <ItemStatus>1</ItemStatus>
      <ItemId>249346</ItemId>
    </Item>
    <Item>
      <PriceUpdateDate>2016-08-05 10:56:14</PriceUpdateDate>
      <ItemCode>651219201100</ItemCode>
      <ItemType>0</ItemType>
      <ItemName>גבינת מונסטר פרוס 17</ItemName>
      <ManufacturerName>,</ManufacturerName>
      <ManufactureCountry>לא ידוע</ManufactureCountry>
      <ManufacturerItemDescription>גבינת מונסטר פרוס 170 גרם</ManufacturerItemDescription>
      <UnitQty>גרמים</UnitQty>
      <Quantity>170.00</Quantity>
      <UnitOfMeasure>100 גרם</UnitOfMeasure>
      <bIsWeighted>0</bIsWeighted>
      <QtyInPackage>1</QtyInPackage>
      <ItemPrice>22.90</ItemPrice>
      <UnitOfMeasurePrice>13.4706</UnitOfMeasurePrice>
      <AllowDiscount>1</AllowDiscount>
      <ItemStatus>1</ItemStatus>
      <ItemId>249348</ItemId>
    </Item>
    <Item>
      <PriceUpdateDate>2016-08-05 10:56:14</PriceUpdateDate>
      <ItemCode>651219205511</ItemCode>
      <ItemType>0</ItemType>
      <ItemName>גבינה מגורדת תערובת</ItemName>
      <ManufacturerName>,</ManufacturerName>
      <ManufactureCountry>לא ידוע</ManufactureCountry>
      <ManufacturerItemDescription>גבינה מגורדת תערובת השף 227 גרם</ManufacturerItemDescription>
      <UnitQty>גרמים</UnitQty>
      <Quantity>227.00</Quantity>
      <UnitOfMeasure>100 גרם</UnitOfMeasure>
      <bIsWeighted>0</bIsWeighted>
      <QtyInPackage>1</QtyInPackage>
      <ItemPrice>25.90</ItemPrice>
      <UnitOfMeasurePrice>11.4097</UnitOfMeasurePrice>
      <AllowDiscount>1</AllowDiscount>
      <ItemStatus>1</ItemStatus>
      <ItemId>249354</ItemId>
    </Item>
    <Item>
      <PriceUpdateDate>2015-09-03 11:39:44</PriceUpdateDate>
      <ItemCode>7290107877541</ItemCode>
      <ItemType>0</ItemType>
      <ItemName>מרק נמס טעם עוף זוג</ItemName>
      <ManufacturerName>,</ManufacturerName>
      <ManufactureCountry>לא ידוע</ManufactureCountry>
      <ManufacturerItemDescription>מרק נמס טעם עוף זוג בד"צ</ManufacturerItemDescription>
      <UnitQty>גרמים</UnitQty>
      <Quantity>104.00</Quantity>
      <UnitOfMeasure>100 גרם</UnitOfMeasure>
      <bIsWeighted>0</bIsWeighted>
      <QtyInPackage>1</QtyInPackage>
      <ItemPrice>5.90</ItemPrice>
      <UnitOfMeasurePrice>5.6731</UnitOfMeasurePrice>
      <AllowDiscount>1</AllowDiscount>
      <ItemStatus>1</ItemStatus>
      <ItemId>264645</ItemId>
    </Item>
    <Item>
      <PriceUpdateDate>2015-01-01 00:00:00</PriceUpdateDate>
      <ItemCode>7290010154012</ItemCode>
      <ItemType>0</ItemType>
      <ItemName>לימון בלאדי 250 גרם</ItemName>
      <ManufacturerName>גייקובס</ManufacturerName>
      <ManufactureCountry>לא ידוע</ManufactureCountry>
      <ManufacturerItemDescription>לימון בלאדי 250 גרם</ManufacturerItemDescription>
      <UnitQty>גרמים</UnitQty>
      <Quantity>250.00</Quantity>
      <UnitOfMeasure>100 גרם</UnitOfMeasure>
      <bIsWeighted>0</bIsWeighted>
      <QtyInPackage>1</QtyInPackage>
      <ItemPrice>13.50</ItemPrice>
      <UnitOfMeasurePrice>5.4000</UnitOfMeasurePrice>
      <AllowDiscount>1</AllowDiscount>
      <ItemStatus>1</ItemStatus>
      <ItemId>249380</ItemId>
    </Item>
    <Item>
      <PriceUpdateDate>2015-01-01 00:00:00</PriceUpdateDate>
      <ItemCode>7290014325838</ItemCode>
      <ItemType>0</ItemType>
      <ItemName>סוכריות גלי פטל תות</ItemName>
      <ManufacturerName>,</ManufacturerName>
      <ManufactureCountry>לא ידוע</ManufactureCountry>
      <ManufacturerItemDescription>סוכריות גלי פטל תות 1 ק"ג</ManufacturerItemDescription>
      <UnitQty>קילוגרמים</UnitQty>
      <Quantity>1.00</Quantity>
      <UnitOfMeasure>ק"ג     </UnitOfMeasure>
      <bIsWeighted>0</bIsWeighted>
      <QtyInPackage>1</QtyInPackage>
      <ItemPrice>24.90</ItemPrice>
      <UnitOfMeasurePrice>24.9000</UnitOfMeasurePrice>
      <AllowDiscount>1</AllowDiscount>
      <ItemStatus>1</ItemStatus>
      <ItemId>249511</ItemId>
    </Item>
    <Item>
      <PriceUpdateDate>2015-01-01 00:00:00</PriceUpdateDate>
      <ItemCode>253206</ItemCode>
      <ItemType>0</ItemType>
      <ItemName>שוקוציפס 750 גרם</ItemName>
      <ManufacturerName>אופנהיימר</ManufacturerName>
      <ManufactureCountry>לא ידוע</ManufactureCountry>
      <ManufacturerItemDescription>שוקוציפס 750 גרם</ManufacturerItemDescription>
      <UnitQty>גרמים</UnitQty>
      <Quantity>750.00</Quantity>
      <UnitOfMeasure>100 גרם</UnitOfMeasure>
      <bIsWeighted>0</bIsWeighted>
      <QtyInPackage>1</QtyInPackage>
      <ItemPrice>19.90</ItemPrice>
      <UnitOfMeasurePrice>2.6533</UnitOfMeasurePrice>
      <AllowDiscount>1</AllowDiscount>
      <ItemStatus>1</ItemStatus>
      <ItemId>249522</ItemId>
    </Item>
    <Item>
      <PriceUpdateDate>2015-06-25 18:05:48</PriceUpdateDate>
      <ItemCode>7290013608352</ItemCode>
      <ItemType>0</ItemType>
      <ItemName>מיץ תפוזים סחוט 3 לי</ItemName>
      <ManufacturerName>גניר</ManufacturerName>
      <ManufactureCountry>לא ידוע</ManufactureCountry>
      <ManufacturerItemDescription>מיץ תפוזים סחוט 3 ליטר</ManufacturerItemDescription>
      <UnitQty>ליטרים</UnitQty>
      <Quantity>3.00</Quantity>
      <UnitOfMeasure>ליטר    </UnitOfMeasure>
      <bIsWeighted>0</bIsWeighted>
      <QtyInPackage>1</QtyInPackage>
      <ItemPrice>29.90</ItemPrice>
      <UnitOfMeasurePrice>9.9667</UnitOfMeasurePrice>
      <AllowDiscount>1</AllowDiscount>
      <ItemStatus>1</ItemStatus>
      <ItemId>264296</ItemId>
    </Item>
    <Item>
      <PriceUpdateDate>2016-01-03 12:17:04</PriceUpdateDate>
      <ItemCode>7290106663244</ItemCode>
      <ItemType>0</ItemType>
      <ItemName>סלט חציל זעלוק 400 ג</ItemName>
      <ManufacturerName>שטראוס</ManufacturerName>
      <ManufactureCountry>ישראל</ManufactureCountry>
      <ManufacturerItemDescription>סלט חציל זעלוק 400 גרם טעמי השוק</ManufacturerItemDescription>
      <UnitQty>גרמים</UnitQty>
      <Quantity>400.00</Quantity>
      <UnitOfMeasure>100 גרם</UnitOfMeasure>
      <bIsWeighted>0</bIsWeighted>
      <QtyInPackage>1</QtyInPackage>
      <ItemPrice>14.90</ItemPrice>
      <UnitOfMeasurePrice>3.7250</UnitOfMeasurePrice>
      <AllowDiscount>1</AllowDiscount>
      <ItemStatus>1</ItemStatus>
      <ItemId>266350</ItemId>
    </Item>
    <Item>
      <PriceUpdateDate>2015-10-15 10:11:14</PriceUpdateDate>
      <ItemCode>7290102397204</ItemCode>
      <ItemType>0</ItemType>
      <ItemName>גבינה נועם דק דק 22%</ItemName>
      <ManufacturerName>טרה</ManufacturerName>
      <ManufactureCountry>לא ידוע</ManufactureCountry>
      <ManufacturerItemDescription>גבינה נועם דק דק 22% 200 גרם</ManufacturerItemDescription>
      <UnitQty>גרמים</UnitQty>
      <Quantity>200.00</Quantity>
      <UnitOfMeasure>100 גרם</UnitOfMeasure>
      <bIsWeighted>0</bIsWeighted>
      <QtyInPackage>1</QtyInPackage>
      <ItemPrice>14.90</ItemPrice>
      <UnitOfMeasurePrice>7.4500</UnitOfMeasurePrice>
      <AllowDiscount>1</AllowDiscount>
      <ItemStatus>1</ItemStatus>
      <ItemId>265455</ItemId>
    </Item>
    <Item>
      <PriceUpdateDate>2015-01-01 00:00:00</PriceUpdateDate>
      <ItemCode>28000321628</ItemCode>
      <ItemType>0</ItemType>
      <ItemName>מארז לאפי טאפי תות 1</ItemName>
      <ManufacturerName>,</ManufacturerName>
      <ManufactureCountry>לא ידוע</ManufactureCountry>
      <ManufacturerItemDescription>מארז לאפי טאפי תות 145 יח</ManufacturerItemDescription>
      <UnitQty>קילוגרמים</UnitQty>
      <Quantity>1.40</Quantity>
      <UnitOfMeasure>ק"ג     </UnitOfMeasure>
      <bIsWeighted>0</bIsWeighted>
      <QtyInPackage>1</QtyInPackage>
      <ItemPrice>49.90</ItemPrice>
      <UnitOfMeasurePrice>35.6429</UnitOfMeasurePrice>
      <AllowDiscount>1</AllowDiscount>
      <ItemStatus>1</ItemStatus>
      <ItemId>249554</ItemId>
    </Item>
    <Item>
      <PriceUpdateDate>2015-01-01 00:00:00</PriceUpdateDate>
      <ItemCode>256313</ItemCode>
      <ItemType>0</ItemType>
      <ItemName>וופל סוויט 70 יח</ItemName>
      <ManufacturerName>,</ManufacturerName>
      <ManufactureCountry>לא ידוע</ManufactureCountry>
      <ManufacturerItemDescription>וופל סוויט 70 יח</ManufacturerItemDescription>
      <UnitQty>קילוגרמים</UnitQty>
      <Quantity>1.40</Quantity>
      <UnitOfMeasure>ק"ג     </UnitOfMeasure>
      <bIsWeighted>0</bIsWeighted>
      <QtyInPackage>1</QtyInPackage>
      <ItemPrice>19.90</ItemPrice>
      <UnitOfMeasurePrice>14.2143</UnitOfMeasurePrice>
      <AllowDiscount>1</AllowDiscount>
      <ItemStatus>1</ItemStatus>
      <ItemId>249562</ItemId>
    </Item>
    <Item>
      <PriceUpdateDate>2015-01-01 00:00:00</PriceUpdateDate>
      <ItemCode>7290103156350</ItemCode>
      <ItemType>0</ItemType>
      <ItemName>מפת אלבד בצבעים 18 מ</ItemName>
      <ManufacturerName>,</ManufacturerName>
      <ManufactureCountry>לא ידוע</ManufactureCountry>
      <ManufacturerItemDescription>מפת אלבד בצבעים 18 מטר</ManufacturerItemDescription>
      <UnitQty>Unknown </UnitQty>
      <Quantity>0.00</Quantity>
      <UnitOfMeasure>Unknown </UnitOfMeasure>
      <bIsWeighted>0</bIsWeighted>
      <QtyInPackage>1</QtyInPackage>
      <ItemPrice>19.90</ItemPrice>
      <UnitOfMeasurePrice>0.0000</UnitOfMeasurePrice>
      <AllowDiscount>1</AllowDiscount>
      <ItemStatus>1</ItemStatus>
      <ItemId>249563</ItemId>
    </Item>
    <Item>
      <PriceUpdateDate>2015-01-01 00:00:00</PriceUpdateDate>
      <ItemCode>28000479763</ItemCode>
      <ItemType>0</ItemType>
      <ItemName>מארז לאפי טאפי דובדב</ItemName>
      <ManufacturerName>,</ManufacturerName>
      <ManufactureCountry>לא ידוע</ManufactureCountry>
      <ManufacturerItemDescription>מארז לאפי טאפי דובדבן 145 יח</ManufacturerItemDescription>
      <UnitQty>קילוגרמים</UnitQty>
      <Quantity>1.40</Quantity>
      <UnitOfMeasure>ק"ג     </UnitOfMeasure>
      <bIsWeighted>0</bIsWeighted>
      <QtyInPackage>1</QtyInPackage>
      <ItemPrice>49.90</ItemPrice>
      <UnitOfMeasurePrice>35.6429</UnitOfMeasurePrice>
      <AllowDiscount>1</AllowDiscount>
      <ItemStatus>1</ItemStatus>
      <ItemId>249568</ItemId>
    </Item>
    <Item>
      <PriceUpdateDate>2016-03-13 13:58:57</PriceUpdateDate>
      <ItemCode>6920874</ItemCode>
      <ItemType>0</ItemType>
      <ItemName>גבינה הולנדי פרוס</ItemName>
      <ManufacturerName>צי תעשיות מזון יבנה</ManufacturerName>
      <ManufactureCountry>לא ידוע</ManufactureCountry>
      <ManufacturerItemDescription>גבינה הולנדי פרוס 500 גרם</ManufacturerItemDescription>
      <UnitQty>גרמים</UnitQty>
      <Quantity>500.00</Quantity>
      <UnitOfMeasure>100 גרם</UnitOfMeasure>
      <bIsWeighted>0</bIsWeighted>
      <QtyInPackage>1</QtyInPackage>
      <ItemPrice>17.90</ItemPrice>
      <UnitOfMeasurePrice>3.5800</UnitOfMeasurePrice>
      <AllowDiscount>1</AllowDiscount>
      <ItemStatus>1</ItemStatus>
      <ItemId>249587</ItemId>
    </Item>
    <Item>
      <PriceUpdateDate>2016-03-13 13:58:57</PriceUpdateDate>
      <ItemCode>6920881</ItemCode>
      <ItemType>0</ItemType>
      <ItemName>גבינה מעושנת פרוס 50</ItemName>
      <ManufacturerName>צי תעשיות מזון יבנה</ManufacturerName>
      <ManufactureCountry>לא ידוע</ManufactureCountry>
      <ManufacturerItemDescription>גבינה מעושנת פרוס 500 גרם</ManufacturerItemDescription>
      <UnitQty>גרמים</UnitQty>
      <Quantity>500.00</Quantity>
      <UnitOfMeasure>100 גרם</UnitOfMeasure>
      <bIsWeighted>0</bIsWeighted>
      <QtyInPackage>1</QtyInPackage>
      <ItemPrice>17.90</ItemPrice>
      <UnitOfMeasurePrice>3.5800</UnitOfMeasurePrice>
      <AllowDiscount>1</AllowDiscount>
      <ItemStatus>1</ItemStatus>
      <ItemId>249588</ItemId>
    </Item>
    <Item>
      <PriceUpdateDate>2016-03-13 13:58:57</PriceUpdateDate>
      <ItemCode>6920898</ItemCode>
      <ItemType>0</ItemType>
      <ItemName>גבינה הולנדית 5% פרו</ItemName>
      <ManufacturerName>צי תעשיות מזון יבנה</ManufacturerName>
      <ManufactureCountry>לא ידוע</ManufactureCountry>
      <ManufacturerItemDescription>גבינה הולנדית 5% פרוס 400 גרם</ManufacturerItemDescription>
      <UnitQty>גרמים</UnitQty>
      <Quantity>400.00</Quantity>
      <UnitOfMeasure>100 גרם</UnitOfMeasure>
      <bIsWeighted>0</bIsWeighted>
      <QtyInPackage>1</QtyInPackage>
      <ItemPrice>17.90</ItemPrice>
      <UnitOfMeasurePrice>4.4750</UnitOfMeasurePrice>
      <AllowDiscount>1</AllowDiscount>
      <ItemStatus>1</ItemStatus>
      <ItemId>249589</ItemId>
    </Item>
    <Item>
      <PriceUpdateDate>2015-01-01 00:00:00</PriceUpdateDate>
      <ItemCode>7290014759084</ItemCode>
      <ItemType>0</ItemType>
      <ItemName>גבינת נפולאון 16% סק</ItemName>
      <ManufacturerName>,</ManufacturerName>
      <ManufactureCountry>לא ידוע</ManufactureCountry>
      <ManufacturerItemDescription>גבינת נפולאון 16% סקיני 225 גרם</ManufacturerItemDescription>
      <UnitQty>גרמים</UnitQty>
      <Quantity>225.00</Quantity>
      <UnitOfMeasure>100 גרם</UnitOfMeasure>
      <bIsWeighted>0</bIsWeighted>
      <QtyInPackage>1</QtyInPackage>
      <ItemPrice>8.90</ItemPrice>
      <UnitOfMeasurePrice>3.9556</UnitOfMeasurePrice>
      <AllowDiscount>1</AllowDiscount>
      <ItemStatus>1</ItemStatus>
      <ItemId>249599</ItemId>
    </Item>
    <Item>
      <PriceUpdateDate>2015-12-24 12:46:18</PriceUpdateDate>
      <ItemCode>7290014459151</ItemCode>
      <ItemType>0</ItemType>
      <ItemName>שניצל תירס לייט 630</ItemName>
      <ManufacturerName>תפוגן</ManufacturerName>
      <ManufactureCountry>לא ידוע</ManufactureCountry>
      <ManufacturerItemDescription>שניצל תירס לייט 630 גרם</ManufacturerItemDescription>
      <UnitQty>גרמים</UnitQty>
      <Quantity>630.00</Quantity>
      <UnitOfMeasure>100 גרם</UnitOfMeasure>
      <bIsWeighted>0</bIsWeighted>
      <QtyInPackage>1</QtyInPackage>
      <ItemPrice>15.90</ItemPrice>
      <UnitOfMeasurePrice>2.5238</UnitOfMeasurePrice>
      <AllowDiscount>1</AllowDiscount>
      <ItemStatus>1</ItemStatus>
      <ItemId>249607</ItemId>
    </Item>
    <Item>
      <PriceUpdateDate>2015-01-01 00:00:00</PriceUpdateDate>
      <ItemCode>7290010237531</ItemCode>
      <ItemType>0</ItemType>
      <ItemName>פפסי קולה 500 מ"ל CO</ItemName>
      <ManufacturerName>טמפו</ManufacturerName>
      <ManufactureCountry>לא ידוע</ManufactureCountry>
      <ManufacturerItemDescription>פפסי קולה 500 מ"ל COOL</ManufacturerItemDescription>
      <UnitQty>מיליליטרים</UnitQty>
      <Quantity>500.00</Quantity>
      <UnitOfMeasure>100 מ"ל</UnitOfMeasure>
      <bIsWeighted>0</bIsWeighted>
      <QtyInPackage>1</QtyInPackage>
      <ItemPrice>5.20</ItemPrice>
      <UnitOfMeasurePrice>1.0400</UnitOfMeasurePrice>
      <AllowDiscount>1</AllowDiscount>
      <ItemStatus>1</ItemStatus>
      <ItemId>249608</ItemId>
    </Item>
    <Item>
      <PriceUpdateDate>2015-01-01 00:00:00</PriceUpdateDate>
      <ItemCode>7290010237548</ItemCode>
      <ItemType>0</ItemType>
      <ItemName>פפסי מקס 500 מ"ל COO</ItemName>
      <ManufacturerName>טמפו</ManufacturerName>
      <ManufactureCountry>לא ידוע</ManufactureCountry>
      <ManufacturerItemDescription>פפסי מקס 500 מ"ל COOL</ManufacturerItemDescription>
      <UnitQty>מיליליטרים</UnitQty>
      <Quantity>500.00</Quantity>
      <UnitOfMeasure>100 מ"ל</UnitOfMeasure>
      <bIsWeighted>0</bIsWeighted>
      <QtyInPackage>1</QtyInPackage>
      <ItemPrice>5.20</ItemPrice>
      <UnitOfMeasurePrice>1.0400</UnitOfMeasurePrice>
      <AllowDiscount>1</AllowDiscount>
      <ItemStatus>1</ItemStatus>
      <ItemId>249609</ItemId>
    </Item>
    <Item>
      <PriceUpdateDate>2015-01-01 00:00:00</PriceUpdateDate>
      <ItemCode>7290010237562</ItemCode>
      <ItemType>0</ItemType>
      <ItemName>מירנדה 500 מ"ל COOL</ItemName>
      <ManufacturerName>טמפו</ManufacturerName>
      <ManufactureCountry>לא ידוע</ManufactureCountry>
      <ManufacturerItemDescription>מירנדה 500 מ"ל COOL</ManufacturerItemDescription>
      <UnitQty>מיליליטרים</UnitQty>
      <Quantity>500.00</Quantity>
      <UnitOfMeasure>100 מ"ל</UnitOfMeasure>
      <bIsWeighted>0</bIsWeighted>
      <QtyInPackage>1</QtyInPackage>
      <ItemPrice>5.20</ItemPrice>
      <UnitOfMeasurePrice>1.0400</UnitOfMeasurePrice>
      <AllowDiscount>1</AllowDiscount>
      <ItemStatus>1</ItemStatus>
      <ItemId>249610</ItemId>
    </Item>
    <Item>
      <PriceUpdateDate>2015-01-01 00:00:00</PriceUpdateDate>
      <ItemCode>7290010237579</ItemCode>
      <ItemType>0</ItemType>
      <ItemName>סבן אפ 500 מ"ל COOL</ItemName>
      <ManufacturerName>טמפו</ManufacturerName>
      <ManufactureCountry>לא ידוע</ManufactureCountry>
      <ManufacturerItemDescription>סבן אפ 500 מ"ל COOL</ManufacturerItemDescription>
      <UnitQty>מיליליטרים</UnitQty>
      <Quantity>500.00</Quantity>
      <UnitOfMeasure>100 מ"ל</UnitOfMeasure>
      <bIsWeighted>0</bIsWeighted>
      <QtyInPackage>1</QtyInPackage>
      <ItemPrice>5.20</ItemPrice>
      <UnitOfMeasurePrice>1.0400</UnitOfMeasurePrice>
      <AllowDiscount>1</AllowDiscount>
      <ItemStatus>1</ItemStatus>
      <ItemId>249611</ItemId>
    </Item>
    <Item>
      <PriceUpdateDate>2015-01-01 00:00:00</PriceUpdateDate>
      <ItemCode>7290010237586</ItemCode>
      <ItemType>0</ItemType>
      <ItemName>סבן אפ דיאט 500 מ"ל</ItemName>
      <ManufacturerName>טמפו</ManufacturerName>
      <ManufactureCountry>לא ידוע</ManufactureCountry>
      <ManufacturerItemDescription>סבן אפ דיאט 500 מ"ל COOL</ManufacturerItemDescription>
      <UnitQty>מיליליטרים</UnitQty>
      <Quantity>500.00</Quantity>
      <UnitOfMeasure>100 מ"ל</UnitOfMeasure>
      <bIsWeighted>0</bIsWeighted>
      <QtyInPackage>1</QtyInPackage>
      <ItemPrice>5.20</ItemPrice>
      <UnitOfMeasurePrice>1.0400</UnitOfMeasurePrice>
      <AllowDiscount>1</AllowDiscount>
      <ItemStatus>1</ItemStatus>
      <ItemId>249612</ItemId>
    </Item>
    <Item>
      <PriceUpdateDate>2015-01-01 00:00:00</PriceUpdateDate>
      <ItemCode>7290106527423</ItemCode>
      <ItemType>0</ItemType>
      <ItemName>מארז אקטיביה שזיף מי</ItemName>
      <ManufacturerName>שטראוס</ManufacturerName>
      <ManufactureCountry>ישראל</ManufactureCountry>
      <ManufacturerItemDescription>מארז אקטיביה שזיף מיובש 1.5% 4*150 גרם</ManufacturerItemDescription>
      <UnitQty>מיליליטרים</UnitQty>
      <Quantity>600.00</Quantity>
      <UnitOfMeasure>100 מ"ל</UnitOfMeasure>
      <bIsWeighted>0</bIsWeighted>
      <QtyInPackage>4</QtyInPackage>
      <ItemPrice>18.90</ItemPrice>
      <UnitOfMeasurePrice>3.1500</UnitOfMeasurePrice>
      <AllowDiscount>1</AllowDiscount>
      <ItemStatus>1</ItemStatus>
      <ItemId>249629</ItemId>
    </Item>
    <Item>
      <PriceUpdateDate>2015-01-01 00:00:00</PriceUpdateDate>
      <ItemCode>7290106657953</ItemCode>
      <ItemType>0</ItemType>
      <ItemName>מארז אקטיביה תות 1.5</ItemName>
      <ManufacturerName>שטראוס</ManufacturerName>
      <ManufactureCountry>ישראל</ManufactureCountry>
      <ManufacturerItemDescription>מארז אקטיביה תות 1.5% 4*150 גרם</ManufacturerItemDescription>
      <UnitQty>מיליליטרים</UnitQty>
      <Quantity>600.00</Quantity>
      <UnitOfMeasure>100 מ"ל</UnitOfMeasure>
      <bIsWeighted>0</bIsWeighted>
      <QtyInPackage>4</QtyInPackage>
      <ItemPrice>18.90</ItemPrice>
      <UnitOfMeasurePrice>3.1500</UnitOfMeasurePrice>
      <AllowDiscount>1</AllowDiscount>
      <ItemStatus>1</ItemStatus>
      <ItemId>249631</ItemId>
    </Item>
    <Item>
      <PriceUpdateDate>2015-01-01 00:00:00</PriceUpdateDate>
      <ItemCode>7290106657960</ItemCode>
      <ItemType>0</ItemType>
      <ItemName>מארז אקטיביה פירות י</ItemName>
      <ManufacturerName>שטראוס</ManufacturerName>
      <ManufactureCountry>ישראל</ManufactureCountry>
      <ManufacturerItemDescription>מארז אקטיביה פירות יבשים 1.5% 4*150 גרם</ManufacturerItemDescription>
      <UnitQty>מיליליטרים</UnitQty>
      <Quantity>600.00</Quantity>
      <UnitOfMeasure>100 מ"ל</UnitOfMeasure>
      <bIsWeighted>0</bIsWeighted>
      <QtyInPackage>4</QtyInPackage>
      <ItemPrice>18.90</ItemPrice>
      <UnitOfMeasurePrice>3.1500</UnitOfMeasurePrice>
      <AllowDiscount>1</AllowDiscount>
      <ItemStatus>1</ItemStatus>
      <ItemId>249632</ItemId>
    </Item>
    <Item>
      <PriceUpdateDate>2015-01-01 00:00:00</PriceUpdateDate>
      <ItemCode>7290106527447</ItemCode>
      <ItemType>0</ItemType>
      <ItemName>מארז אקטיביה גרנולה</ItemName>
      <ManufacturerName>שטראוס</ManufacturerName>
      <ManufactureCountry>ישראל</ManufactureCountry>
      <ManufacturerItemDescription>מארז אקטיביה גרנולה 1.5% 4*150 גרם</ManufacturerItemDescription>
      <UnitQty>מיליליטרים</UnitQty>
      <Quantity>600.00</Quantity>
      <UnitOfMeasure>100 מ"ל</UnitOfMeasure>
      <bIsWeighted>0</bIsWeighted>
      <QtyInPackage>4</QtyInPackage>
      <ItemPrice>18.90</ItemPrice>
      <UnitOfMeasurePrice>3.1500</UnitOfMeasurePrice>
      <AllowDiscount>1</AllowDiscount>
      <ItemStatus>1</ItemStatus>
      <ItemId>249633</ItemId>
    </Item>
    <Item>
      <PriceUpdateDate>2015-01-01 00:00:00</PriceUpdateDate>
      <ItemCode>7290103155513</ItemCode>
      <ItemType>0</ItemType>
      <ItemName>מזלג מוכסף ברקו 56 י</ItemName>
      <ManufacturerName>HANTRONIX</ManufacturerName>
      <ManufactureCountry>לא ידוע</ManufactureCountry>
      <ManufacturerItemDescription>מזלג מוכסף ברקו 56 יח</ManufacturerItemDescription>
      <UnitQty>Unknown </UnitQty>
      <Quantity>0.00</Quantity>
      <UnitOfMeasure>Unknown </UnitOfMeasure>
      <bIsWeighted>0</bIsWeighted>
      <QtyInPackage>1</QtyInPackage>
      <ItemPrice>19.90</ItemPrice>
      <UnitOfMeasurePrice>0.0000</UnitOfMeasurePrice>
      <AllowDiscount>1</AllowDiscount>
      <ItemStatus>1</ItemStatus>
      <ItemId>249640</ItemId>
    </Item>
    <Item>
      <PriceUpdateDate>2015-01-01 00:00:00</PriceUpdateDate>
      <ItemCode>7290103155520</ItemCode>
      <ItemType>0</ItemType>
      <ItemName>כף מוכסף ברקו 56 יח</ItemName>
      <ManufacturerName>HANTRONIX</ManufacturerName>
      <ManufactureCountry>לא ידוע</ManufactureCountry>
      <ManufacturerItemDescription>כף מוכסף ברקו 56 יח</ManufacturerItemDescription>
      <UnitQty>Unknown </UnitQty>
      <Quantity>0.00</Quantity>
      <UnitOfMeasure>Unknown </UnitOfMeasure>
      <bIsWeighted>0</bIsWeighted>
      <QtyInPackage>1</QtyInPackage>
      <ItemPrice>19.90</ItemPrice>
      <UnitOfMeasurePrice>0.0000</UnitOfMeasurePrice>
      <AllowDiscount>1</AllowDiscount>
      <ItemStatus>1</ItemStatus>
      <ItemId>249641</ItemId>
    </Item>
    <Item>
      <PriceUpdateDate>2015-01-01 00:00:00</PriceUpdateDate>
      <ItemCode>7290103155537</ItemCode>
      <ItemType>0</ItemType>
      <ItemName>סכין מוכסף ברקו 56 י</ItemName>
      <ManufacturerName>HANTRONIX</ManufacturerName>
      <ManufactureCountry>לא ידוע</ManufactureCountry>
      <ManufacturerItemDescription>סכין מוכסף ברקו 56 יח</ManufacturerItemDescription>
      <UnitQty>Unknown </UnitQty>
      <Quantity>0.00</Quantity>
      <UnitOfMeasure>Unknown </UnitOfMeasure>
      <bIsWeighted>0</bIsWeighted>
      <QtyInPackage>1</QtyInPackage>
      <ItemPrice>19.90</ItemPrice>
      <UnitOfMeasurePrice>0.0000</UnitOfMeasurePrice>
      <AllowDiscount>1</AllowDiscount>
      <ItemStatus>1</ItemStatus>
      <ItemId>249642</ItemId>
    </Item>
    <Item>
      <PriceUpdateDate>2015-01-01 00:00:00</PriceUpdateDate>
      <ItemCode>7290102396047</ItemCode>
      <ItemType>0</ItemType>
      <ItemName>מולר סימפלי פרוט אננ</ItemName>
      <ManufacturerName>טרה</ManufacturerName>
      <ManufactureCountry>לא ידוע</ManufactureCountry>
      <ManufacturerItemDescription>מולר סימפלי פרוט אננס 150 גרם</ManufacturerItemDescription>
      <UnitQty>גרמים</UnitQty>
      <Quantity>150.00</Quantity>
      <UnitOfMeasure>100 גרם</UnitOfMeasure>
      <bIsWeighted>0</bIsWeighted>
      <QtyInPackage>1</QtyInPackage>
      <ItemPrice>4.80</ItemPrice>
      <UnitOfMeasurePrice>3.2000</UnitOfMeasurePrice>
      <AllowDiscount>1</AllowDiscount>
      <ItemStatus>1</ItemStatus>
      <ItemId>249657</ItemId>
    </Item>
    <Item>
      <PriceUpdateDate>2015-12-17 11:50:48</PriceUpdateDate>
      <ItemCode>7290010561278</ItemCode>
      <ItemType>0</ItemType>
      <ItemName>לחמניות המבורגר ללא</ItemName>
      <ManufacturerName>ל.ד בר אל בע"מ</ManufacturerName>
      <ManufactureCountry>ישראל</ManufactureCountry>
      <ManufacturerItemDescription>לחמניות המבורגר ללא גלוטן 6 יח</ManufacturerItemDescription>
      <UnitQty>גרמים</UnitQty>
      <Quantity>370.00</Quantity>
      <UnitOfMeasure>100 גרם</UnitOfMeasure>
      <bIsWeighted>0</bIsWeighted>
      <QtyInPackage>1</QtyInPackage>
      <ItemPrice>4.90</ItemPrice>
      <UnitOfMeasurePrice>1.3243</UnitOfMeasurePrice>
      <AllowDiscount>1</AllowDiscount>
      <ItemStatus>1</ItemStatus>
      <ItemId>266190</ItemId>
    </Item>
    <Item>
      <PriceUpdateDate>2015-01-01 00:00:00</PriceUpdateDate>
      <ItemCode>7290014016118</ItemCode>
      <ItemType>0</ItemType>
      <ItemName>לחמנית סנדוויץ 1/4 4</ItemName>
      <ManufacturerName>,</ManufacturerName>
      <ManufactureCountry>לא ידוע</ManufactureCountry>
      <ManufacturerItemDescription>לחמנית סנדוויץ 1/4 400 גרם</ManufacturerItemDescription>
      <UnitQty>גרמים</UnitQty>
      <Quantity>400.00</Quantity>
      <UnitOfMeasure>100 גרם</UnitOfMeasure>
      <bIsWeighted>0</bIsWeighted>
      <QtyInPackage>1</QtyInPackage>
      <ItemPrice>4.90</ItemPrice>
      <UnitOfMeasurePrice>1.2250</UnitOfMeasurePrice>
      <AllowDiscount>1</AllowDiscount>
      <ItemStatus>1</ItemStatus>
      <ItemId>249669</ItemId>
    </Item>
    <Item>
      <PriceUpdateDate>2015-01-01 00:00:00</PriceUpdateDate>
      <ItemCode>7290010193929</ItemCode>
      <ItemType>0</ItemType>
      <ItemName>שניצלונים בשומשום 1.</ItemName>
      <ManufacturerName>מ ב גלאט עוף למהדרין</ManufacturerName>
      <ManufactureCountry>ישראל</ManufactureCountry>
      <ManufacturerItemDescription>שניצלונים בשומשום 1.3 קג</ManufacturerItemDescription>
      <UnitQty>קילוגרמים</UnitQty>
      <Quantity>1.30</Quantity>
      <UnitOfMeasure>ק"ג     </UnitOfMeasure>
      <bIsWeighted>0</bIsWeighted>
      <QtyInPackage>1</QtyInPackage>
      <ItemPrice>49.90</ItemPrice>
      <UnitOfMeasurePrice>38.3846</UnitOfMeasurePrice>
      <AllowDiscount>1</AllowDiscount>
      <ItemStatus>1</ItemStatus>
      <ItemId>249672</ItemId>
    </Item>
    <Item>
      <PriceUpdateDate>2015-01-01 00:00:00</PriceUpdateDate>
      <ItemCode>7290101868330</ItemCode>
      <ItemType>0</ItemType>
      <ItemName>איר וויק פרשמטיק רפי</ItemName>
      <ManufacturerName>,</ManufacturerName>
      <ManufactureCountry>לא ידוע</ManufactureCountry>
      <ManufacturerItemDescription>איר וויק פרשמטיק רפיל אוכמניות תאנים זוג</ManufacturerItemDescription>
      <UnitQty>גרמים</UnitQty>
      <Quantity>500.00</Quantity>
      <UnitOfMeasure>100 גרם</UnitOfMeasure>
      <bIsWeighted>0</bIsWeighted>
      <QtyInPackage>1</QtyInPackage>
      <ItemPrice>36.90</ItemPrice>
      <UnitOfMeasurePrice>7.3800</UnitOfMeasurePrice>
      <AllowDiscount>1</AllowDiscount>
      <ItemStatus>1</ItemStatus>
      <ItemId>249743</ItemId>
    </Item>
    <Item>
      <PriceUpdateDate>2015-01-01 00:00:00</PriceUpdateDate>
      <ItemCode>4220235</ItemCode>
      <ItemType>0</ItemType>
      <ItemName>הודו טחון 1 ק"ג עטרה</ItemName>
      <ManufacturerName>,</ManufacturerName>
      <ManufactureCountry>לא ידוע</ManufactureCountry>
      <ManufacturerItemDescription>טחון הודו 1 ק"ג עטרה</ManufacturerItemDescription>
      <UnitQty>קילוגרמים</UnitQty>
      <Quantity>1.00</Quantity>
      <UnitOfMeasure>ק"ג     </UnitOfMeasure>
      <bIsWeighted>0</bIsWeighted>
      <QtyInPackage>1</QtyInPackage>
      <ItemPrice>25.90</ItemPrice>
      <UnitOfMeasurePrice>25.9000</UnitOfMeasurePrice>
      <AllowDiscount>1</AllowDiscount>
      <ItemStatus>1</ItemStatus>
      <ItemId>249759</ItemId>
    </Item>
    <Item>
      <PriceUpdateDate>2016-01-04 18:05:49</PriceUpdateDate>
      <ItemCode>8850389107621</ItemCode>
      <ItemType>1</ItemType>
      <ItemName>משקה אלוורה סאפה ליצ</ItemName>
      <ManufacturerName>SAPPE PUBLIC</ManufacturerName>
      <ManufactureCountry>תאילנד</ManufactureCountry>
      <ManufacturerItemDescription>משקה אלוורה סאפה ליצי 1 ליטר</ManufacturerItemDescription>
      <UnitQty>ליטרים</UnitQty>
      <Quantity>1.00</Quantity>
      <UnitOfMeasure>ליטר    </UnitOfMeasure>
      <bIsWeighted>0</bIsWeighted>
      <QtyInPackage>1</QtyInPackage>
      <ItemPrice>10.20</ItemPrice>
      <UnitOfMeasurePrice>10.2000</UnitOfMeasurePrice>
      <AllowDiscount>1</AllowDiscount>
      <ItemStatus>1</ItemStatus>
      <ItemId>266409</ItemId>
    </Item>
    <Item>
      <PriceUpdateDate>2015-01-01 00:00:00</PriceUpdateDate>
      <ItemCode>253503</ItemCode>
      <ItemType>0</ItemType>
      <ItemName>מרציפן מצופה שוקולד</ItemName>
      <ManufacturerName>אופנהיימר</ManufacturerName>
      <ManufactureCountry>לא ידוע</ManufactureCountry>
      <ManufacturerItemDescription>מרציפן מצופה שוקולד 40 גרם</ManufacturerItemDescription>
      <UnitQty>גרמים</UnitQty>
      <Quantity>40.00</Quantity>
      <UnitOfMeasure>100 גרם</UnitOfMeasure>
      <bIsWeighted>0</bIsWeighted>
      <QtyInPackage>1</QtyInPackage>
      <ItemPrice>3.50</ItemPrice>
      <UnitOfMeasurePrice>8.7500</UnitOfMeasurePrice>
      <AllowDiscount>1</AllowDiscount>
      <ItemStatus>1</ItemStatus>
      <ItemId>249796</ItemId>
    </Item>
    <Item>
      <PriceUpdateDate>2015-01-01 00:00:00</PriceUpdateDate>
      <ItemCode>19548002452</ItemCode>
      <ItemType>0</ItemType>
      <ItemName>מרציפן חלה  40 גרם</ItemName>
      <ManufacturerName>אופנהיימר</ManufacturerName>
      <ManufactureCountry>לא ידוע</ManufactureCountry>
      <ManufacturerItemDescription>מרציפן חלה  40 גרם</ManufacturerItemDescription>
      <UnitQty>גרמים</UnitQty>
      <Quantity>40.00</Quantity>
      <UnitOfMeasure>100 גרם</UnitOfMeasure>
      <bIsWeighted>0</bIsWeighted>
      <QtyInPackage>1</QtyInPackage>
      <ItemPrice>3.50</ItemPrice>
      <UnitOfMeasurePrice>8.7500</UnitOfMeasurePrice>
      <AllowDiscount>1</AllowDiscount>
      <ItemStatus>1</ItemStatus>
      <ItemId>249799</ItemId>
    </Item>
    <Item>
      <PriceUpdateDate>2015-01-01 00:00:00</PriceUpdateDate>
      <ItemCode>7290106576971</ItemCode>
      <ItemType>0</ItemType>
      <ItemName>גלידה לה קרמריה שוקו</ItemName>
      <ManufacturerName>גלידות נסטלה</ManufacturerName>
      <ManufactureCountry>לא ידוע</ManufactureCountry>
      <ManufacturerItemDescription>גלידה לה קרמריה שוקולד בלגי 1.4 ליטר</ManufacturerItemDescription>
      <UnitQty>ליטרים</UnitQty>
      <Quantity>1.40</Quantity>
      <UnitOfMeasure>ליטר    </UnitOfMeasure>
      <bIsWeighted>0</bIsWeighted>
      <QtyInPackage>1</QtyInPackage>
      <ItemPrice>14.90</ItemPrice>
      <UnitOfMeasurePrice>10.6429</UnitOfMeasurePrice>
      <AllowDiscount>1</AllowDiscount>
      <ItemStatus>1</ItemStatus>
      <ItemId>249855</ItemId>
    </Item>
    <Item>
      <PriceUpdateDate>2016-03-15 08:56:08</PriceUpdateDate>
      <ItemCode>7290104855207</ItemCode>
      <ItemType>1</ItemType>
      <ItemName>צלחות קטנות לבן עם פ</ItemName>
      <ManufacturerName>,</ManufacturerName>
      <ManufactureCountry>לא ידוע</ManufactureCountry>
      <ManufacturerItemDescription>צלחות קטנות לבן עם פס זהבה 18 יח מילאנו</ManufacturerItemDescription>
      <UnitQty>Unknown </UnitQty>
      <Quantity>0.00</Quantity>
      <UnitOfMeasure>Unknown </UnitOfMeasure>
      <bIsWeighted>0</bIsWeighted>
      <QtyInPackage>1</QtyInPackage>
      <ItemPrice>14.90</ItemPrice>
      <UnitOfMeasurePrice>0.0000</UnitOfMeasurePrice>
      <AllowDiscount>1</AllowDiscount>
      <ItemStatus>1</ItemStatus>
      <ItemId>267377</ItemId>
    </Item>
    <Item>
      <PriceUpdateDate>2015-01-01 00:00:00</PriceUpdateDate>
      <ItemCode>7290106576810</ItemCode>
      <ItemType>0</ItemType>
      <ItemName>גלידה לה קרמריה ריבת</ItemName>
      <ManufacturerName>גלידות נסטלה</ManufacturerName>
      <ManufactureCountry>לא ידוע</ManufactureCountry>
      <ManufacturerItemDescription>גלידה לה קרמריה ריבת חלב 1.4 ליטר</ManufacturerItemDescription>
      <UnitQty>ליטרים</UnitQty>
      <Quantity>1.40</Quantity>
      <UnitOfMeasure>ליטר    </UnitOfMeasure>
      <bIsWeighted>0</bIsWeighted>
      <QtyInPackage>1</QtyInPackage>
      <ItemPrice>14.90</ItemPrice>
      <UnitOfMeasurePrice>10.6429</UnitOfMeasurePrice>
      <AllowDiscount>1</AllowDiscount>
      <ItemStatus>1</ItemStatus>
      <ItemId>249856</ItemId>
    </Item>
    <Item>
      <PriceUpdateDate>2015-01-01 00:00:00</PriceUpdateDate>
      <ItemCode>7290106576797</ItemCode>
      <ItemType>0</ItemType>
      <ItemName>גלידה לה קרמריה וניל</ItemName>
      <ManufacturerName>גלידות נסטלה</ManufacturerName>
      <ManufactureCountry>לא ידוע</ManufactureCountry>
      <ManufacturerItemDescription>גלידה לה קרמריה וניל איטלקי 1.4 ליטר</ManufacturerItemDescription>
      <UnitQty>ליטרים</UnitQty>
      <Quantity>1.40</Quantity>
      <UnitOfMeasure>ליטר    </UnitOfMeasure>
      <bIsWeighted>0</bIsWeighted>
      <QtyInPackage>1</QtyInPackage>
      <ItemPrice>14.90</ItemPrice>
      <UnitOfMeasurePrice>10.6429</UnitOfMeasurePrice>
      <AllowDiscount>1</AllowDiscount>
      <ItemStatus>1</ItemStatus>
      <ItemId>249857</ItemId>
    </Item>
    <Item>
      <PriceUpdateDate>2015-01-01 00:00:00</PriceUpdateDate>
      <ItemCode>7290106577039</ItemCode>
      <ItemType>0</ItemType>
      <ItemName>גלידה לה קרמריה וניל</ItemName>
      <ManufacturerName>גלידות נסטלה</ManufacturerName>
      <ManufactureCountry>לא ידוע</ManufactureCountry>
      <ManufacturerItemDescription>גלידה לה קרמריה וניל שוקו  1.4 ליטר</ManufacturerItemDescription>
      <UnitQty>ליטרים</UnitQty>
      <Quantity>1.40</Quantity>
      <UnitOfMeasure>ליטר    </UnitOfMeasure>
      <bIsWeighted>0</bIsWeighted>
      <QtyInPackage>1</QtyInPackage>
      <ItemPrice>14.90</ItemPrice>
      <UnitOfMeasurePrice>10.6429</UnitOfMeasurePrice>
      <AllowDiscount>1</AllowDiscount>
      <ItemStatus>1</ItemStatus>
      <ItemId>249858</ItemId>
    </Item>
    <Item>
      <PriceUpdateDate>2015-01-01 00:00:00</PriceUpdateDate>
      <ItemCode>7290106576919</ItemCode>
      <ItemType>0</ItemType>
      <ItemName>גלידה לה קרמריה סורב</ItemName>
      <ManufacturerName>גלידות נסטלה</ManufacturerName>
      <ManufactureCountry>לא ידוע</ManufactureCountry>
      <ManufacturerItemDescription>גלידה לה קרמריה סורבה תות לימון 1.4 ליטר</ManufacturerItemDescription>
      <UnitQty>ליטרים</UnitQty>
      <Quantity>1.40</Quantity>
      <UnitOfMeasure>ליטר    </UnitOfMeasure>
      <bIsWeighted>0</bIsWeighted>
      <QtyInPackage>1</QtyInPackage>
      <ItemPrice>14.90</ItemPrice>
      <UnitOfMeasurePrice>10.6429</UnitOfMeasurePrice>
      <AllowDiscount>1</AllowDiscount>
      <ItemStatus>1</ItemStatus>
      <ItemId>249859</ItemId>
    </Item>
    <Item>
      <PriceUpdateDate>2015-06-01 11:16:13</PriceUpdateDate>
      <ItemCode>7290102396245</ItemCode>
      <ItemType>0</ItemType>
      <ItemName>מולר נטורל פירות יער</ItemName>
      <ManufacturerName>טרה</ManufacturerName>
      <ManufactureCountry>לא ידוע</ManufactureCountry>
      <ManufacturerItemDescription>מולר נטורל פירות יער 150 גרם</ManufacturerItemDescription>
      <UnitQty>גרמים</UnitQty>
      <Quantity>150.00</Quantity>
      <UnitOfMeasure>100 גרם</UnitOfMeasure>
      <bIsWeighted>0</bIsWeighted>
      <QtyInPackage>1</QtyInPackage>
      <ItemPrice>3.80</ItemPrice>
      <UnitOfMeasurePrice>2.5333</UnitOfMeasurePrice>
      <AllowDiscount>1</AllowDiscount>
      <ItemStatus>1</ItemStatus>
      <ItemId>259787</ItemId>
    </Item>
    <Item>
      <PriceUpdateDate>2015-01-01 00:00:00</PriceUpdateDate>
      <ItemCode>7290106576858</ItemCode>
      <ItemType>0</ItemType>
      <ItemName>גלידה לה קרמריה תותי</ItemName>
      <ManufacturerName>גלידות נסטלה</ManufacturerName>
      <ManufactureCountry>לא ידוע</ManufactureCountry>
      <ManufacturerItemDescription>גלידה לה קרמריה תותים בשמנת 1.4 ליטר</ManufacturerItemDescription>
      <UnitQty>ליטרים</UnitQty>
      <Quantity>1.40</Quantity>
      <UnitOfMeasure>ליטר    </UnitOfMeasure>
      <bIsWeighted>0</bIsWeighted>
      <QtyInPackage>1</QtyInPackage>
      <ItemPrice>14.90</ItemPrice>
      <UnitOfMeasurePrice>10.6429</UnitOfMeasurePrice>
      <AllowDiscount>1</AllowDiscount>
      <ItemStatus>1</ItemStatus>
      <ItemId>249860</ItemId>
    </Item>
    <Item>
      <PriceUpdateDate>2015-01-01 00:00:00</PriceUpdateDate>
      <ItemCode>7290106576834</ItemCode>
      <ItemType>0</ItemType>
      <ItemName>גלידה לה קרמריה פונט</ItemName>
      <ManufacturerName>גלידות נסטלה</ManufacturerName>
      <ManufactureCountry>לא ידוע</ManufactureCountry>
      <ManufacturerItemDescription>גלידה לה קרמריה פונטש בננה 1.4 ליטר</ManufacturerItemDescription>
      <UnitQty>ליטרים</UnitQty>
      <Quantity>1.40</Quantity>
      <UnitOfMeasure>ליטר    </UnitOfMeasure>
      <bIsWeighted>0</bIsWeighted>
      <QtyInPackage>1</QtyInPackage>
      <ItemPrice>14.90</ItemPrice>
      <UnitOfMeasurePrice>10.6429</UnitOfMeasurePrice>
      <AllowDiscount>1</AllowDiscount>
      <ItemStatus>1</ItemStatus>
      <ItemId>249861</ItemId>
    </Item>
    <Item>
      <PriceUpdateDate>2015-01-01 00:00:00</PriceUpdateDate>
      <ItemCode>7290106576957</ItemCode>
      <ItemType>0</ItemType>
      <ItemName>גלידה לה קרמריה שוקו</ItemName>
      <ManufacturerName>גלידות נסטלה</ManufacturerName>
      <ManufactureCountry>לא ידוע</ManufactureCountry>
      <ManufacturerItemDescription>גלידה לה קרמריה שוקו וניל פליק 1.4 ליטר</ManufacturerItemDescription>
      <UnitQty>ליטרים</UnitQty>
      <Quantity>1.40</Quantity>
      <UnitOfMeasure>ליטר    </UnitOfMeasure>
      <bIsWeighted>0</bIsWeighted>
      <QtyInPackage>1</QtyInPackage>
      <ItemPrice>14.90</ItemPrice>
      <UnitOfMeasurePrice>10.6429</UnitOfMeasurePrice>
      <AllowDiscount>1</AllowDiscount>
      <ItemStatus>1</ItemStatus>
      <ItemId>249862</ItemId>
    </Item>
    <Item>
      <PriceUpdateDate>2015-01-01 00:00:00</PriceUpdateDate>
      <ItemCode>7290013861443</ItemCode>
      <ItemType>0</ItemType>
      <ItemName>חטיפי בוטנים 250 גרם</ItemName>
      <ManufacturerName>דין שיווק</ManufacturerName>
      <ManufactureCountry>ישראל</ManufactureCountry>
      <ManufacturerItemDescription>חטיפי בוטנים 250 גרם העדח</ManufacturerItemDescription>
      <UnitQty>גרמים</UnitQty>
      <Quantity>250.00</Quantity>
      <UnitOfMeasure>100 גרם</UnitOfMeasure>
      <bIsWeighted>0</bIsWeighted>
      <QtyInPackage>1</QtyInPackage>
      <ItemPrice>9.90</ItemPrice>
      <UnitOfMeasurePrice>3.9600</UnitOfMeasurePrice>
      <AllowDiscount>1</AllowDiscount>
      <ItemStatus>1</ItemStatus>
      <ItemId>249865</ItemId>
    </Item>
    <Item>
      <PriceUpdateDate>2015-01-01 00:00:00</PriceUpdateDate>
      <ItemCode>7290011254582</ItemCode>
      <ItemType>0</ItemType>
      <ItemName>חמוציות 150 ג</ItemName>
      <ManufacturerName>מיה תעשיות מזון בעמ</ManufacturerName>
      <ManufactureCountry>ישראל</ManufactureCountry>
      <ManufacturerItemDescription>חמוציות 150 ג</ManufacturerItemDescription>
      <UnitQty>גרמים</UnitQty>
      <Quantity>150.00</Quantity>
      <UnitOfMeasure>100 גרם</UnitOfMeasure>
      <bIsWeighted>0</bIsWeighted>
      <QtyInPackage>1</QtyInPackage>
      <ItemPrice>9.90</ItemPrice>
      <UnitOfMeasurePrice>6.6000</UnitOfMeasurePrice>
      <AllowDiscount>1</AllowDiscount>
      <ItemStatus>1</ItemStatus>
      <ItemId>249949</ItemId>
    </Item>
    <Item>
      <PriceUpdateDate>2015-01-01 00:00:00</PriceUpdateDate>
      <ItemCode>6281001510390</ItemCode>
      <ItemType>0</ItemType>
      <ItemName>מברשת שיניים ילדים</ItemName>
      <ManufacturerName>קולגייט פלמוליב</ManufacturerName>
      <ManufactureCountry>סין</ManufactureCountry>
      <ManufacturerItemDescription>מברשת שיניים ילדים 0-2 סמיילס</ManufacturerItemDescription>
      <UnitQty>Unknown </UnitQty>
      <Quantity>0.00</Quantity>
      <UnitOfMeasure>Unknown </UnitOfMeasure>
      <bIsWeighted>0</bIsWeighted>
      <QtyInPackage>1</QtyInPackage>
      <ItemPrice>9.90</ItemPrice>
      <UnitOfMeasurePrice>0.0000</UnitOfMeasurePrice>
      <AllowDiscount>1</AllowDiscount>
      <ItemStatus>1</ItemStatus>
      <ItemId>249890</ItemId>
    </Item>
    <Item>
      <PriceUpdateDate>2015-01-01 00:00:00</PriceUpdateDate>
      <ItemCode>7290014867031</ItemCode>
      <ItemType>0</ItemType>
      <ItemName>שמן זית זך דרומה 1 ל</ItemName>
      <ManufacturerName>,</ManufacturerName>
      <ManufactureCountry>לא ידוע</ManufactureCountry>
      <ManufacturerItemDescription>שמן זית זך דרומה 1 ליטר בד"צ</ManufacturerItemDescription>
      <UnitQty>ליטרים</UnitQty>
      <Quantity>1.00</Quantity>
      <UnitOfMeasure>ליטר    </UnitOfMeasure>
      <bIsWeighted>0</bIsWeighted>
      <QtyInPackage>1</QtyInPackage>
      <ItemPrice>33.90</ItemPrice>
      <UnitOfMeasurePrice>33.9000</UnitOfMeasurePrice>
      <AllowDiscount>1</AllowDiscount>
      <ItemStatus>1</ItemStatus>
      <ItemId>249924</ItemId>
    </Item>
    <Item>
      <PriceUpdateDate>2015-10-28 16:01:18</PriceUpdateDate>
      <ItemCode>7290104855412</ItemCode>
      <ItemType>0</ItemType>
      <ItemName>גביע איכותי 250 מ"ל</ItemName>
      <ManufacturerName>צח ליין</ManufacturerName>
      <ManufactureCountry>לא ידוע</ManufactureCountry>
      <ManufacturerItemDescription>גביע 250 מ"ל 22 יח</ManufacturerItemDescription>
      <UnitQty>Unknown </UnitQty>
      <Quantity>0.00</Quantity>
      <UnitOfMeasure>Unknown </UnitOfMeasure>
      <bIsWeighted>0</bIsWeighted>
      <QtyInPackage>1</QtyInPackage>
      <ItemPrice>19.90</ItemPrice>
      <UnitOfMeasurePrice>0.0000</UnitOfMeasurePrice>
      <AllowDiscount>1</AllowDiscount>
      <ItemStatus>1</ItemStatus>
      <ItemId>265684</ItemId>
    </Item>
    <Item>
      <PriceUpdateDate>2015-01-01 00:00:00</PriceUpdateDate>
      <ItemCode>7290015057929</ItemCode>
      <ItemType>0</ItemType>
      <ItemName>עוגת פס קוקוס 400 גר</ItemName>
      <ManufacturerName>,</ManufacturerName>
      <ManufactureCountry>לא ידוע</ManufactureCountry>
      <ManufacturerItemDescription>עוגת פס קוקוס 400 גרם  כשל"פ</ManufacturerItemDescription>
      <UnitQty>גרמים</UnitQty>
      <Quantity>400.00</Quantity>
      <UnitOfMeasure>100 גרם</UnitOfMeasure>
      <bIsWeighted>0</bIsWeighted>
      <QtyInPackage>1</QtyInPackage>
      <ItemPrice>23.90</ItemPrice>
      <UnitOfMeasurePrice>5.9750</UnitOfMeasurePrice>
      <AllowDiscount>1</AllowDiscount>
      <ItemStatus>1</ItemStatus>
      <ItemId>249944</ItemId>
    </Item>
    <Item>
      <PriceUpdateDate>2016-01-04 18:05:49</PriceUpdateDate>
      <ItemCode>8850389111666</ItemCode>
      <ItemType>1</ItemType>
      <ItemName>משקה אלוורה סאפה אננ</ItemName>
      <ManufacturerName>SAPPE PUBLIC</ManufacturerName>
      <ManufactureCountry>תאילנד</ManufactureCountry>
      <ManufacturerItemDescription>משקה אלוורה סאפה אננס 1 ליטר</ManufacturerItemDescription>
      <UnitQty>ליטרים</UnitQty>
      <Quantity>1.00</Quantity>
      <UnitOfMeasure>ליטר    </UnitOfMeasure>
      <bIsWeighted>0</bIsWeighted>
      <QtyInPackage>1</QtyInPackage>
      <ItemPrice>10.20</ItemPrice>
      <UnitOfMeasurePrice>10.2000</UnitOfMeasurePrice>
      <AllowDiscount>1</AllowDiscount>
      <ItemStatus>1</ItemStatus>
      <ItemId>266410</ItemId>
    </Item>
    <Item>
      <PriceUpdateDate>2015-01-01 00:00:00</PriceUpdateDate>
      <ItemCode>7290014325203</ItemCode>
      <ItemType>0</ItemType>
      <ItemName>מארז  1/10 ציפס 20 ג</ItemName>
      <ManufacturerName>מיה תעשיות מזון בעמ</ManufacturerName>
      <ManufactureCountry>ישראל</ManufactureCountry>
      <ManufacturerItemDescription>מארז  1/10 ציפס 20 גרם</ManufacturerItemDescription>
      <UnitQty>גרמים</UnitQty>
      <Quantity>200.00</Quantity>
      <UnitOfMeasure>100 גרם</UnitOfMeasure>
      <bIsWeighted>0</bIsWeighted>
      <QtyInPackage>10</QtyInPackage>
      <ItemPrice>5.90</ItemPrice>
      <UnitOfMeasurePrice>2.9500</UnitOfMeasurePrice>
      <AllowDiscount>1</AllowDiscount>
      <ItemStatus>1</ItemStatus>
      <ItemId>249954</ItemId>
    </Item>
    <Item>
      <PriceUpdateDate>2015-01-01 00:00:00</PriceUpdateDate>
      <ItemCode>4956127</ItemCode>
      <ItemType>0</ItemType>
      <ItemName>עוגיות תפו"א 500 גרם</ItemName>
      <ManufacturerName>,</ManufacturerName>
      <ManufactureCountry>לא ידוע</ManufactureCountry>
      <ManufacturerItemDescription>עוגיות תפו"א 500 גרם  ללא גלוטן</ManufacturerItemDescription>
      <UnitQty>גרמים</UnitQty>
      <Quantity>500.00</Quantity>
      <UnitOfMeasure>100 גרם</UnitOfMeasure>
      <bIsWeighted>0</bIsWeighted>
      <QtyInPackage>1</QtyInPackage>
      <ItemPrice>25.90</ItemPrice>
      <UnitOfMeasurePrice>5.1800</UnitOfMeasurePrice>
      <AllowDiscount>1</AllowDiscount>
      <ItemStatus>1</ItemStatus>
      <ItemId>249955</ItemId>
    </Item>
    <Item>
      <PriceUpdateDate>2015-01-01 00:00:00</PriceUpdateDate>
      <ItemCode>4956769</ItemCode>
      <ItemType>0</ItemType>
      <ItemName>פסטה צדפים 255 גרם כ</ItemName>
      <ManufacturerName>,</ManufacturerName>
      <ManufactureCountry>לא ידוע</ManufactureCountry>
      <ManufacturerItemDescription>פסטה צדפים 255 גרם כשל"פ ללא גלוטן</ManufacturerItemDescription>
      <UnitQty>גרמים</UnitQty>
      <Quantity>255.00</Quantity>
      <UnitOfMeasure>100 גרם</UnitOfMeasure>
      <bIsWeighted>0</bIsWeighted>
      <QtyInPackage>1</QtyInPackage>
      <ItemPrice>8.90</ItemPrice>
      <UnitOfMeasurePrice>3.4902</UnitOfMeasurePrice>
      <AllowDiscount>1</AllowDiscount>
      <ItemStatus>1</ItemStatus>
      <ItemId>249962</ItemId>
    </Item>
    <Item>
      <PriceUpdateDate>2015-01-01 00:00:00</PriceUpdateDate>
      <ItemCode>4956783</ItemCode>
      <ItemType>0</ItemType>
      <ItemName>אטריות דקות 255 גרם</ItemName>
      <ManufacturerName>,</ManufacturerName>
      <ManufactureCountry>לא ידוע</ManufactureCountry>
      <ManufacturerItemDescription>אטריות דקות 255 גרם כשל"פ ללא גלוטן</ManufacturerItemDescription>
      <UnitQty>גרמים</UnitQty>
      <Quantity>255.00</Quantity>
      <UnitOfMeasure>100 גרם</UnitOfMeasure>
      <bIsWeighted>0</bIsWeighted>
      <QtyInPackage>1</QtyInPackage>
      <ItemPrice>8.90</ItemPrice>
      <UnitOfMeasurePrice>3.4902</UnitOfMeasurePrice>
      <AllowDiscount>1</AllowDiscount>
      <ItemStatus>1</ItemStatus>
      <ItemId>249963</ItemId>
    </Item>
    <Item>
      <PriceUpdateDate>2015-01-01 00:00:00</PriceUpdateDate>
      <ItemCode>4956264</ItemCode>
      <ItemType>0</ItemType>
      <ItemName>קוסקוס עם ירקות 140</ItemName>
      <ManufacturerName>,</ManufacturerName>
      <ManufactureCountry>לא ידוע</ManufactureCountry>
      <ManufacturerItemDescription>קוסקוס עם ירקות 140 גרם ללא גלוטן</ManufacturerItemDescription>
      <UnitQty>גרמים</UnitQty>
      <Quantity>140.00</Quantity>
      <UnitOfMeasure>100 גרם</UnitOfMeasure>
      <bIsWeighted>0</bIsWeighted>
      <QtyInPackage>1</QtyInPackage>
      <ItemPrice>9.90</ItemPrice>
      <UnitOfMeasurePrice>7.0714</UnitOfMeasurePrice>
      <AllowDiscount>1</AllowDiscount>
      <ItemStatus>1</ItemStatus>
      <ItemId>249965</ItemId>
    </Item>
    <Item>
      <PriceUpdateDate>2015-01-01 00:00:00</PriceUpdateDate>
      <ItemCode>4956271</ItemCode>
      <ItemType>0</ItemType>
      <ItemName>קוסקוס עם בצל 140 גר</ItemName>
      <ManufacturerName>,</ManufacturerName>
      <ManufactureCountry>לא ידוע</ManufactureCountry>
      <ManufacturerItemDescription>קוסקוס עם בצל 140 גרם ללא גלוטן</ManufacturerItemDescription>
      <UnitQty>גרמים</UnitQty>
      <Quantity>140.00</Quantity>
      <UnitOfMeasure>100 גרם</UnitOfMeasure>
      <bIsWeighted>0</bIsWeighted>
      <QtyInPackage>1</QtyInPackage>
      <ItemPrice>9.90</ItemPrice>
      <UnitOfMeasurePrice>7.0714</UnitOfMeasurePrice>
      <AllowDiscount>1</AllowDiscount>
      <ItemStatus>1</ItemStatus>
      <ItemId>249966</ItemId>
    </Item>
    <Item>
      <PriceUpdateDate>2015-01-01 00:00:00</PriceUpdateDate>
      <ItemCode>4956226</ItemCode>
      <ItemType>0</ItemType>
      <ItemName>שקדי מרק לנדאוס 200</ItemName>
      <ManufacturerName>,</ManufacturerName>
      <ManufactureCountry>לא ידוע</ManufactureCountry>
      <ManufacturerItemDescription>שקדי מרק לנדאוס 200 גרם</ManufacturerItemDescription>
      <UnitQty>גרמים</UnitQty>
      <Quantity>200.00</Quantity>
      <UnitOfMeasure>100 גרם</UnitOfMeasure>
      <bIsWeighted>0</bIsWeighted>
      <QtyInPackage>1</QtyInPackage>
      <ItemPrice>8.90</ItemPrice>
      <UnitOfMeasurePrice>4.4500</UnitOfMeasurePrice>
      <AllowDiscount>1</AllowDiscount>
      <ItemStatus>1</ItemStatus>
      <ItemId>249969</ItemId>
    </Item>
    <Item>
      <PriceUpdateDate>2015-01-01 00:00:00</PriceUpdateDate>
      <ItemCode>7290015347037</ItemCode>
      <ItemType>0</ItemType>
      <ItemName>קקאו 800 גרם</ItemName>
      <ManufacturerName>מיה תעשיות מזון בעמ</ManufacturerName>
      <ManufactureCountry>לא ידוע</ManufactureCountry>
      <ManufacturerItemDescription>קקאו 800 גרם לה בקרי</ManufacturerItemDescription>
      <UnitQty>גרמים</UnitQty>
      <Quantity>800.00</Quantity>
      <UnitOfMeasure>100 גרם</UnitOfMeasure>
      <bIsWeighted>0</bIsWeighted>
      <QtyInPackage>1</QtyInPackage>
      <ItemPrice>19.90</ItemPrice>
      <UnitOfMeasurePrice>2.4875</UnitOfMeasurePrice>
      <AllowDiscount>1</AllowDiscount>
      <ItemStatus>1</ItemStatus>
      <ItemId>249999</ItemId>
    </Item>
    <Item>
      <PriceUpdateDate>2015-01-01 00:00:00</PriceUpdateDate>
      <ItemCode>7290012483615</ItemCode>
      <ItemType>0</ItemType>
      <ItemName>תחתיות ארטישוק 400 ג</ItemName>
      <ManufacturerName>,</ManufacturerName>
      <ManufactureCountry>לא ידוע</ManufactureCountry>
      <ManufacturerItemDescription>תחתיות ארטישוק 400 גרם</ManufacturerItemDescription>
      <UnitQty>גרמים</UnitQty>
      <Quantity>400.00</Quantity>
      <UnitOfMeasure>100 גרם</UnitOfMeasure>
      <bIsWeighted>0</bIsWeighted>
      <QtyInPackage>1</QtyInPackage>
      <ItemPrice>14.90</ItemPrice>
      <UnitOfMeasurePrice>3.7250</UnitOfMeasurePrice>
      <AllowDiscount>1</AllowDiscount>
      <ItemStatus>1</ItemStatus>
      <ItemId>250012</ItemId>
    </Item>
    <Item>
      <PriceUpdateDate>2015-07-14 11:01:12</PriceUpdateDate>
      <ItemCode>7290015872492</ItemCode>
      <ItemType>0</ItemType>
      <ItemName>חציל על האש 400 גרם</ItemName>
      <ManufacturerName>סלטי שמיר 2006 בעמ</ManufacturerName>
      <ManufactureCountry>לא ידוע</ManufactureCountry>
      <ManufacturerItemDescription>חציל על האש 400 גרם</ManufacturerItemDescription>
      <UnitQty>גרמים</UnitQty>
      <Quantity>400.00</Quantity>
      <UnitOfMeasure>100 גרם</UnitOfMeasure>
      <bIsWeighted>0</bIsWeighted>
      <QtyInPackage>1</QtyInPackage>
      <ItemPrice>9.90</ItemPrice>
      <UnitOfMeasurePrice>2.4750</UnitOfMeasurePrice>
      <AllowDiscount>1</AllowDiscount>
      <ItemStatus>1</ItemStatus>
      <ItemId>264621</ItemId>
    </Item>
    <Item>
      <PriceUpdateDate>2015-01-01 00:00:00</PriceUpdateDate>
      <ItemCode>5563539</ItemCode>
      <ItemType>0</ItemType>
      <ItemName>אורז יסמין 1 ק"ג</ItemName>
      <ManufacturerName>תאי גרנלוקס</ManufacturerName>
      <ManufactureCountry>תאילנד</ManufactureCountry>
      <ManufacturerItemDescription>אורז יסמין 1 קג</ManufacturerItemDescription>
      <UnitQty>קילוגרמים</UnitQty>
      <Quantity>1.00</Quantity>
      <UnitOfMeasure>ק"ג     </UnitOfMeasure>
      <bIsWeighted>0</bIsWeighted>
      <QtyInPackage>1</QtyInPackage>
      <ItemPrice>5.90</ItemPrice>
      <UnitOfMeasurePrice>5.9000</UnitOfMeasurePrice>
      <AllowDiscount>1</AllowDiscount>
      <ItemStatus>1</ItemStatus>
      <ItemId>250013</ItemId>
    </Item>
    <Item>
      <PriceUpdateDate>2015-01-01 00:00:00</PriceUpdateDate>
      <ItemCode>6102014100869</ItemCode>
      <ItemType>0</ItemType>
      <ItemName>מארז 4 מברשות שיניים</ItemName>
      <ManufacturerName>,</ManufacturerName>
      <ManufactureCountry>לא ידוע</ManufactureCountry>
      <ManufacturerItemDescription>מארז 4 מברשות שיניים פלטיניום</ManufacturerItemDescription>
      <UnitQty>Unknown </UnitQty>
      <Quantity>0.00</Quantity>
      <UnitOfMeasure>Unknown </UnitOfMeasure>
      <bIsWeighted>0</bIsWeighted>
      <QtyInPackage>1</QtyInPackage>
      <ItemPrice>6.90</ItemPrice>
      <UnitOfMeasurePrice>0.0000</UnitOfMeasurePrice>
      <AllowDiscount>1</AllowDiscount>
      <ItemStatus>1</ItemStatus>
      <ItemId>250014</ItemId>
    </Item>
    <Item>
      <PriceUpdateDate>2015-10-21 15:42:38</PriceUpdateDate>
      <ItemCode>6102014100876</ItemCode>
      <ItemType>0</ItemType>
      <ItemName>מארז 4 מברשות שיניים</ItemName>
      <ManufacturerName>,</ManufacturerName>
      <ManufactureCountry>לא ידוע</ManufactureCountry>
      <ManufacturerItemDescription>מארז 4 מברשות שיניים  ילדים</ManufacturerItemDescription>
      <UnitQty>Unknown </UnitQty>
      <Quantity>0.00</Quantity>
      <UnitOfMeasure>Unknown </UnitOfMeasure>
      <bIsWeighted>0</bIsWeighted>
      <QtyInPackage>1</QtyInPackage>
      <ItemPrice>6.90</ItemPrice>
      <UnitOfMeasurePrice>0.0000</UnitOfMeasurePrice>
      <AllowDiscount>1</AllowDiscount>
      <ItemStatus>1</ItemStatus>
      <ItemId>250015</ItemId>
    </Item>
    <Item>
      <PriceUpdateDate>2015-01-01 00:00:00</PriceUpdateDate>
      <ItemCode>312767</ItemCode>
      <ItemType>0</ItemType>
      <ItemName>בייגלה שטוחלה 200 גר</ItemName>
      <ManufacturerName>מאיר בייגל</ManufacturerName>
      <ManufactureCountry>לא ידוע</ManufactureCountry>
      <ManufacturerItemDescription>בייגלה שטוחלה 200 גרם</ManufacturerItemDescription>
      <UnitQty>גרמים</UnitQty>
      <Quantity>200.00</Quantity>
      <UnitOfMeasure>100 גרם</UnitOfMeasure>
      <bIsWeighted>0</bIsWeighted>
      <QtyInPackage>1</QtyInPackage>
      <ItemPrice>4.90</ItemPrice>
      <UnitOfMeasurePrice>2.4500</UnitOfMeasurePrice>
      <AllowDiscount>1</AllowDiscount>
      <ItemStatus>1</ItemStatus>
      <ItemId>250038</ItemId>
    </Item>
    <Item>
      <PriceUpdateDate>2015-01-01 00:00:00</PriceUpdateDate>
      <ItemCode>2319306</ItemCode>
      <ItemType>0</ItemType>
      <ItemName>שקד קלוי 200 ג</ItemName>
      <ManufacturerName>מיה תעשיות מזון בעמ</ManufacturerName>
      <ManufactureCountry>ישראל</ManufactureCountry>
      <ManufacturerItemDescription>שקד קלוי 200 ג</ManufacturerItemDescription>
      <UnitQty>גרמים</UnitQty>
      <Quantity>200.00</Quantity>
      <UnitOfMeasure>100 גרם</UnitOfMeasure>
      <bIsWeighted>0</bIsWeighted>
      <QtyInPackage>1</QtyInPackage>
      <ItemPrice>19.90</ItemPrice>
      <UnitOfMeasurePrice>9.9500</UnitOfMeasurePrice>
      <AllowDiscount>1</AllowDiscount>
      <ItemStatus>1</ItemStatus>
      <ItemId>250045</ItemId>
    </Item>
    <Item>
      <PriceUpdateDate>2015-01-01 00:00:00</PriceUpdateDate>
      <ItemCode>710069805026</ItemCode>
      <ItemType>0</ItemType>
      <ItemName>רסק תפוחי עץ 1.36 ק"</ItemName>
      <ManufacturerName>,</ManufacturerName>
      <ManufactureCountry>לא ידוע</ManufactureCountry>
      <ManufacturerItemDescription>רסק תפוחי עץ 1.36 ק"ג</ManufacturerItemDescription>
      <UnitQty>קילוגרמים</UnitQty>
      <Quantity>1.36</Quantity>
      <UnitOfMeasure>ק"ג     </UnitOfMeasure>
      <bIsWeighted>0</bIsWeighted>
      <QtyInPackage>1</QtyInPackage>
      <ItemPrice>19.90</ItemPrice>
      <UnitOfMeasurePrice>14.6324</UnitOfMeasurePrice>
      <AllowDiscount>1</AllowDiscount>
      <ItemStatus>1</ItemStatus>
      <ItemId>250055</ItemId>
    </Item>
    <Item>
      <PriceUpdateDate>2015-01-01 00:00:00</PriceUpdateDate>
      <ItemCode>7290103155490</ItemCode>
      <ItemType>0</ItemType>
      <ItemName>גביע יין מוכסף 24 יח</ItemName>
      <ManufacturerName>HANTRONIX</ManufacturerName>
      <ManufactureCountry>לא ידוע</ManufactureCountry>
      <ManufacturerItemDescription>גביע יין מוכסף 24 יח</ManufacturerItemDescription>
      <UnitQty>Unknown </UnitQty>
      <Quantity>0.00</Quantity>
      <UnitOfMeasure>Unknown </UnitOfMeasure>
      <bIsWeighted>0</bIsWeighted>
      <QtyInPackage>1</QtyInPackage>
      <ItemPrice>19.90</ItemPrice>
      <UnitOfMeasurePrice>0.0000</UnitOfMeasurePrice>
      <AllowDiscount>1</AllowDiscount>
      <ItemStatus>1</ItemStatus>
      <ItemId>250056</ItemId>
    </Item>
    <Item>
      <PriceUpdateDate>2015-01-01 00:00:00</PriceUpdateDate>
      <ItemCode>7290012738173</ItemCode>
      <ItemType>0</ItemType>
      <ItemName>מצות עם סיבים תזונתי</ItemName>
      <ManufacturerName>מצות יהודה</ManufacturerName>
      <ManufactureCountry>ישראל</ManufactureCountry>
      <ManufacturerItemDescription>מצות עם סיבים תזונתיים 300 גרם</ManufacturerItemDescription>
      <UnitQty>גרמים</UnitQty>
      <Quantity>300.00</Quantity>
      <UnitOfMeasure>100 גרם</UnitOfMeasure>
      <bIsWeighted>0</bIsWeighted>
      <QtyInPackage>1</QtyInPackage>
      <ItemPrice>17.90</ItemPrice>
      <UnitOfMeasurePrice>5.9667</UnitOfMeasurePrice>
      <AllowDiscount>1</AllowDiscount>
      <ItemStatus>1</ItemStatus>
      <ItemId>250067</ItemId>
    </Item>
    <Item>
      <PriceUpdateDate>2016-07-26 17:40:32</PriceUpdateDate>
      <ItemCode>7290004023546</ItemCode>
      <ItemType>1</ItemType>
      <ItemName>חלה קמח מלא</ItemName>
      <ManufacturerName>,</ManufacturerName>
      <ManufactureCountry>לא ידוע</ManufactureCountry>
      <ManufacturerItemDescription>חלה קמח מלא</ManufacturerItemDescription>
      <UnitQty>Unknown </UnitQty>
      <Quantity>0.00</Quantity>
      <UnitOfMeasure>Unknown </UnitOfMeasure>
      <bIsWeighted>0</bIsWeighted>
      <QtyInPackage>1</QtyInPackage>
      <ItemPrice>11.90</ItemPrice>
      <UnitOfMeasurePrice>0.0000</UnitOfMeasurePrice>
      <AllowDiscount>1</AllowDiscount>
      <ItemStatus>1</ItemStatus>
      <ItemId>268989</ItemId>
    </Item>
    <Item>
      <PriceUpdateDate>2016-01-04 18:05:49</PriceUpdateDate>
      <ItemCode>8850389105825</ItemCode>
      <ItemType>1</ItemType>
      <ItemName>משקה אלוורה סאפה ענב</ItemName>
      <ManufacturerName>SAPPE PUBLIC</ManufacturerName>
      <ManufactureCountry>תאילנד</ManufactureCountry>
      <ManufacturerItemDescription>משקה אלוורה סאפה ענבים 1 ליטר</ManufacturerItemDescription>
      <UnitQty>ליטרים</UnitQty>
      <Quantity>1.00</Quantity>
      <UnitOfMeasure>ליטר    </UnitOfMeasure>
      <bIsWeighted>0</bIsWeighted>
      <QtyInPackage>1</QtyInPackage>
      <ItemPrice>10.20</ItemPrice>
      <UnitOfMeasurePrice>10.2000</UnitOfMeasurePrice>
      <AllowDiscount>1</AllowDiscount>
      <ItemStatus>1</ItemStatus>
      <ItemId>266411</ItemId>
    </Item>
    <Item>
      <PriceUpdateDate>2015-01-01 00:00:00</PriceUpdateDate>
      <ItemCode>7290103155445</ItemCode>
      <ItemType>0</ItemType>
      <ItemName>צלחות מרק וונוס קרם/</ItemName>
      <ManufacturerName>HANTRONIX</ManufacturerName>
      <ManufactureCountry>לא ידוע</ManufactureCountry>
      <ManufacturerItemDescription>צלחות מרק וונוס קרם/זהב 24 יח</ManufacturerItemDescription>
      <UnitQty>Unknown </UnitQty>
      <Quantity>0.00</Quantity>
      <UnitOfMeasure>Unknown </UnitOfMeasure>
      <bIsWeighted>0</bIsWeighted>
      <QtyInPackage>1</QtyInPackage>
      <ItemPrice>34.90</ItemPrice>
      <UnitOfMeasurePrice>0.0000</UnitOfMeasurePrice>
      <AllowDiscount>1</AllowDiscount>
      <ItemStatus>1</ItemStatus>
      <ItemId>250091</ItemId>
    </Item>
    <Item>
      <PriceUpdateDate>2015-01-01 00:00:00</PriceUpdateDate>
      <ItemCode>7290103155452</ItemCode>
      <ItemType>0</ItemType>
      <ItemName>צלחות גדולות מתומן ל</ItemName>
      <ManufacturerName>HANTRONIX</ManufacturerName>
      <ManufactureCountry>לא ידוע</ManufactureCountry>
      <ManufacturerItemDescription>צלחות גדולות מתומן לבן 24 יח</ManufacturerItemDescription>
      <UnitQty>Unknown </UnitQty>
      <Quantity>0.00</Quantity>
      <UnitOfMeasure>Unknown </UnitOfMeasure>
      <bIsWeighted>0</bIsWeighted>
      <QtyInPackage>1</QtyInPackage>
      <ItemPrice>49.90</ItemPrice>
      <UnitOfMeasurePrice>0.0000</UnitOfMeasurePrice>
      <AllowDiscount>1</AllowDiscount>
      <ItemStatus>1</ItemStatus>
      <ItemId>250093</ItemId>
    </Item>
    <Item>
      <PriceUpdateDate>2015-09-20 12:28:04</PriceUpdateDate>
      <ItemCode>7290014603554</ItemCode>
      <ItemType>0</ItemType>
      <ItemName>גלידת קרמיסימו סנדיי</ItemName>
      <ManufacturerName>שטראוס</ManufacturerName>
      <ManufactureCountry>ישראל</ManufactureCountry>
      <ManufacturerItemDescription>גלידת קרמיסימו סנדיי וניל תות 1.33 ליטר</ManufacturerItemDescription>
      <UnitQty>ליטרים</UnitQty>
      <Quantity>1.33</Quantity>
      <UnitOfMeasure>ליטר    </UnitOfMeasure>
      <bIsWeighted>0</bIsWeighted>
      <QtyInPackage>1</QtyInPackage>
      <ItemPrice>15.90</ItemPrice>
      <UnitOfMeasurePrice>11.9549</UnitOfMeasurePrice>
      <AllowDiscount>1</AllowDiscount>
      <ItemStatus>1</ItemStatus>
      <ItemId>250130</ItemId>
    </Item>
    <Item>
      <PriceUpdateDate>2015-01-01 00:00:00</PriceUpdateDate>
      <ItemCode>103495</ItemCode>
      <ItemType>0</ItemType>
      <ItemName>אפונה ירוקה 700 גרם</ItemName>
      <ManufacturerName>סנפרוסט בעמ</ManufacturerName>
      <ManufactureCountry>לא ידוע</ManufactureCountry>
      <ManufacturerItemDescription>אפונה ירוקה 700 גרם בד"צ</ManufacturerItemDescription>
      <UnitQty>גרמים</UnitQty>
      <Quantity>800.00</Quantity>
      <UnitOfMeasure>100 גרם</UnitOfMeasure>
      <bIsWeighted>0</bIsWeighted>
      <QtyInPackage>1</QtyInPackage>
      <ItemPrice>12.50</ItemPrice>
      <UnitOfMeasurePrice>1.5625</UnitOfMeasurePrice>
      <AllowDiscount>1</AllowDiscount>
      <ItemStatus>1</ItemStatus>
      <ItemId>251356</ItemId>
    </Item>
    <Item>
      <PriceUpdateDate>2015-09-20 12:28:04</PriceUpdateDate>
      <ItemCode>7290014603547</ItemCode>
      <ItemType>0</ItemType>
      <ItemName>גלידת קרמיסימו סנדיי</ItemName>
      <ManufacturerName>שטראוס</ManufacturerName>
      <ManufactureCountry>ישראל</ManufactureCountry>
      <ManufacturerItemDescription>גלידת קרמיסימו סנדיי וניל ריפל 1.33 ליטר</ManufacturerItemDescription>
      <UnitQty>ליטרים</UnitQty>
      <Quantity>1.33</Quantity>
      <UnitOfMeasure>ליטר    </UnitOfMeasure>
      <bIsWeighted>0</bIsWeighted>
      <QtyInPackage>1</QtyInPackage>
      <ItemPrice>15.90</ItemPrice>
      <UnitOfMeasurePrice>11.9549</UnitOfMeasurePrice>
      <AllowDiscount>1</AllowDiscount>
      <ItemStatus>1</ItemStatus>
      <ItemId>250133</ItemId>
    </Item>
    <Item>
      <PriceUpdateDate>2015-01-01 00:00:00</PriceUpdateDate>
      <ItemCode>7290014603660</ItemCode>
      <ItemType>0</ItemType>
      <ItemName>מאגדת מיני מגנום ברא</ItemName>
      <ManufacturerName>שטראוס</ManufacturerName>
      <ManufactureCountry>ישראל</ManufactureCountry>
      <ManufacturerItemDescription>מאגדת מיני מגנום בראוניז</ManufacturerItemDescription>
      <UnitQty>גרמים</UnitQty>
      <Quantity>330.00</Quantity>
      <UnitOfMeasure>100 גרם</UnitOfMeasure>
      <bIsWeighted>0</bIsWeighted>
      <QtyInPackage>לא ידוע</QtyInPackage>
      <ItemPrice>21.90</ItemPrice>
      <UnitOfMeasurePrice>6.6364</UnitOfMeasurePrice>
      <AllowDiscount>1</AllowDiscount>
      <ItemStatus>1</ItemStatus>
      <ItemId>250134</ItemId>
    </Item>
    <Item>
      <PriceUpdateDate>2015-01-01 00:00:00</PriceUpdateDate>
      <ItemCode>7290011623357</ItemCode>
      <ItemType>0</ItemType>
      <ItemName>שקדי מרק 100 גרם</ItemName>
      <ManufacturerName>,</ManufacturerName>
      <ManufactureCountry>לא ידוע</ManufactureCountry>
      <ManufacturerItemDescription>שקדי מרק 100 גרם  כשל"פ</ManufacturerItemDescription>
      <UnitQty>גרמים</UnitQty>
      <Quantity>100.00</Quantity>
      <UnitOfMeasure>100 גרם</UnitOfMeasure>
      <bIsWeighted>0</bIsWeighted>
      <QtyInPackage>1</QtyInPackage>
      <ItemPrice>8.90</ItemPrice>
      <UnitOfMeasurePrice>8.9000</UnitOfMeasurePrice>
      <AllowDiscount>1</AllowDiscount>
      <ItemStatus>1</ItemStatus>
      <ItemId>250136</ItemId>
    </Item>
    <Item>
      <PriceUpdateDate>2016-07-01 07:15:34</PriceUpdateDate>
      <ItemCode>7290010066599</ItemCode>
      <ItemType>0</ItemType>
      <ItemName>מארז 1/4 טונה בשמן ז</ItemName>
      <ManufacturerName>פילטונה</ManufacturerName>
      <ManufactureCountry>לא ידוע</ManufactureCountry>
      <ManufacturerItemDescription>מארז 1/4 טונה בשמן זית 160 גרם חת"ס ב"ב</ManufacturerItemDescription>
      <UnitQty>גרמים</UnitQty>
      <Quantity>640.00</Quantity>
      <UnitOfMeasure>100 גרם</UnitOfMeasure>
      <bIsWeighted>0</bIsWeighted>
      <QtyInPackage>1</QtyInPackage>
      <ItemPrice>22.90</ItemPrice>
      <UnitOfMeasurePrice>3.5781</UnitOfMeasurePrice>
      <AllowDiscount>1</AllowDiscount>
      <ItemStatus>1</ItemStatus>
      <ItemId>250144</ItemId>
    </Item>
    <Item>
      <PriceUpdateDate>2015-01-01 00:00:00</PriceUpdateDate>
      <ItemCode>7290012738197</ItemCode>
      <ItemType>0</ItemType>
      <ItemName>קמח מצות שיפון 400 ג</ItemName>
      <ManufacturerName>,</ManufacturerName>
      <ManufactureCountry>לא ידוע</ManufactureCountry>
      <ManufacturerItemDescription>קמח מצות שיפון 400 גרם</ManufacturerItemDescription>
      <UnitQty>גרמים</UnitQty>
      <Quantity>400.00</Quantity>
      <UnitOfMeasure>100 גרם</UnitOfMeasure>
      <bIsWeighted>0</bIsWeighted>
      <QtyInPackage>1</QtyInPackage>
      <ItemPrice>17.90</ItemPrice>
      <UnitOfMeasurePrice>4.4750</UnitOfMeasurePrice>
      <AllowDiscount>1</AllowDiscount>
      <ItemStatus>1</ItemStatus>
      <ItemId>250164</ItemId>
    </Item>
    <Item>
      <PriceUpdateDate>2015-09-17 14:46:31</PriceUpdateDate>
      <ItemCode>25675010833</ItemCode>
      <ItemType>0</ItemType>
      <ItemName>עוגיות עם שבבי שוקול</ItemName>
      <ManufacturerName>,</ManufacturerName>
      <ManufactureCountry>לא ידוע</ManufactureCountry>
      <ManufacturerItemDescription>עוגיות עם שבבי שוקולד 397 גרם</ManufacturerItemDescription>
      <UnitQty>גרמים</UnitQty>
      <Quantity>397.00</Quantity>
      <UnitOfMeasure>100 גרם</UnitOfMeasure>
      <bIsWeighted>0</bIsWeighted>
      <QtyInPackage>1</QtyInPackage>
      <ItemPrice>17.90</ItemPrice>
      <UnitOfMeasurePrice>4.5088</UnitOfMeasurePrice>
      <AllowDiscount>1</AllowDiscount>
      <ItemStatus>1</ItemStatus>
      <ItemId>252332</ItemId>
    </Item>
    <Item>
      <PriceUpdateDate>2015-01-01 00:00:00</PriceUpdateDate>
      <ItemCode>7290012576607</ItemCode>
      <ItemType>0</ItemType>
      <ItemName>יין אדום פרימייר קבר</ItemName>
      <ManufacturerName>ברקן סגל</ManufacturerName>
      <ManufactureCountry>לא ידוע</ManufactureCountry>
      <ManufacturerItemDescription>יין אדום פרימייר קברנה סוביניון 750 מ"ל</ManufacturerItemDescription>
      <UnitQty>מיליליטרים</UnitQty>
      <Quantity>750.00</Quantity>
      <UnitOfMeasure>100 מ"ל</UnitOfMeasure>
      <bIsWeighted>0</bIsWeighted>
      <QtyInPackage>1</QtyInPackage>
      <ItemPrice>17.90</ItemPrice>
      <UnitOfMeasurePrice>2.3867</UnitOfMeasurePrice>
      <AllowDiscount>1</AllowDiscount>
      <ItemStatus>1</ItemStatus>
      <ItemId>250203</ItemId>
    </Item>
    <Item>
      <PriceUpdateDate>2015-01-01 00:00:00</PriceUpdateDate>
      <ItemCode>710069811089</ItemCode>
      <ItemType>0</ItemType>
      <ItemName>מיונז 946 גרם</ItemName>
      <ManufacturerName>,</ManufacturerName>
      <ManufactureCountry>לא ידוע</ManufactureCountry>
      <ManufacturerItemDescription>מיונז 946 גרם</ManufacturerItemDescription>
      <UnitQty>גרמים</UnitQty>
      <Quantity>946.00</Quantity>
      <UnitOfMeasure>100 גרם</UnitOfMeasure>
      <bIsWeighted>0</bIsWeighted>
      <QtyInPackage>1</QtyInPackage>
      <ItemPrice>16.90</ItemPrice>
      <UnitOfMeasurePrice>1.7865</UnitOfMeasurePrice>
      <AllowDiscount>1</AllowDiscount>
      <ItemStatus>1</ItemStatus>
      <ItemId>250180</ItemId>
    </Item>
    <Item>
      <PriceUpdateDate>2015-01-01 00:00:00</PriceUpdateDate>
      <ItemCode>710069805019</ItemCode>
      <ItemType>0</ItemType>
      <ItemName>רסק תפוחי עץ 1.36 ק"</ItemName>
      <ManufacturerName>,</ManufacturerName>
      <ManufactureCountry>לא ידוע</ManufactureCountry>
      <ManufacturerItemDescription>רסק תפוחי עץ 1.36 ק"ג</ManufacturerItemDescription>
      <UnitQty>קילוגרמים</UnitQty>
      <Quantity>1.36</Quantity>
      <UnitOfMeasure>ק"ג     </UnitOfMeasure>
      <bIsWeighted>0</bIsWeighted>
      <QtyInPackage>1</QtyInPackage>
      <ItemPrice>19.90</ItemPrice>
      <UnitOfMeasurePrice>14.6324</UnitOfMeasurePrice>
      <AllowDiscount>1</AllowDiscount>
      <ItemStatus>1</ItemStatus>
      <ItemId>250198</ItemId>
    </Item>
    <Item>
      <PriceUpdateDate>2015-01-01 00:00:00</PriceUpdateDate>
      <ItemCode>7290013531377</ItemCode>
      <ItemType>0</ItemType>
      <ItemName>תורמוס 550 גרם  יכין</ItemName>
      <ManufacturerName>זנלכל</ManufacturerName>
      <ManufactureCountry>לא ידוע</ManufactureCountry>
      <ManufacturerItemDescription>תורמוס 550 גרם  יכין</ManufacturerItemDescription>
      <UnitQty>גרמים</UnitQty>
      <Quantity>550.00</Quantity>
      <UnitOfMeasure>100 גרם</UnitOfMeasure>
      <bIsWeighted>0</bIsWeighted>
      <QtyInPackage>1</QtyInPackage>
      <ItemPrice>6.50</ItemPrice>
      <UnitOfMeasurePrice>1.1818</UnitOfMeasurePrice>
      <AllowDiscount>1</AllowDiscount>
      <ItemStatus>1</ItemStatus>
      <ItemId>250213</ItemId>
    </Item>
    <Item>
      <PriceUpdateDate>2015-01-01 00:00:00</PriceUpdateDate>
      <ItemCode>710069812031</ItemCode>
      <ItemType>0</ItemType>
      <ItemName>רוטב פיצה רגיל 737 ג</ItemName>
      <ManufacturerName>,</ManufacturerName>
      <ManufactureCountry>לא ידוע</ManufactureCountry>
      <ManufacturerItemDescription>רוטב פיצה רגיל 737 גרם</ManufacturerItemDescription>
      <UnitQty>גרמים</UnitQty>
      <Quantity>737.00</Quantity>
      <UnitOfMeasure>100 גרם</UnitOfMeasure>
      <bIsWeighted>0</bIsWeighted>
      <QtyInPackage>1</QtyInPackage>
      <ItemPrice>13.90</ItemPrice>
      <UnitOfMeasurePrice>1.8860</UnitOfMeasurePrice>
      <AllowDiscount>1</AllowDiscount>
      <ItemStatus>1</ItemStatus>
      <ItemId>250216</ItemId>
    </Item>
    <Item>
      <PriceUpdateDate>2015-01-01 00:00:00</PriceUpdateDate>
      <ItemCode>710069811461</ItemCode>
      <ItemType>0</ItemType>
      <ItemName>רוטב קרנברי שלם 448</ItemName>
      <ManufacturerName>,</ManufacturerName>
      <ManufactureCountry>לא ידוע</ManufactureCountry>
      <ManufacturerItemDescription>רוטב קרנברי שלם 448 גרם וואלאווע</ManufacturerItemDescription>
      <UnitQty>גרמים</UnitQty>
      <Quantity>448.00</Quantity>
      <UnitOfMeasure>100 גרם</UnitOfMeasure>
      <bIsWeighted>0</bIsWeighted>
      <QtyInPackage>1</QtyInPackage>
      <ItemPrice>10.90</ItemPrice>
      <UnitOfMeasurePrice>2.4330</UnitOfMeasurePrice>
      <AllowDiscount>1</AllowDiscount>
      <ItemStatus>1</ItemStatus>
      <ItemId>250217</ItemId>
    </Item>
    <Item>
      <PriceUpdateDate>2015-01-01 00:00:00</PriceUpdateDate>
      <ItemCode>710069811454</ItemCode>
      <ItemType>0</ItemType>
      <ItemName>רוטב קרנברי גלי 448</ItemName>
      <ManufacturerName>,</ManufacturerName>
      <ManufactureCountry>לא ידוע</ManufactureCountry>
      <ManufacturerItemDescription>רוטב קרנברי גלי 448 גרם וואלאווע</ManufacturerItemDescription>
      <UnitQty>גרמים</UnitQty>
      <Quantity>448.00</Quantity>
      <UnitOfMeasure>100 גרם</UnitOfMeasure>
      <bIsWeighted>0</bIsWeighted>
      <QtyInPackage>1</QtyInPackage>
      <ItemPrice>10.90</ItemPrice>
      <UnitOfMeasurePrice>2.4330</UnitOfMeasurePrice>
      <AllowDiscount>1</AllowDiscount>
      <ItemStatus>1</ItemStatus>
      <ItemId>250218</ItemId>
    </Item>
    <Item>
      <PriceUpdateDate>2015-01-01 00:00:00</PriceUpdateDate>
      <ItemCode>2391043</ItemCode>
      <ItemType>0</ItemType>
      <ItemName>חזה עוף על גחלים 250</ItemName>
      <ManufacturerName>,</ManufacturerName>
      <ManufactureCountry>לא ידוע</ManufactureCountry>
      <ManufacturerItemDescription>חזה עוף על גחלים 250 גרם</ManufacturerItemDescription>
      <UnitQty>גרמים</UnitQty>
      <Quantity>250.00</Quantity>
      <UnitOfMeasure>100 גרם</UnitOfMeasure>
      <bIsWeighted>0</bIsWeighted>
      <QtyInPackage>1</QtyInPackage>
      <ItemPrice>27.90</ItemPrice>
      <UnitOfMeasurePrice>11.1600</UnitOfMeasurePrice>
      <AllowDiscount>1</AllowDiscount>
      <ItemStatus>1</ItemStatus>
      <ItemId>250246</ItemId>
    </Item>
    <Item>
      <PriceUpdateDate>2015-07-29 08:12:03</PriceUpdateDate>
      <ItemCode>2391111</ItemCode>
      <ItemType>0</ItemType>
      <ItemName>נקניקיות בקר 400 גרם</ItemName>
      <ManufacturerName>,</ManufacturerName>
      <ManufactureCountry>לא ידוע</ManufactureCountry>
      <ManufacturerItemDescription>נקניקיות בקר 400 גרם</ManufacturerItemDescription>
      <UnitQty>גרמים</UnitQty>
      <Quantity>400.00</Quantity>
      <UnitOfMeasure>100 גרם</UnitOfMeasure>
      <bIsWeighted>0</bIsWeighted>
      <QtyInPackage>1</QtyInPackage>
      <ItemPrice>27.90</ItemPrice>
      <UnitOfMeasurePrice>6.9750</UnitOfMeasurePrice>
      <AllowDiscount>1</AllowDiscount>
      <ItemStatus>1</ItemStatus>
      <ItemId>250250</ItemId>
    </Item>
    <Item>
      <PriceUpdateDate>2015-01-01 00:00:00</PriceUpdateDate>
      <ItemCode>2391852</ItemCode>
      <ItemType>0</ItemType>
      <ItemName>נקניקיות עוף 400 גרם</ItemName>
      <ManufacturerName>,</ManufacturerName>
      <ManufactureCountry>לא ידוע</ManufactureCountry>
      <ManufacturerItemDescription>נקניקיות עוף 400 גרם</ManufacturerItemDescription>
      <UnitQty>גרמים</UnitQty>
      <Quantity>400.00</Quantity>
      <UnitOfMeasure>100 גרם</UnitOfMeasure>
      <bIsWeighted>0</bIsWeighted>
      <QtyInPackage>1</QtyInPackage>
      <ItemPrice>15.90</ItemPrice>
      <UnitOfMeasurePrice>3.9750</UnitOfMeasurePrice>
      <AllowDiscount>1</AllowDiscount>
      <ItemStatus>1</ItemStatus>
      <ItemId>250252</ItemId>
    </Item>
    <Item>
      <PriceUpdateDate>2015-07-29 08:12:03</PriceUpdateDate>
      <ItemCode>2391883</ItemCode>
      <ItemType>0</ItemType>
      <ItemName>נקניקיות צוריסוס 400</ItemName>
      <ManufacturerName>,</ManufacturerName>
      <ManufactureCountry>לא ידוע</ManufactureCountry>
      <ManufacturerItemDescription>נקניקיות צוריסוס 400 גרם</ManufacturerItemDescription>
      <UnitQty>גרמים</UnitQty>
      <Quantity>400.00</Quantity>
      <UnitOfMeasure>100 גרם</UnitOfMeasure>
      <bIsWeighted>0</bIsWeighted>
      <QtyInPackage>1</QtyInPackage>
      <ItemPrice>27.90</ItemPrice>
      <UnitOfMeasurePrice>6.9750</UnitOfMeasurePrice>
      <AllowDiscount>1</AllowDiscount>
      <ItemStatus>1</ItemStatus>
      <ItemId>250253</ItemId>
    </Item>
    <Item>
      <PriceUpdateDate>2016-03-15 08:56:08</PriceUpdateDate>
      <ItemCode>7290104855214</ItemCode>
      <ItemType>1</ItemType>
      <ItemName>צלחות למרק לבן עם פס</ItemName>
      <ManufacturerName>,</ManufacturerName>
      <ManufactureCountry>לא ידוע</ManufactureCountry>
      <ManufacturerItemDescription>צלחות למרק לבן עם פס כסף 18 יח מילאנו</ManufacturerItemDescription>
      <UnitQty>Unknown </UnitQty>
      <Quantity>0.00</Quantity>
      <UnitOfMeasure>Unknown </UnitOfMeasure>
      <bIsWeighted>0</bIsWeighted>
      <QtyInPackage>1</QtyInPackage>
      <ItemPrice>18.90</ItemPrice>
      <UnitOfMeasurePrice>0.0000</UnitOfMeasurePrice>
      <AllowDiscount>1</AllowDiscount>
      <ItemStatus>1</ItemStatus>
      <ItemId>267378</ItemId>
    </Item>
    <Item>
      <PriceUpdateDate>2015-01-01 00:00:00</PriceUpdateDate>
      <ItemCode>710069812000</ItemCode>
      <ItemType>0</ItemType>
      <ItemName>רוטב פסטה קלאסיק מרי</ItemName>
      <ManufacturerName>,</ManufacturerName>
      <ManufactureCountry>לא ידוע</ManufactureCountry>
      <ManufacturerItemDescription>רוטב פסטה קלאסיק מרינדה 737 גרם</ManufacturerItemDescription>
      <UnitQty>גרמים</UnitQty>
      <Quantity>737.00</Quantity>
      <UnitOfMeasure>100 גרם</UnitOfMeasure>
      <bIsWeighted>0</bIsWeighted>
      <QtyInPackage>1</QtyInPackage>
      <ItemPrice>13.90</ItemPrice>
      <UnitOfMeasurePrice>1.8860</UnitOfMeasurePrice>
      <AllowDiscount>1</AllowDiscount>
      <ItemStatus>1</ItemStatus>
      <ItemId>250271</ItemId>
    </Item>
    <Item>
      <PriceUpdateDate>2015-01-01 00:00:00</PriceUpdateDate>
      <ItemCode>7290106576896</ItemCode>
      <ItemType>0</ItemType>
      <ItemName>גלידה לה קרמריה קוקי</ItemName>
      <ManufacturerName>גלידות נסטלה</ManufacturerName>
      <ManufactureCountry>לא ידוע</ManufactureCountry>
      <ManufacturerItemDescription>גלידה לה קרמריה קוקילידה 1.4 ליטר</ManufacturerItemDescription>
      <UnitQty>ליטרים</UnitQty>
      <Quantity>1.40</Quantity>
      <UnitOfMeasure>ליטר    </UnitOfMeasure>
      <bIsWeighted>0</bIsWeighted>
      <QtyInPackage>1</QtyInPackage>
      <ItemPrice>14.90</ItemPrice>
      <UnitOfMeasurePrice>10.6429</UnitOfMeasurePrice>
      <AllowDiscount>1</AllowDiscount>
      <ItemStatus>1</ItemStatus>
      <ItemId>250283</ItemId>
    </Item>
    <Item>
      <PriceUpdateDate>2015-01-01 00:00:00</PriceUpdateDate>
      <ItemCode>7290106576926</ItemCode>
      <ItemType>0</ItemType>
      <ItemName>גלידה לה קרמריה שוקו</ItemName>
      <ManufacturerName>גלידות נסטלה</ManufacturerName>
      <ManufactureCountry>לא ידוע</ManufactureCountry>
      <ManufacturerItemDescription>גלידה לה קרמריה שוקו וניל לייט 1.4 ליטר</ManufacturerItemDescription>
      <UnitQty>ליטרים</UnitQty>
      <Quantity>1.40</Quantity>
      <UnitOfMeasure>ליטר    </UnitOfMeasure>
      <bIsWeighted>0</bIsWeighted>
      <QtyInPackage>1</QtyInPackage>
      <ItemPrice>14.90</ItemPrice>
      <UnitOfMeasurePrice>10.6429</UnitOfMeasurePrice>
      <AllowDiscount>1</AllowDiscount>
      <ItemStatus>1</ItemStatus>
      <ItemId>250284</ItemId>
    </Item>
    <Item>
      <PriceUpdateDate>2015-01-01 00:00:00</PriceUpdateDate>
      <ItemCode>7290106576995</ItemCode>
      <ItemType>0</ItemType>
      <ItemName>גלידה לה קרמריה שוקו</ItemName>
      <ManufacturerName>גלידות נסטלה</ManufacturerName>
      <ManufactureCountry>לא ידוע</ManufactureCountry>
      <ManufacturerItemDescription>גלידה לה קרמריה סורבה תות מנגו לייט 1.4</ManufacturerItemDescription>
      <UnitQty>ליטרים</UnitQty>
      <Quantity>1.40</Quantity>
      <UnitOfMeasure>ליטר    </UnitOfMeasure>
      <bIsWeighted>0</bIsWeighted>
      <QtyInPackage>1</QtyInPackage>
      <ItemPrice>14.90</ItemPrice>
      <UnitOfMeasurePrice>10.6429</UnitOfMeasurePrice>
      <AllowDiscount>1</AllowDiscount>
      <ItemStatus>1</ItemStatus>
      <ItemId>250285</ItemId>
    </Item>
    <Item>
      <PriceUpdateDate>2015-01-01 00:00:00</PriceUpdateDate>
      <ItemCode>710069812017</ItemCode>
      <ItemType>0</ItemType>
      <ItemName>רוטב פסטה עגבניות וב</ItemName>
      <ManufacturerName>,</ManufacturerName>
      <ManufactureCountry>לא ידוע</ManufactureCountry>
      <ManufacturerItemDescription>רוטב פסטה עגבניות ובזיל 737 גרם</ManufacturerItemDescription>
      <UnitQty>גרמים</UnitQty>
      <Quantity>737.00</Quantity>
      <UnitOfMeasure>100 גרם</UnitOfMeasure>
      <bIsWeighted>0</bIsWeighted>
      <QtyInPackage>1</QtyInPackage>
      <ItemPrice>13.90</ItemPrice>
      <UnitOfMeasurePrice>1.8860</UnitOfMeasurePrice>
      <AllowDiscount>1</AllowDiscount>
      <ItemStatus>1</ItemStatus>
      <ItemId>250289</ItemId>
    </Item>
    <Item>
      <PriceUpdateDate>2015-01-01 00:00:00</PriceUpdateDate>
      <ItemCode>7290012823916</ItemCode>
      <ItemType>0</ItemType>
      <ItemName>גל כביסה מקסימה מרוכ</ItemName>
      <ManufacturerName>סנו</ManufacturerName>
      <ManufactureCountry>לא ידוע</ManufactureCountry>
      <ManufacturerItemDescription>גל כביסה מקסימה מרוכז קריסטל נואר 5 ליטר</ManufacturerItemDescription>
      <UnitQty>ליטרים</UnitQty>
      <Quantity>5.00</Quantity>
      <UnitOfMeasure>ליטר    </UnitOfMeasure>
      <bIsWeighted>0</bIsWeighted>
      <QtyInPackage>1</QtyInPackage>
      <ItemPrice>39.90</ItemPrice>
      <UnitOfMeasurePrice>7.9800</UnitOfMeasurePrice>
      <AllowDiscount>1</AllowDiscount>
      <ItemStatus>1</ItemStatus>
      <ItemId>250325</ItemId>
    </Item>
    <Item>
      <PriceUpdateDate>2016-02-10 13:55:00</PriceUpdateDate>
      <ItemCode>7290013848987</ItemCode>
      <ItemType>0</ItemType>
      <ItemName>דאודורנט קרמה ספרי מ</ItemName>
      <ManufacturerName>אמיליה קוסמטיקס</ManufacturerName>
      <ManufactureCountry>לא ידוע</ManufactureCountry>
      <ManufacturerItemDescription>דאודורנט קרמה ספרי מאסק 150 מ"ל</ManufacturerItemDescription>
      <UnitQty>מיליליטרים</UnitQty>
      <Quantity>150.00</Quantity>
      <UnitOfMeasure>100 מ"ל</UnitOfMeasure>
      <bIsWeighted>0</bIsWeighted>
      <QtyInPackage>1</QtyInPackage>
      <ItemPrice>9.90</ItemPrice>
      <UnitOfMeasurePrice>6.6000</UnitOfMeasurePrice>
      <AllowDiscount>1</AllowDiscount>
      <ItemStatus>1</ItemStatus>
      <ItemId>250328</ItemId>
    </Item>
    <Item>
      <PriceUpdateDate>2016-02-10 13:55:00</PriceUpdateDate>
      <ItemCode>7290013848970</ItemCode>
      <ItemType>0</ItemType>
      <ItemName>דאודורנט קרמה ספרי ק</ItemName>
      <ManufacturerName>אמיליה קוסמטיקס</ManufacturerName>
      <ManufactureCountry>לא ידוע</ManufactureCountry>
      <ManufacturerItemDescription>דאודורנט קרמה ספרי קלאסיק 150 מ"ל</ManufacturerItemDescription>
      <UnitQty>מיליליטרים</UnitQty>
      <Quantity>150.00</Quantity>
      <UnitOfMeasure>100 מ"ל</UnitOfMeasure>
      <bIsWeighted>0</bIsWeighted>
      <QtyInPackage>1</QtyInPackage>
      <ItemPrice>9.90</ItemPrice>
      <UnitOfMeasurePrice>6.6000</UnitOfMeasurePrice>
      <AllowDiscount>1</AllowDiscount>
      <ItemStatus>1</ItemStatus>
      <ItemId>250329</ItemId>
    </Item>
    <Item>
      <PriceUpdateDate>2016-02-10 13:55:00</PriceUpdateDate>
      <ItemCode>7290014397002</ItemCode>
      <ItemType>0</ItemType>
      <ItemName>דאודורנט קרמה ספרי ד</ItemName>
      <ManufacturerName>אמיליה קוסמטיקס</ManufacturerName>
      <ManufactureCountry>לא ידוע</ManufactureCountry>
      <ManufacturerItemDescription>דאודורנט קרמה ספרי דבש 150 מ"ל</ManufacturerItemDescription>
      <UnitQty>מיליליטרים</UnitQty>
      <Quantity>150.00</Quantity>
      <UnitOfMeasure>100 מ"ל</UnitOfMeasure>
      <bIsWeighted>0</bIsWeighted>
      <QtyInPackage>1</QtyInPackage>
      <ItemPrice>9.90</ItemPrice>
      <UnitOfMeasurePrice>6.6000</UnitOfMeasurePrice>
      <AllowDiscount>1</AllowDiscount>
      <ItemStatus>1</ItemStatus>
      <ItemId>250330</ItemId>
    </Item>
    <Item>
      <PriceUpdateDate>2016-02-10 13:55:00</PriceUpdateDate>
      <ItemCode>7290013848994</ItemCode>
      <ItemType>0</ItemType>
      <ItemName>דאודורנט קרמה ספרי א</ItemName>
      <ManufacturerName>אמיליה קוסמטיקס</ManufacturerName>
      <ManufactureCountry>לא ידוע</ManufactureCountry>
      <ManufacturerItemDescription>דאודורנט קרמה ספרי אורכידאה 150 מ"ל</ManufacturerItemDescription>
      <UnitQty>מיליליטרים</UnitQty>
      <Quantity>150.00</Quantity>
      <UnitOfMeasure>100 מ"ל</UnitOfMeasure>
      <bIsWeighted>0</bIsWeighted>
      <QtyInPackage>1</QtyInPackage>
      <ItemPrice>9.90</ItemPrice>
      <UnitOfMeasurePrice>6.6000</UnitOfMeasurePrice>
      <AllowDiscount>1</AllowDiscount>
      <ItemStatus>1</ItemStatus>
      <ItemId>250331</ItemId>
    </Item>
    <Item>
      <PriceUpdateDate>2015-01-01 00:00:00</PriceUpdateDate>
      <ItemCode>835811006428</ItemCode>
      <ItemType>0</ItemType>
      <ItemName>קפה טורקי בואקום 1 ק</ItemName>
      <ManufacturerName>,</ManufacturerName>
      <ManufactureCountry>לא ידוע</ManufactureCountry>
      <ManufacturerItemDescription>קפה טורקי בואקום 1 ק"ג</ManufacturerItemDescription>
      <UnitQty>קילוגרמים</UnitQty>
      <Quantity>1.00</Quantity>
      <UnitOfMeasure>ק"ג     </UnitOfMeasure>
      <bIsWeighted>0</bIsWeighted>
      <QtyInPackage>1</QtyInPackage>
      <ItemPrice>29.90</ItemPrice>
      <UnitOfMeasurePrice>29.9000</UnitOfMeasurePrice>
      <AllowDiscount>1</AllowDiscount>
      <ItemStatus>1</ItemStatus>
      <ItemId>250446</ItemId>
    </Item>
    <Item>
      <PriceUpdateDate>2015-01-01 00:00:00</PriceUpdateDate>
      <ItemCode>710069812048</ItemCode>
      <ItemType>0</ItemType>
      <ItemName>רוטב פיצה אורגנו 737</ItemName>
      <ManufacturerName>,</ManufacturerName>
      <ManufactureCountry>לא ידוע</ManufactureCountry>
      <ManufacturerItemDescription>רוטב פיצה אורגנו 737 גרם</ManufacturerItemDescription>
      <UnitQty>גרמים</UnitQty>
      <Quantity>737.00</Quantity>
      <UnitOfMeasure>100 גרם</UnitOfMeasure>
      <bIsWeighted>0</bIsWeighted>
      <QtyInPackage>1</QtyInPackage>
      <ItemPrice>13.90</ItemPrice>
      <UnitOfMeasurePrice>1.8860</UnitOfMeasurePrice>
      <AllowDiscount>1</AllowDiscount>
      <ItemStatus>1</ItemStatus>
      <ItemId>250345</ItemId>
    </Item>
    <Item>
      <PriceUpdateDate>2015-01-01 00:00:00</PriceUpdateDate>
      <ItemCode>7290014397200</ItemCode>
      <ItemType>0</ItemType>
      <ItemName>מארז מברשות שיניים א</ItemName>
      <ManufacturerName>z h plastic</ManufacturerName>
      <ManufactureCountry>לא ידוע</ManufactureCountry>
      <ManufacturerItemDescription>מארז מברשות שיניים אורביטול</ManufacturerItemDescription>
      <UnitQty>Unknown </UnitQty>
      <Quantity>0.00</Quantity>
      <UnitOfMeasure>Unknown </UnitOfMeasure>
      <bIsWeighted>0</bIsWeighted>
      <QtyInPackage>1</QtyInPackage>
      <ItemPrice>7.90</ItemPrice>
      <UnitOfMeasurePrice>0.0000</UnitOfMeasurePrice>
      <AllowDiscount>1</AllowDiscount>
      <ItemStatus>1</ItemStatus>
      <ItemId>250346</ItemId>
    </Item>
    <Item>
      <PriceUpdateDate>2015-01-01 00:00:00</PriceUpdateDate>
      <ItemCode>5756191</ItemCode>
      <ItemType>0</ItemType>
      <ItemName>גרונות עוף קפוא לנדא</ItemName>
      <ManufacturerName>מ ב גלאט עוף למהדרין</ManufacturerName>
      <ManufactureCountry>ישראל</ManufactureCountry>
      <ManufacturerItemDescription>גרונות עוף קפוא לנדא</ManufacturerItemDescription>
      <UnitQty>קילוגרמים</UnitQty>
      <Quantity>1.00</Quantity>
      <UnitOfMeasure>ק"ג</UnitOfMeasure>
      <bIsWeighted>1</bIsWeighted>
      <QtyInPackage>1</QtyInPackage>
      <ItemPrice>6.90</ItemPrice>
      <UnitOfMeasurePrice>6.9000</UnitOfMeasurePrice>
      <AllowDiscount>1</AllowDiscount>
      <ItemStatus>1</ItemStatus>
      <ItemId>250361</ItemId>
    </Item>
    <Item>
      <PriceUpdateDate>2015-01-01 00:00:00</PriceUpdateDate>
      <ItemCode>7290013261038</ItemCode>
      <ItemType>0</ItemType>
      <ItemName>גבינת קממבר 250 גרם</ItemName>
      <ManufacturerName>פרומגרי גילו</ManufacturerName>
      <ManufactureCountry>לא ידוע</ManufactureCountry>
      <ManufacturerItemDescription>גבינת קממבר 250 גרם</ManufacturerItemDescription>
      <UnitQty>גרמים</UnitQty>
      <Quantity>250.00</Quantity>
      <UnitOfMeasure>100 גרם</UnitOfMeasure>
      <bIsWeighted>0</bIsWeighted>
      <QtyInPackage>1</QtyInPackage>
      <ItemPrice>30.90</ItemPrice>
      <UnitOfMeasurePrice>12.3600</UnitOfMeasurePrice>
      <AllowDiscount>1</AllowDiscount>
      <ItemStatus>1</ItemStatus>
      <ItemId>250363</ItemId>
    </Item>
    <Item>
      <PriceUpdateDate>2015-01-01 00:00:00</PriceUpdateDate>
      <ItemCode>3267031070670</ItemCode>
      <ItemType>0</ItemType>
      <ItemName>גבינת קממבר פן נורמנ</ItemName>
      <ManufacturerName>פרומגרי גילו</ManufacturerName>
      <ManufactureCountry>לא ידוע</ManufactureCountry>
      <ManufacturerItemDescription>גבינת קממבר פן נורמנד 250 גרם</ManufacturerItemDescription>
      <UnitQty>גרמים</UnitQty>
      <Quantity>250.00</Quantity>
      <UnitOfMeasure>100 גרם</UnitOfMeasure>
      <bIsWeighted>0</bIsWeighted>
      <QtyInPackage>1</QtyInPackage>
      <ItemPrice>30.90</ItemPrice>
      <UnitOfMeasurePrice>12.3600</UnitOfMeasurePrice>
      <AllowDiscount>1</AllowDiscount>
      <ItemStatus>1</ItemStatus>
      <ItemId>250364</ItemId>
    </Item>
    <Item>
      <PriceUpdateDate>2015-01-01 00:00:00</PriceUpdateDate>
      <ItemCode>3267031070663</ItemCode>
      <ItemType>0</ItemType>
      <ItemName>גבינת קממבר גרנד תרו</ItemName>
      <ManufacturerName>פרומגרי גילו</ManufacturerName>
      <ManufactureCountry>לא ידוע</ManufactureCountry>
      <ManufacturerItemDescription>גבינת קממבר גרנד תרואר 250 גרם</ManufacturerItemDescription>
      <UnitQty>גרמים</UnitQty>
      <Quantity>250.00</Quantity>
      <UnitOfMeasure>100 גרם</UnitOfMeasure>
      <bIsWeighted>0</bIsWeighted>
      <QtyInPackage>1</QtyInPackage>
      <ItemPrice>30.90</ItemPrice>
      <UnitOfMeasurePrice>12.3600</UnitOfMeasurePrice>
      <AllowDiscount>1</AllowDiscount>
      <ItemStatus>1</ItemStatus>
      <ItemId>250365</ItemId>
    </Item>
    <Item>
      <PriceUpdateDate>2015-01-01 00:00:00</PriceUpdateDate>
      <ItemCode>7290013261045</ItemCode>
      <ItemType>0</ItemType>
      <ItemName>גבינת עיזים 180 גרם</ItemName>
      <ManufacturerName>קוופרטיב ליאטיאר דה</ManufacturerName>
      <ManufactureCountry>לא ידוע</ManufactureCountry>
      <ManufacturerItemDescription>גבינת עיזים 180 גרם</ManufacturerItemDescription>
      <UnitQty>גרמים</UnitQty>
      <Quantity>250.00</Quantity>
      <UnitOfMeasure>100 גרם</UnitOfMeasure>
      <bIsWeighted>0</bIsWeighted>
      <QtyInPackage>1</QtyInPackage>
      <ItemPrice>27.90</ItemPrice>
      <UnitOfMeasurePrice>11.1600</UnitOfMeasurePrice>
      <AllowDiscount>1</AllowDiscount>
      <ItemStatus>1</ItemStatus>
      <ItemId>250367</ItemId>
    </Item>
    <Item>
      <PriceUpdateDate>2015-01-01 00:00:00</PriceUpdateDate>
      <ItemCode>710069812123</ItemCode>
      <ItemType>0</ItemType>
      <ItemName>רוטב ברווז חמוץ מתוק</ItemName>
      <ManufacturerName>,</ManufacturerName>
      <ManufactureCountry>לא ידוע</ManufactureCountry>
      <ManufacturerItemDescription>רוטב ברווז חמוץ מתוק 1.12 ליטר</ManufacturerItemDescription>
      <UnitQty>ליטרים</UnitQty>
      <Quantity>1.12</Quantity>
      <UnitOfMeasure>ליטר    </UnitOfMeasure>
      <bIsWeighted>0</bIsWeighted>
      <QtyInPackage>1</QtyInPackage>
      <ItemPrice>18.90</ItemPrice>
      <UnitOfMeasurePrice>16.8750</UnitOfMeasurePrice>
      <AllowDiscount>1</AllowDiscount>
      <ItemStatus>1</ItemStatus>
      <ItemId>250379</ItemId>
    </Item>
    <Item>
      <PriceUpdateDate>2015-01-01 00:00:00</PriceUpdateDate>
      <ItemCode>7290014397958</ItemCode>
      <ItemType>0</ItemType>
      <ItemName>סנו די רולאון דוחה י</ItemName>
      <ManufacturerName>קוסמופארם</ManufacturerName>
      <ManufactureCountry>לא ידוע</ManufactureCountry>
      <ManufacturerItemDescription>סנו די רולאון דוחה יתושים טבעי 50 מ"ל</ManufacturerItemDescription>
      <UnitQty>מיליליטרים</UnitQty>
      <Quantity>50.00</Quantity>
      <UnitOfMeasure>100 מ"ל</UnitOfMeasure>
      <bIsWeighted>0</bIsWeighted>
      <QtyInPackage>1</QtyInPackage>
      <ItemPrice>23.90</ItemPrice>
      <UnitOfMeasurePrice>47.8000</UnitOfMeasurePrice>
      <AllowDiscount>1</AllowDiscount>
      <ItemStatus>1</ItemStatus>
      <ItemId>250389</ItemId>
    </Item>
    <Item>
      <PriceUpdateDate>2015-06-30 11:58:11</PriceUpdateDate>
      <ItemCode>7290015057516</ItemCode>
      <ItemType>0</ItemType>
      <ItemName>עוגיות סנדוויץ שוקו</ItemName>
      <ManufacturerName>,</ManufacturerName>
      <ManufactureCountry>לא ידוע</ManufactureCountry>
      <ManufacturerItemDescription>עוגיות סנדוויץ שוקו 240 גרם</ManufacturerItemDescription>
      <UnitQty>גרמים</UnitQty>
      <Quantity>240.00</Quantity>
      <UnitOfMeasure>100 גרם</UnitOfMeasure>
      <bIsWeighted>0</bIsWeighted>
      <QtyInPackage>1</QtyInPackage>
      <ItemPrice>4.90</ItemPrice>
      <UnitOfMeasurePrice>2.0417</UnitOfMeasurePrice>
      <AllowDiscount>1</AllowDiscount>
      <ItemStatus>1</ItemStatus>
      <ItemId>250391</ItemId>
    </Item>
    <Item>
      <PriceUpdateDate>2015-01-01 00:00:00</PriceUpdateDate>
      <ItemCode>2206651</ItemCode>
      <ItemType>0</ItemType>
      <ItemName>צלי בקר צרכני מקומי</ItemName>
      <ManufacturerName>,</ManufacturerName>
      <ManufactureCountry>לא ידוע</ManufactureCountry>
      <ManufacturerItemDescription>צלי בקר צרכני מקומי קהילות</ManufacturerItemDescription>
      <UnitQty>קילוגרמים</UnitQty>
      <Quantity>1.00</Quantity>
      <UnitOfMeasure>ק"ג</UnitOfMeasure>
      <bIsWeighted>1</bIsWeighted>
      <QtyInPackage>לא ידוע</QtyInPackage>
      <ItemPrice>99.90</ItemPrice>
      <UnitOfMeasurePrice>99.9000</UnitOfMeasurePrice>
      <AllowDiscount>1</AllowDiscount>
      <ItemStatus>1</ItemStatus>
      <ItemId>251863</ItemId>
    </Item>
    <Item>
      <PriceUpdateDate>2015-06-30 11:58:11</PriceUpdateDate>
      <ItemCode>7290015057523</ItemCode>
      <ItemType>0</ItemType>
      <ItemName>עוגיות סנדוויץ וניל</ItemName>
      <ManufacturerName>,</ManufacturerName>
      <ManufactureCountry>לא ידוע</ManufactureCountry>
      <ManufacturerItemDescription>עוגיות סנדוויץ וניל 240 גרם</ManufacturerItemDescription>
      <UnitQty>גרמים</UnitQty>
      <Quantity>240.00</Quantity>
      <UnitOfMeasure>100 גרם</UnitOfMeasure>
      <bIsWeighted>0</bIsWeighted>
      <QtyInPackage>1</QtyInPackage>
      <ItemPrice>4.90</ItemPrice>
      <UnitOfMeasurePrice>2.0417</UnitOfMeasurePrice>
      <AllowDiscount>1</AllowDiscount>
      <ItemStatus>1</ItemStatus>
      <ItemId>250392</ItemId>
    </Item>
    <Item>
      <PriceUpdateDate>2016-02-10 13:55:00</PriceUpdateDate>
      <ItemCode>7290013848895</ItemCode>
      <ItemType>0</ItemType>
      <ItemName>דאודורנט קרמה רול או</ItemName>
      <ManufacturerName>אמיליה קוסמטיקס</ManufacturerName>
      <ManufactureCountry>לא ידוע</ManufactureCountry>
      <ManufacturerItemDescription>דאודורנט קרמה רול און מאסק 75 מ"ל</ManufacturerItemDescription>
      <UnitQty>מיליליטרים</UnitQty>
      <Quantity>75.00</Quantity>
      <UnitOfMeasure>100 מ"ל</UnitOfMeasure>
      <bIsWeighted>0</bIsWeighted>
      <QtyInPackage>1</QtyInPackage>
      <ItemPrice>9.90</ItemPrice>
      <UnitOfMeasurePrice>13.2000</UnitOfMeasurePrice>
      <AllowDiscount>1</AllowDiscount>
      <ItemStatus>1</ItemStatus>
      <ItemId>250384</ItemId>
    </Item>
    <Item>
      <PriceUpdateDate>2016-02-10 13:55:00</PriceUpdateDate>
      <ItemCode>7290013848888</ItemCode>
      <ItemType>0</ItemType>
      <ItemName>דאודורנט קרמה רול או</ItemName>
      <ManufacturerName>אמיליה קוסמטיקס</ManufacturerName>
      <ManufactureCountry>לא ידוע</ManufactureCountry>
      <ManufacturerItemDescription>דאודורנט קרמה רול און קלאסי 75 מ"ל</ManufacturerItemDescription>
      <UnitQty>מיליליטרים</UnitQty>
      <Quantity>75.00</Quantity>
      <UnitOfMeasure>100 מ"ל</UnitOfMeasure>
      <bIsWeighted>0</bIsWeighted>
      <QtyInPackage>1</QtyInPackage>
      <ItemPrice>9.90</ItemPrice>
      <UnitOfMeasurePrice>13.2000</UnitOfMeasurePrice>
      <AllowDiscount>1</AllowDiscount>
      <ItemStatus>1</ItemStatus>
      <ItemId>250385</ItemId>
    </Item>
    <Item>
      <PriceUpdateDate>2016-02-10 13:55:00</PriceUpdateDate>
      <ItemCode>7290013848918</ItemCode>
      <ItemType>0</ItemType>
      <ItemName>דאודורנט קרמה רול או</ItemName>
      <ManufacturerName>אמיליה קוסמטיקס</ManufacturerName>
      <ManufactureCountry>לא ידוע</ManufactureCountry>
      <ManufacturerItemDescription>דאודורנט קרמה רול און דבש 75 מ"ל</ManufacturerItemDescription>
      <UnitQty>מיליליטרים</UnitQty>
      <Quantity>75.00</Quantity>
      <UnitOfMeasure>100 מ"ל</UnitOfMeasure>
      <bIsWeighted>0</bIsWeighted>
      <QtyInPackage>1</QtyInPackage>
      <ItemPrice>9.90</ItemPrice>
      <UnitOfMeasurePrice>13.2000</UnitOfMeasurePrice>
      <AllowDiscount>1</AllowDiscount>
      <ItemStatus>1</ItemStatus>
      <ItemId>250386</ItemId>
    </Item>
    <Item>
      <PriceUpdateDate>2016-02-10 13:55:01</PriceUpdateDate>
      <ItemCode>7290013848901</ItemCode>
      <ItemType>0</ItemType>
      <ItemName>דאודורנט קרמה רול או</ItemName>
      <ManufacturerName>אמיליה קוסמטיקס</ManufacturerName>
      <ManufactureCountry>לא ידוע</ManufactureCountry>
      <ManufacturerItemDescription>דאודורנט קרמה רול און אורכידאה  75 מ"ל</ManufacturerItemDescription>
      <UnitQty>מיליליטרים</UnitQty>
      <Quantity>75.00</Quantity>
      <UnitOfMeasure>100 מ"ל</UnitOfMeasure>
      <bIsWeighted>0</bIsWeighted>
      <QtyInPackage>1</QtyInPackage>
      <ItemPrice>9.90</ItemPrice>
      <UnitOfMeasurePrice>13.2000</UnitOfMeasurePrice>
      <AllowDiscount>1</AllowDiscount>
      <ItemStatus>1</ItemStatus>
      <ItemId>250387</ItemId>
    </Item>
    <Item>
      <PriceUpdateDate>2015-06-30 11:58:11</PriceUpdateDate>
      <ItemCode>7290015057530</ItemCode>
      <ItemType>0</ItemType>
      <ItemName>עוגיות סנדוויץ תות 2</ItemName>
      <ManufacturerName>,</ManufacturerName>
      <ManufactureCountry>לא ידוע</ManufactureCountry>
      <ManufacturerItemDescription>עוגיות סנדוויץ תות 240 גרם</ManufacturerItemDescription>
      <UnitQty>גרמים</UnitQty>
      <Quantity>240.00</Quantity>
      <UnitOfMeasure>100 גרם</UnitOfMeasure>
      <bIsWeighted>0</bIsWeighted>
      <QtyInPackage>1</QtyInPackage>
      <ItemPrice>4.90</ItemPrice>
      <UnitOfMeasurePrice>2.0417</UnitOfMeasurePrice>
      <AllowDiscount>1</AllowDiscount>
      <ItemStatus>1</ItemStatus>
      <ItemId>250393</ItemId>
    </Item>
    <Item>
      <PriceUpdateDate>2016-02-10 13:55:01</PriceUpdateDate>
      <ItemCode>7290013848932</ItemCode>
      <ItemType>0</ItemType>
      <ItemName>דאודורנט קרמה סטיק מ</ItemName>
      <ManufacturerName>אמיליה קוסמטיקס</ManufacturerName>
      <ManufactureCountry>לא ידוע</ManufactureCountry>
      <ManufacturerItemDescription>דאודורנט קרמה סטיק מאסק 75 מ"ל</ManufacturerItemDescription>
      <UnitQty>מיליליטרים</UnitQty>
      <Quantity>75.00</Quantity>
      <UnitOfMeasure>100 מ"ל</UnitOfMeasure>
      <bIsWeighted>0</bIsWeighted>
      <QtyInPackage>1</QtyInPackage>
      <ItemPrice>9.90</ItemPrice>
      <UnitOfMeasurePrice>13.2000</UnitOfMeasurePrice>
      <AllowDiscount>1</AllowDiscount>
      <ItemStatus>1</ItemStatus>
      <ItemId>250417</ItemId>
    </Item>
    <Item>
      <PriceUpdateDate>2016-02-10 13:55:01</PriceUpdateDate>
      <ItemCode>7290013848925</ItemCode>
      <ItemType>0</ItemType>
      <ItemName>דאודורנט קרמה סטיק ק</ItemName>
      <ManufacturerName>אמיליה קוסמטיקס</ManufacturerName>
      <ManufactureCountry>לא ידוע</ManufactureCountry>
      <ManufacturerItemDescription>דאודורנט קרמה סטיק קלאסי 75 מ"ל</ManufacturerItemDescription>
      <UnitQty>מיליליטרים</UnitQty>
      <Quantity>75.00</Quantity>
      <UnitOfMeasure>100 מ"ל</UnitOfMeasure>
      <bIsWeighted>0</bIsWeighted>
      <QtyInPackage>1</QtyInPackage>
      <ItemPrice>9.90</ItemPrice>
      <UnitOfMeasurePrice>13.2000</UnitOfMeasurePrice>
      <AllowDiscount>1</AllowDiscount>
      <ItemStatus>1</ItemStatus>
      <ItemId>250418</ItemId>
    </Item>
    <Item>
      <PriceUpdateDate>2015-01-01 00:00:00</PriceUpdateDate>
      <ItemCode>96619512591</ItemCode>
      <ItemType>0</ItemType>
      <ItemName>נייר מגבת קירקלנד</ItemName>
      <ManufacturerName>,</ManufacturerName>
      <ManufactureCountry>לא ידוע</ManufactureCountry>
      <ManufacturerItemDescription>נייר מגבת קירקלנד 12 גלילים</ManufacturerItemDescription>
      <UnitQty>לא מנהל יחידת מידה</UnitQty>
      <Quantity>0.00</Quantity>
      <UnitOfMeasure>לא מנהל יחידת מידה</UnitOfMeasure>
      <bIsWeighted>0</bIsWeighted>
      <QtyInPackage>1</QtyInPackage>
      <ItemPrice>99.90</ItemPrice>
      <UnitOfMeasurePrice>0.0000</UnitOfMeasurePrice>
      <AllowDiscount>1</AllowDiscount>
      <ItemStatus>1</ItemStatus>
      <ItemId>250436</ItemId>
    </Item>
    <Item>
      <PriceUpdateDate>2015-01-01 00:00:00</PriceUpdateDate>
      <ItemCode>7290055090986</ItemCode>
      <ItemType>0</ItemType>
      <ItemName>איגלו 60 יח</ItemName>
      <ManufacturerName>,</ManufacturerName>
      <ManufactureCountry>לא ידוע</ManufactureCountry>
      <ManufacturerItemDescription>איגלו 60 יח</ManufacturerItemDescription>
      <UnitQty>ליטרים</UnitQty>
      <Quantity>2.24</Quantity>
      <UnitOfMeasure>ליטר    </UnitOfMeasure>
      <bIsWeighted>0</bIsWeighted>
      <QtyInPackage>1</QtyInPackage>
      <ItemPrice>7.90</ItemPrice>
      <UnitOfMeasurePrice>3.5268</UnitOfMeasurePrice>
      <AllowDiscount>1</AllowDiscount>
      <ItemStatus>1</ItemStatus>
      <ItemId>250448</ItemId>
    </Item>
    <Item>
      <PriceUpdateDate>2015-01-01 00:00:00</PriceUpdateDate>
      <ItemCode>7290015139052</ItemCode>
      <ItemType>0</ItemType>
      <ItemName>מרשמלו טוויסטר 500 ג</ItemName>
      <ManufacturerName>,</ManufacturerName>
      <ManufactureCountry>לא ידוע</ManufactureCountry>
      <ManufacturerItemDescription>מרשמלו טוויסטר 500 גרם</ManufacturerItemDescription>
      <UnitQty>גרמים</UnitQty>
      <Quantity>500.00</Quantity>
      <UnitOfMeasure>100 גרם</UnitOfMeasure>
      <bIsWeighted>0</bIsWeighted>
      <QtyInPackage>1</QtyInPackage>
      <ItemPrice>13.90</ItemPrice>
      <UnitOfMeasurePrice>2.7800</UnitOfMeasurePrice>
      <AllowDiscount>1</AllowDiscount>
      <ItemStatus>1</ItemStatus>
      <ItemId>250452</ItemId>
    </Item>
    <Item>
      <PriceUpdateDate>2015-01-01 00:00:00</PriceUpdateDate>
      <ItemCode>6739131</ItemCode>
      <ItemType>0</ItemType>
      <ItemName>בצק פילו 500 גרם</ItemName>
      <ManufacturerName>,</ManufacturerName>
      <ManufactureCountry>לא ידוע</ManufactureCountry>
      <ManufacturerItemDescription>בצק פילו 500 גרם</ManufacturerItemDescription>
      <UnitQty>גרמים</UnitQty>
      <Quantity>500.00</Quantity>
      <UnitOfMeasure>100 גרם</UnitOfMeasure>
      <bIsWeighted>0</bIsWeighted>
      <QtyInPackage>1</QtyInPackage>
      <ItemPrice>16.90</ItemPrice>
      <UnitOfMeasurePrice>3.3800</UnitOfMeasurePrice>
      <AllowDiscount>1</AllowDiscount>
      <ItemStatus>1</ItemStatus>
      <ItemId>250490</ItemId>
    </Item>
    <Item>
      <PriceUpdateDate>2015-01-01 00:00:00</PriceUpdateDate>
      <ItemCode>6739186</ItemCode>
      <ItemType>0</ItemType>
      <ItemName>שניצל תירס 2 ק"ג קלא</ItemName>
      <ManufacturerName>,</ManufacturerName>
      <ManufactureCountry>לא ידוע</ManufactureCountry>
      <ManufacturerItemDescription>שניצל תירס 2 ק"ג קלאסי</ManufacturerItemDescription>
      <UnitQty>קילוגרמים</UnitQty>
      <Quantity>2.00</Quantity>
      <UnitOfMeasure>ק"ג     </UnitOfMeasure>
      <bIsWeighted>0</bIsWeighted>
      <QtyInPackage>1</QtyInPackage>
      <ItemPrice>39.90</ItemPrice>
      <UnitOfMeasurePrice>19.9500</UnitOfMeasurePrice>
      <AllowDiscount>1</AllowDiscount>
      <ItemStatus>1</ItemStatus>
      <ItemId>250491</ItemId>
    </Item>
    <Item>
      <PriceUpdateDate>2015-01-01 00:00:00</PriceUpdateDate>
      <ItemCode>6739735</ItemCode>
      <ItemType>0</ItemType>
      <ItemName>נקניקיות מן הצומח 2</ItemName>
      <ManufacturerName>זוגלובק</ManufacturerName>
      <ManufactureCountry>לא ידוע</ManufactureCountry>
      <ManufacturerItemDescription>נקניקיות מן הצומח 2 ק"ג</ManufacturerItemDescription>
      <UnitQty>קילוגרמים</UnitQty>
      <Quantity>2.00</Quantity>
      <UnitOfMeasure>ק"ג     </UnitOfMeasure>
      <bIsWeighted>0</bIsWeighted>
      <QtyInPackage>1</QtyInPackage>
      <ItemPrice>39.90</ItemPrice>
      <UnitOfMeasurePrice>19.9500</UnitOfMeasurePrice>
      <AllowDiscount>1</AllowDiscount>
      <ItemStatus>1</ItemStatus>
      <ItemId>250492</ItemId>
    </Item>
    <Item>
      <PriceUpdateDate>2015-06-14 14:04:10</PriceUpdateDate>
      <ItemCode>838948008082</ItemCode>
      <ItemType>0</ItemType>
      <ItemName>צנימים עגולים 300 גר</ItemName>
      <ManufacturerName>,</ManufacturerName>
      <ManufactureCountry>לא ידוע</ManufactureCountry>
      <ManufacturerItemDescription>טוסטי עגול אורגינל 300 גרם</ManufacturerItemDescription>
      <UnitQty>גרמים</UnitQty>
      <Quantity>300.00</Quantity>
      <UnitOfMeasure>100 גרם</UnitOfMeasure>
      <bIsWeighted>0</bIsWeighted>
      <QtyInPackage>1</QtyInPackage>
      <ItemPrice>11.90</ItemPrice>
      <UnitOfMeasurePrice>3.9667</UnitOfMeasurePrice>
      <AllowDiscount>1</AllowDiscount>
      <ItemStatus>1</ItemStatus>
      <ItemId>259849</ItemId>
    </Item>
    <Item>
      <PriceUpdateDate>2016-08-15 11:00:34</PriceUpdateDate>
      <ItemCode>7290108750218</ItemCode>
      <ItemType>1</ItemType>
      <ItemName>טחינה 400 גרם</ItemName>
      <ManufacturerName>,</ManufacturerName>
      <ManufactureCountry>לא ידוע</ManufactureCountry>
      <ManufacturerItemDescription>טחינה 400 גרם</ManufacturerItemDescription>
      <UnitQty>גרמים</UnitQty>
      <Quantity>400.00</Quantity>
      <UnitOfMeasure>100 גרם</UnitOfMeasure>
      <bIsWeighted>0</bIsWeighted>
      <QtyInPackage>1</QtyInPackage>
      <ItemPrice>9.90</ItemPrice>
      <UnitOfMeasurePrice>2.4750</UnitOfMeasurePrice>
      <AllowDiscount>1</AllowDiscount>
      <ItemStatus>1</ItemStatus>
      <ItemId>269487</ItemId>
    </Item>
    <Item>
      <PriceUpdateDate>2015-01-01 00:00:00</PriceUpdateDate>
      <ItemCode>7290014562455</ItemCode>
      <ItemType>0</ItemType>
      <ItemName>גרנולה עם חמוציות 90</ItemName>
      <ManufacturerName>בטר אנד דיפרנט</ManufacturerName>
      <ManufactureCountry>לא ידוע</ManufactureCountry>
      <ManufacturerItemDescription>גרנולה עם חמוציות 900 גרם</ManufacturerItemDescription>
      <UnitQty>קילוגרמים</UnitQty>
      <Quantity>0.90</Quantity>
      <UnitOfMeasure>ק"ג     </UnitOfMeasure>
      <bIsWeighted>0</bIsWeighted>
      <QtyInPackage>1</QtyInPackage>
      <ItemPrice>24.90</ItemPrice>
      <UnitOfMeasurePrice>27.6667</UnitOfMeasurePrice>
      <AllowDiscount>1</AllowDiscount>
      <ItemStatus>1</ItemStatus>
      <ItemId>250500</ItemId>
    </Item>
    <Item>
      <PriceUpdateDate>2015-01-01 00:00:00</PriceUpdateDate>
      <ItemCode>7290014562448</ItemCode>
      <ItemType>0</ItemType>
      <ItemName>גרנולה עם תפוח וקנמו</ItemName>
      <ManufacturerName>בטר אנד דיפרנט</ManufacturerName>
      <ManufactureCountry>לא ידוע</ManufactureCountry>
      <ManufacturerItemDescription>גרנולה עם תפוח וקנמון 900 גרם</ManufacturerItemDescription>
      <UnitQty>קילוגרמים</UnitQty>
      <Quantity>0.90</Quantity>
      <UnitOfMeasure>ק"ג     </UnitOfMeasure>
      <bIsWeighted>0</bIsWeighted>
      <QtyInPackage>1</QtyInPackage>
      <ItemPrice>24.90</ItemPrice>
      <UnitOfMeasurePrice>27.6667</UnitOfMeasurePrice>
      <AllowDiscount>1</AllowDiscount>
      <ItemStatus>1</ItemStatus>
      <ItemId>250501</ItemId>
    </Item>
    <Item>
      <PriceUpdateDate>2015-01-01 00:00:00</PriceUpdateDate>
      <ItemCode>7290014562431</ItemCode>
      <ItemType>0</ItemType>
      <ItemName>גרנולה עם שקדים 900</ItemName>
      <ManufacturerName>בטר אנד דיפרנט</ManufacturerName>
      <ManufactureCountry>לא ידוע</ManufactureCountry>
      <ManufacturerItemDescription>גרנולה עם שקדים 900 גרם</ManufacturerItemDescription>
      <UnitQty>קילוגרמים</UnitQty>
      <Quantity>0.90</Quantity>
      <UnitOfMeasure>ק"ג     </UnitOfMeasure>
      <bIsWeighted>0</bIsWeighted>
      <QtyInPackage>1</QtyInPackage>
      <ItemPrice>24.90</ItemPrice>
      <UnitOfMeasurePrice>27.6667</UnitOfMeasurePrice>
      <AllowDiscount>1</AllowDiscount>
      <ItemStatus>1</ItemStatus>
      <ItemId>250502</ItemId>
    </Item>
    <Item>
      <PriceUpdateDate>2015-01-01 00:00:00</PriceUpdateDate>
      <ItemCode>7290014562424</ItemCode>
      <ItemType>0</ItemType>
      <ItemName>גרנולה עם פתיתי חלבה</ItemName>
      <ManufacturerName>בטר אנד דיפרנט</ManufacturerName>
      <ManufactureCountry>לא ידוע</ManufactureCountry>
      <ManufacturerItemDescription>גרנולה עם פתיתי חלבה 1 ק"ג</ManufacturerItemDescription>
      <UnitQty>קילוגרמים</UnitQty>
      <Quantity>1.00</Quantity>
      <UnitOfMeasure>ק"ג     </UnitOfMeasure>
      <bIsWeighted>0</bIsWeighted>
      <QtyInPackage>1</QtyInPackage>
      <ItemPrice>24.90</ItemPrice>
      <UnitOfMeasurePrice>24.9000</UnitOfMeasurePrice>
      <AllowDiscount>1</AllowDiscount>
      <ItemStatus>1</ItemStatus>
      <ItemId>250503</ItemId>
    </Item>
    <Item>
      <PriceUpdateDate>2015-01-01 00:00:00</PriceUpdateDate>
      <ItemCode>7290014562417</ItemCode>
      <ItemType>0</ItemType>
      <ItemName>גרנולה עם צימוקים 1</ItemName>
      <ManufacturerName>בטר אנד דיפרנט</ManufacturerName>
      <ManufactureCountry>לא ידוע</ManufactureCountry>
      <ManufacturerItemDescription>גרנולה עם צימוקים 1 ק"ג</ManufacturerItemDescription>
      <UnitQty>קילוגרמים</UnitQty>
      <Quantity>1.00</Quantity>
      <UnitOfMeasure>ק"ג     </UnitOfMeasure>
      <bIsWeighted>0</bIsWeighted>
      <QtyInPackage>1</QtyInPackage>
      <ItemPrice>24.90</ItemPrice>
      <UnitOfMeasurePrice>24.9000</UnitOfMeasurePrice>
      <AllowDiscount>1</AllowDiscount>
      <ItemStatus>1</ItemStatus>
      <ItemId>250504</ItemId>
    </Item>
    <Item>
      <PriceUpdateDate>2015-01-01 00:00:00</PriceUpdateDate>
      <ItemCode>7290010883042</ItemCode>
      <ItemType>0</ItemType>
      <ItemName>סנובון נוזלי תות 750</ItemName>
      <ManufacturerName>סנו</ManufacturerName>
      <ManufactureCountry>לא ידוע</ManufactureCountry>
      <ManufacturerItemDescription>סנובון נוזלי תות 750 מ"ל</ManufacturerItemDescription>
      <UnitQty>מיליליטרים</UnitQty>
      <Quantity>750.00</Quantity>
      <UnitOfMeasure>100 מ"ל</UnitOfMeasure>
      <bIsWeighted>0</bIsWeighted>
      <QtyInPackage>1</QtyInPackage>
      <ItemPrice>7.50</ItemPrice>
      <UnitOfMeasurePrice>1.0000</UnitOfMeasurePrice>
      <AllowDiscount>1</AllowDiscount>
      <ItemStatus>1</ItemStatus>
      <ItemId>250616</ItemId>
    </Item>
    <Item>
      <PriceUpdateDate>2015-01-01 00:00:00</PriceUpdateDate>
      <ItemCode>7290013584328</ItemCode>
      <ItemType>0</ItemType>
      <ItemName>בקבוק בירה ריק חוזר</ItemName>
      <ManufacturerName>,</ManufacturerName>
      <ManufactureCountry>לא ידוע</ManufactureCountry>
      <ManufacturerItemDescription>בקבוק בירה ריק חוזר 500 חדש</ManufacturerItemDescription>
      <UnitQty>Unknown </UnitQty>
      <Quantity>0.00</Quantity>
      <UnitOfMeasure>Unknown </UnitOfMeasure>
      <bIsWeighted>0</bIsWeighted>
      <QtyInPackage>1</QtyInPackage>
      <ItemPrice>1.20</ItemPrice>
      <UnitOfMeasurePrice>0.0000</UnitOfMeasurePrice>
      <AllowDiscount>1</AllowDiscount>
      <ItemStatus>1</ItemStatus>
      <ItemId>250621</ItemId>
    </Item>
    <Item>
      <PriceUpdateDate>2015-01-01 00:00:00</PriceUpdateDate>
      <ItemCode>8410076600981</ItemCode>
      <ItemType>0</ItemType>
      <ItemName>קראנצי חטיף גרנולה ק</ItemName>
      <ManufacturerName>גנרל מילס</ManufacturerName>
      <ManufactureCountry>ספרד</ManufactureCountry>
      <ManufacturerItemDescription>קראנצי חטיף גרנולה קוקוס 5*35 גרם</ManufacturerItemDescription>
      <UnitQty>גרמים</UnitQty>
      <Quantity>210.00</Quantity>
      <UnitOfMeasure>100 גרם</UnitOfMeasure>
      <bIsWeighted>0</bIsWeighted>
      <QtyInPackage>5</QtyInPackage>
      <ItemPrice>18.90</ItemPrice>
      <UnitOfMeasurePrice>9.0000</UnitOfMeasurePrice>
      <AllowDiscount>1</AllowDiscount>
      <ItemStatus>1</ItemStatus>
      <ItemId>250622</ItemId>
    </Item>
    <Item>
      <PriceUpdateDate>2015-01-01 00:00:00</PriceUpdateDate>
      <ItemCode>7290106578821</ItemCode>
      <ItemType>0</ItemType>
      <ItemName>עוגת שמרים שוקולד קל</ItemName>
      <ManufacturerName>אסם</ManufacturerName>
      <ManufactureCountry>לא ידוע</ManufactureCountry>
      <ManufacturerItemDescription>עוגת שמרים שוקולד קלאסית 350 גרם</ManufacturerItemDescription>
      <UnitQty>גרמים</UnitQty>
      <Quantity>350.00</Quantity>
      <UnitOfMeasure>100 גרם</UnitOfMeasure>
      <bIsWeighted>0</bIsWeighted>
      <QtyInPackage>1</QtyInPackage>
      <ItemPrice>16.90</ItemPrice>
      <UnitOfMeasurePrice>4.8286</UnitOfMeasurePrice>
      <AllowDiscount>1</AllowDiscount>
      <ItemStatus>1</ItemStatus>
      <ItemId>250674</ItemId>
    </Item>
    <Item>
      <PriceUpdateDate>2015-01-01 00:00:00</PriceUpdateDate>
      <ItemCode>51772</ItemCode>
      <ItemType>0</ItemType>
      <ItemName>מעדן תנובה דיאט שוקו</ItemName>
      <ManufacturerName>תנובה מרכז שיתופי לש</ManufacturerName>
      <ManufactureCountry>לא ידוע</ManufactureCountry>
      <ManufacturerItemDescription>מעדן תנובה דיאט שוקולד קוקוס 0% 150 מ"ל</ManufacturerItemDescription>
      <UnitQty>מיליליטרים</UnitQty>
      <Quantity>150.00</Quantity>
      <UnitOfMeasure>100 מ"ל</UnitOfMeasure>
      <bIsWeighted>0</bIsWeighted>
      <QtyInPackage>1</QtyInPackage>
      <ItemPrice>3.70</ItemPrice>
      <UnitOfMeasurePrice>2.4667</UnitOfMeasurePrice>
      <AllowDiscount>1</AllowDiscount>
      <ItemStatus>1</ItemStatus>
      <ItemId>250694</ItemId>
    </Item>
    <Item>
      <PriceUpdateDate>2015-01-01 00:00:00</PriceUpdateDate>
      <ItemCode>4068332</ItemCode>
      <ItemType>0</ItemType>
      <ItemName>גבינת קממבר בקר משול</ItemName>
      <ManufacturerName>,</ManufacturerName>
      <ManufactureCountry>לא ידוע</ManufactureCountry>
      <ManufacturerItemDescription>גבינת קממבר בקר משולשים במשקל</ManufacturerItemDescription>
      <UnitQty>קילוגרמים</UnitQty>
      <Quantity>1.00</Quantity>
      <UnitOfMeasure>ק"ג</UnitOfMeasure>
      <bIsWeighted>1</bIsWeighted>
      <QtyInPackage>לא ידוע</QtyInPackage>
      <ItemPrice>99.00</ItemPrice>
      <UnitOfMeasurePrice>99.0000</UnitOfMeasurePrice>
      <AllowDiscount>1</AllowDiscount>
      <ItemStatus>1</ItemStatus>
      <ItemId>250703</ItemId>
    </Item>
    <Item>
      <PriceUpdateDate>2015-01-01 00:00:00</PriceUpdateDate>
      <ItemCode>571812</ItemCode>
      <ItemType>0</ItemType>
      <ItemName>גבינת פרמזן מגורד</ItemName>
      <ManufacturerName>תנובה מרכז שיתופי לש</ManufacturerName>
      <ManufactureCountry>לא ידוע</ManufactureCountry>
      <ManufacturerItemDescription>גבינת פרמזן מגורד 200 גרם</ManufacturerItemDescription>
      <UnitQty>גרמים</UnitQty>
      <Quantity>200.00</Quantity>
      <UnitOfMeasure>100 גרם</UnitOfMeasure>
      <bIsWeighted>0</bIsWeighted>
      <QtyInPackage>1</QtyInPackage>
      <ItemPrice>19.90</ItemPrice>
      <UnitOfMeasurePrice>9.9500</UnitOfMeasurePrice>
      <AllowDiscount>1</AllowDiscount>
      <ItemStatus>1</ItemStatus>
      <ItemId>250730</ItemId>
    </Item>
    <Item>
      <PriceUpdateDate>2015-01-01 00:00:00</PriceUpdateDate>
      <ItemCode>3231508</ItemCode>
      <ItemType>0</ItemType>
      <ItemName>שמפו פינוק קרטין 700</ItemName>
      <ManufacturerName>יוניליוור</ManufacturerName>
      <ManufactureCountry>ישראל</ManufactureCountry>
      <ManufacturerItemDescription>שמפו פינוק קרטין 700 מל</ManufacturerItemDescription>
      <UnitQty>מיליליטרים</UnitQty>
      <Quantity>700.00</Quantity>
      <UnitOfMeasure>100 מ"ל</UnitOfMeasure>
      <bIsWeighted>0</bIsWeighted>
      <QtyInPackage>1</QtyInPackage>
      <ItemPrice>8.30</ItemPrice>
      <UnitOfMeasurePrice>1.1857</UnitOfMeasurePrice>
      <AllowDiscount>1</AllowDiscount>
      <ItemStatus>1</ItemStatus>
      <ItemId>250746</ItemId>
    </Item>
    <Item>
      <PriceUpdateDate>2015-01-01 00:00:00</PriceUpdateDate>
      <ItemCode>7290102395521</ItemCode>
      <ItemType>0</ItemType>
      <ItemName>שמנת לבישול 15% 500</ItemName>
      <ManufacturerName>טרה</ManufacturerName>
      <ManufactureCountry>לא ידוע</ManufactureCountry>
      <ManufacturerItemDescription>שמנת לבישול 15% 500 מ"ל</ManufacturerItemDescription>
      <UnitQty>מיליליטרים</UnitQty>
      <Quantity>500.00</Quantity>
      <UnitOfMeasure>100 מ"ל</UnitOfMeasure>
      <bIsWeighted>0</bIsWeighted>
      <QtyInPackage>1</QtyInPackage>
      <ItemPrice>15.90</ItemPrice>
      <UnitOfMeasurePrice>3.1800</UnitOfMeasurePrice>
      <AllowDiscount>1</AllowDiscount>
      <ItemStatus>1</ItemStatus>
      <ItemId>250757</ItemId>
    </Item>
    <Item>
      <PriceUpdateDate>2015-01-01 00:00:00</PriceUpdateDate>
      <ItemCode>5904941752002</ItemCode>
      <ItemType>0</ItemType>
      <ItemName>בלו דיי בבלי בודד</ItemName>
      <ManufacturerName>,</ManufacturerName>
      <ManufactureCountry>לא ידוע</ManufactureCountry>
      <ManufacturerItemDescription>בלו דיי בבלי בודד</ManufacturerItemDescription>
      <UnitQty>Unknown </UnitQty>
      <Quantity>0.00</Quantity>
      <UnitOfMeasure>Unknown </UnitOfMeasure>
      <bIsWeighted>0</bIsWeighted>
      <QtyInPackage>1</QtyInPackage>
      <ItemPrice>4.20</ItemPrice>
      <UnitOfMeasurePrice>0.0000</UnitOfMeasurePrice>
      <AllowDiscount>1</AllowDiscount>
      <ItemStatus>1</ItemStatus>
      <ItemId>250759</ItemId>
    </Item>
    <Item>
      <PriceUpdateDate>2016-06-05 08:35:12</PriceUpdateDate>
      <ItemCode>7290106728400</ItemCode>
      <ItemType>1</ItemType>
      <ItemName>חומוס עם בצל וסומק 4</ItemName>
      <ManufacturerName>שטראוס</ManufacturerName>
      <ManufactureCountry>ישראל</ManufactureCountry>
      <ManufacturerItemDescription>חומוס עם בצל וסומק 400 גרם</ManufacturerItemDescription>
      <UnitQty>גרמים</UnitQty>
      <Quantity>400.00</Quantity>
      <UnitOfMeasure>100 גרם</UnitOfMeasure>
      <bIsWeighted>0</bIsWeighted>
      <QtyInPackage>1</QtyInPackage>
      <ItemPrice>9.90</ItemPrice>
      <UnitOfMeasurePrice>2.4750</UnitOfMeasurePrice>
      <AllowDiscount>1</AllowDiscount>
      <ItemStatus>1</ItemStatus>
      <ItemId>268377</ItemId>
    </Item>
    <Item>
      <PriceUpdateDate>2015-11-19 10:02:08</PriceUpdateDate>
      <ItemCode>7290106527270</ItemCode>
      <ItemType>0</ItemType>
      <ItemName>דבש 700 גרם יד מרדכי</ItemName>
      <ManufacturerName>,</ManufacturerName>
      <ManufactureCountry>לא ידוע</ManufactureCountry>
      <ManufacturerItemDescription>דבש 700 גרם יד מרדכי</ManufacturerItemDescription>
      <UnitQty>גרמים</UnitQty>
      <Quantity>700.00</Quantity>
      <UnitOfMeasure>100 גרם</UnitOfMeasure>
      <bIsWeighted>0</bIsWeighted>
      <QtyInPackage>1</QtyInPackage>
      <ItemPrice>29.90</ItemPrice>
      <UnitOfMeasurePrice>4.2714</UnitOfMeasurePrice>
      <AllowDiscount>1</AllowDiscount>
      <ItemStatus>1</ItemStatus>
      <ItemId>252110</ItemId>
    </Item>
    <Item>
      <PriceUpdateDate>2015-01-01 00:00:00</PriceUpdateDate>
      <ItemCode>710069812024</ItemCode>
      <ItemType>0</ItemType>
      <ItemName>רוטב לפסטה פטריות 73</ItemName>
      <ManufacturerName>,</ManufacturerName>
      <ManufactureCountry>לא ידוע</ManufactureCountry>
      <ManufacturerItemDescription>רוטב לפסטה פטריות 737 גרם</ManufacturerItemDescription>
      <UnitQty>גרמים</UnitQty>
      <Quantity>737.00</Quantity>
      <UnitOfMeasure>100 גרם</UnitOfMeasure>
      <bIsWeighted>0</bIsWeighted>
      <QtyInPackage>1</QtyInPackage>
      <ItemPrice>13.90</ItemPrice>
      <UnitOfMeasurePrice>1.8860</UnitOfMeasurePrice>
      <AllowDiscount>1</AllowDiscount>
      <ItemStatus>1</ItemStatus>
      <ItemId>250846</ItemId>
    </Item>
    <Item>
      <PriceUpdateDate>2015-01-01 00:00:00</PriceUpdateDate>
      <ItemCode>835811006299</ItemCode>
      <ItemType>0</ItemType>
      <ItemName>רוטב צילי מתוק 750 ג</ItemName>
      <ManufacturerName>הנמל</ManufacturerName>
      <ManufactureCountry>ישראל</ManufactureCountry>
      <ManufacturerItemDescription>רוטב צילי מתוק 750 גרם</ManufacturerItemDescription>
      <UnitQty>גרמים</UnitQty>
      <Quantity>750.00</Quantity>
      <UnitOfMeasure>100 גרם</UnitOfMeasure>
      <bIsWeighted>0</bIsWeighted>
      <QtyInPackage>1</QtyInPackage>
      <ItemPrice>8.90</ItemPrice>
      <UnitOfMeasurePrice>1.1867</UnitOfMeasurePrice>
      <AllowDiscount>1</AllowDiscount>
      <ItemStatus>1</ItemStatus>
      <ItemId>250874</ItemId>
    </Item>
    <Item>
      <PriceUpdateDate>2015-01-01 00:00:00</PriceUpdateDate>
      <ItemCode>7290013584182</ItemCode>
      <ItemType>0</ItemType>
      <ItemName>ספרייט בקבוק 1.5 ליט</ItemName>
      <ManufacturerName>קוקה קולה</ManufacturerName>
      <ManufactureCountry>לא ידוע</ManufactureCountry>
      <ManufacturerItemDescription>ספרייט בקבוק 1.5 ליטר</ManufacturerItemDescription>
      <UnitQty>ליטרים</UnitQty>
      <Quantity>1.50</Quantity>
      <UnitOfMeasure>ליטר    </UnitOfMeasure>
      <bIsWeighted>0</bIsWeighted>
      <QtyInPackage>1</QtyInPackage>
      <ItemPrice>6.50</ItemPrice>
      <UnitOfMeasurePrice>4.3333</UnitOfMeasurePrice>
      <AllowDiscount>1</AllowDiscount>
      <ItemStatus>1</ItemStatus>
      <ItemId>250882</ItemId>
    </Item>
    <Item>
      <PriceUpdateDate>2015-01-01 00:00:00</PriceUpdateDate>
      <ItemCode>7290013584175</ItemCode>
      <ItemType>0</ItemType>
      <ItemName>מארז 1/6 ספרייט  1.5</ItemName>
      <ManufacturerName>קוקה קולה</ManufacturerName>
      <ManufactureCountry>לא ידוע</ManufactureCountry>
      <ManufacturerItemDescription>מארז 1/6 ספרייט  1.5 ליטר</ManufacturerItemDescription>
      <UnitQty>ליטרים</UnitQty>
      <Quantity>9.00</Quantity>
      <UnitOfMeasure>ליטר    </UnitOfMeasure>
      <bIsWeighted>0</bIsWeighted>
      <QtyInPackage>1</QtyInPackage>
      <ItemPrice>30.90</ItemPrice>
      <UnitOfMeasurePrice>3.4333</UnitOfMeasurePrice>
      <AllowDiscount>1</AllowDiscount>
      <ItemStatus>1</ItemStatus>
      <ItemId>250883</ItemId>
    </Item>
    <Item>
      <PriceUpdateDate>2015-05-28 17:13:56</PriceUpdateDate>
      <ItemCode>7290105433978</ItemCode>
      <ItemType>0</ItemType>
      <ItemName>דאודורנט ליידי ספיד</ItemName>
      <ManufacturerName>קולגייט פלמוליב</ManufacturerName>
      <ManufactureCountry>ישראל</ManufactureCountry>
      <ManufacturerItemDescription>דאודורנט ליידי ספיד סטיק ספריי פטל</ManufacturerItemDescription>
      <UnitQty>מיליליטרים</UnitQty>
      <Quantity>150.00</Quantity>
      <UnitOfMeasure>100 מ"ל</UnitOfMeasure>
      <bIsWeighted>0</bIsWeighted>
      <QtyInPackage>1</QtyInPackage>
      <ItemPrice>13.90</ItemPrice>
      <UnitOfMeasurePrice>9.2667</UnitOfMeasurePrice>
      <AllowDiscount>1</AllowDiscount>
      <ItemStatus>1</ItemStatus>
      <ItemId>250891</ItemId>
    </Item>
    <Item>
      <PriceUpdateDate>2015-08-02 17:40:45</PriceUpdateDate>
      <ItemCode>7290107640688</ItemCode>
      <ItemType>0</ItemType>
      <ItemName>שוקולד קליק בייגלה 1</ItemName>
      <ManufacturerName>,</ManufacturerName>
      <ManufactureCountry>לא ידוע</ManufactureCountry>
      <ManufacturerItemDescription>שוקולד קליק בייגלה 100 גרם</ManufacturerItemDescription>
      <UnitQty>גרמים</UnitQty>
      <Quantity>100.00</Quantity>
      <UnitOfMeasure>100 גרם</UnitOfMeasure>
      <bIsWeighted>0</bIsWeighted>
      <QtyInPackage>1</QtyInPackage>
      <ItemPrice>4.90</ItemPrice>
      <UnitOfMeasurePrice>4.9000</UnitOfMeasurePrice>
      <AllowDiscount>1</AllowDiscount>
      <ItemStatus>1</ItemStatus>
      <ItemId>264743</ItemId>
    </Item>
    <Item>
      <PriceUpdateDate>2015-01-01 00:00:00</PriceUpdateDate>
      <ItemCode>3574660463965</ItemCode>
      <ItemType>0</ItemType>
      <ItemName>מגן תחתון קרפרי ארוז</ItemName>
      <ManufacturerName>גונסון</ManufacturerName>
      <ManufactureCountry>לא ידוע</ManufactureCountry>
      <ManufacturerItemDescription>מגן תחתון קרפרי ארוז אחד אחד כותנה 30 יח</ManufacturerItemDescription>
      <UnitQty>Unknown </UnitQty>
      <Quantity>0.00</Quantity>
      <UnitOfMeasure>Unknown </UnitOfMeasure>
      <bIsWeighted>0</bIsWeighted>
      <QtyInPackage>1</QtyInPackage>
      <ItemPrice>15.90</ItemPrice>
      <UnitOfMeasurePrice>0.0000</UnitOfMeasurePrice>
      <AllowDiscount>1</AllowDiscount>
      <ItemStatus>1</ItemStatus>
      <ItemId>250893</ItemId>
    </Item>
    <Item>
      <PriceUpdateDate>2015-01-01 00:00:00</PriceUpdateDate>
      <ItemCode>5410046014254</ItemCode>
      <ItemType>0</ItemType>
      <ItemName>מחית תפוח תות עם פקק</ItemName>
      <ManufacturerName>מטרן</ManufacturerName>
      <ManufactureCountry>לא ידוע</ManufactureCountry>
      <ManufacturerItemDescription>מחית תפוח תות עם פקק 360 גרם</ManufacturerItemDescription>
      <UnitQty>גרמים</UnitQty>
      <Quantity>360.00</Quantity>
      <UnitOfMeasure>100 גרם</UnitOfMeasure>
      <bIsWeighted>0</bIsWeighted>
      <QtyInPackage>1</QtyInPackage>
      <ItemPrice>13.90</ItemPrice>
      <UnitOfMeasurePrice>3.8611</UnitOfMeasurePrice>
      <AllowDiscount>1</AllowDiscount>
      <ItemStatus>1</ItemStatus>
      <ItemId>250894</ItemId>
    </Item>
    <Item>
      <PriceUpdateDate>2015-01-01 00:00:00</PriceUpdateDate>
      <ItemCode>4030612</ItemCode>
      <ItemType>0</ItemType>
      <ItemName>מיץ קיווי אגס 90% 1</ItemName>
      <ManufacturerName>פריניב</ManufacturerName>
      <ManufactureCountry>לא ידוע</ManufactureCountry>
      <ManufacturerItemDescription>מיץ קיווי אגס 90% 1 ליטר</ManufacturerItemDescription>
      <UnitQty>ליטרים</UnitQty>
      <Quantity>1.00</Quantity>
      <UnitOfMeasure>ליטר    </UnitOfMeasure>
      <bIsWeighted>0</bIsWeighted>
      <QtyInPackage>1</QtyInPackage>
      <ItemPrice>11.90</ItemPrice>
      <UnitOfMeasurePrice>11.9000</UnitOfMeasurePrice>
      <AllowDiscount>1</AllowDiscount>
      <ItemStatus>1</ItemStatus>
      <ItemId>250919</ItemId>
    </Item>
    <Item>
      <PriceUpdateDate>2015-01-01 00:00:00</PriceUpdateDate>
      <ItemCode>835811006404</ItemCode>
      <ItemType>0</ItemType>
      <ItemName>מגש מלבן שקוף ונציה</ItemName>
      <ManufacturerName>,</ManufacturerName>
      <ManufactureCountry>לא ידוע</ManufactureCountry>
      <ManufacturerItemDescription>מגש מלבן שקוף ונציה 25/36</ManufacturerItemDescription>
      <UnitQty>Unknown </UnitQty>
      <Quantity>0.00</Quantity>
      <UnitOfMeasure>Unknown </UnitOfMeasure>
      <bIsWeighted>0</bIsWeighted>
      <QtyInPackage>1</QtyInPackage>
      <ItemPrice>7.90</ItemPrice>
      <UnitOfMeasurePrice>0.0000</UnitOfMeasurePrice>
      <AllowDiscount>1</AllowDiscount>
      <ItemStatus>1</ItemStatus>
      <ItemId>250923</ItemId>
    </Item>
    <Item>
      <PriceUpdateDate>2015-01-01 00:00:00</PriceUpdateDate>
      <ItemCode>7290012738500</ItemCode>
      <ItemType>0</ItemType>
      <ItemName>מצות בתוספת סיבים תז</ItemName>
      <ManufacturerName>,</ManufacturerName>
      <ManufactureCountry>לא ידוע</ManufactureCountry>
      <ManufacturerItemDescription>מצות בתוספת סיבים תזונתיים 300 גרם</ManufacturerItemDescription>
      <UnitQty>גרמים</UnitQty>
      <Quantity>300.00</Quantity>
      <UnitOfMeasure>100 גרם</UnitOfMeasure>
      <bIsWeighted>0</bIsWeighted>
      <QtyInPackage>1</QtyInPackage>
      <ItemPrice>18.90</ItemPrice>
      <UnitOfMeasurePrice>6.3000</UnitOfMeasurePrice>
      <AllowDiscount>1</AllowDiscount>
      <ItemStatus>1</ItemStatus>
      <ItemId>250933</ItemId>
    </Item>
    <Item>
      <PriceUpdateDate>2015-01-01 00:00:00</PriceUpdateDate>
      <ItemCode>7290012738517</ItemCode>
      <ItemType>0</ItemType>
      <ItemName>מצות מקמח שיפון 300</ItemName>
      <ManufacturerName>,</ManufacturerName>
      <ManufactureCountry>לא ידוע</ManufactureCountry>
      <ManufacturerItemDescription>מצות מקמח שיפון 300 גרם</ManufacturerItemDescription>
      <UnitQty>גרמים</UnitQty>
      <Quantity>300.00</Quantity>
      <UnitOfMeasure>100 גרם</UnitOfMeasure>
      <bIsWeighted>0</bIsWeighted>
      <QtyInPackage>1</QtyInPackage>
      <ItemPrice>18.90</ItemPrice>
      <UnitOfMeasurePrice>6.3000</UnitOfMeasurePrice>
      <AllowDiscount>1</AllowDiscount>
      <ItemStatus>1</ItemStatus>
      <ItemId>250934</ItemId>
    </Item>
    <Item>
      <PriceUpdateDate>2015-01-01 00:00:00</PriceUpdateDate>
      <ItemCode>7290012738524</ItemCode>
      <ItemType>0</ItemType>
      <ItemName>מצות כוסמין 300 גרם</ItemName>
      <ManufacturerName>,</ManufacturerName>
      <ManufactureCountry>לא ידוע</ManufactureCountry>
      <ManufacturerItemDescription>מצות כוסמין 300 גרם</ManufacturerItemDescription>
      <UnitQty>גרמים</UnitQty>
      <Quantity>300.00</Quantity>
      <UnitOfMeasure>100 גרם</UnitOfMeasure>
      <bIsWeighted>0</bIsWeighted>
      <QtyInPackage>1</QtyInPackage>
      <ItemPrice>21.90</ItemPrice>
      <UnitOfMeasurePrice>7.3000</UnitOfMeasurePrice>
      <AllowDiscount>1</AllowDiscount>
      <ItemStatus>1</ItemStatus>
      <ItemId>250936</ItemId>
    </Item>
    <Item>
      <PriceUpdateDate>2015-01-01 00:00:00</PriceUpdateDate>
      <ItemCode>7290104286810</ItemCode>
      <ItemType>0</ItemType>
      <ItemName>מברשת שיער יוקרתי</ItemName>
      <ManufacturerName>,</ManufacturerName>
      <ManufactureCountry>לא ידוע</ManufactureCountry>
      <ManufacturerItemDescription>מברשת שיער יוקרתי</ManufacturerItemDescription>
      <UnitQty>Unknown </UnitQty>
      <Quantity>0.00</Quantity>
      <UnitOfMeasure>Unknown </UnitOfMeasure>
      <bIsWeighted>0</bIsWeighted>
      <QtyInPackage>1</QtyInPackage>
      <ItemPrice>17.90</ItemPrice>
      <UnitOfMeasurePrice>0.0000</UnitOfMeasurePrice>
      <AllowDiscount>1</AllowDiscount>
      <ItemStatus>1</ItemStatus>
      <ItemId>250956</ItemId>
    </Item>
    <Item>
      <PriceUpdateDate>2015-01-01 00:00:00</PriceUpdateDate>
      <ItemCode>7290014046481</ItemCode>
      <ItemType>0</ItemType>
      <ItemName>נקניקיות צופר 1.5 ק"</ItemName>
      <ManufacturerName>מעדני יחיעם 1993 בעמ</ManufacturerName>
      <ManufactureCountry>לא ידוע</ManufactureCountry>
      <ManufacturerItemDescription>נקניקיות צופר 1.5 ק"ג</ManufacturerItemDescription>
      <UnitQty>קילוגרמים</UnitQty>
      <Quantity>1.50</Quantity>
      <UnitOfMeasure>ק"ג     </UnitOfMeasure>
      <bIsWeighted>0</bIsWeighted>
      <QtyInPackage>1</QtyInPackage>
      <ItemPrice>29.90</ItemPrice>
      <UnitOfMeasurePrice>19.9333</UnitOfMeasurePrice>
      <AllowDiscount>1</AllowDiscount>
      <ItemStatus>1</ItemStatus>
      <ItemId>250961</ItemId>
    </Item>
    <Item>
      <PriceUpdateDate>2015-01-01 00:00:00</PriceUpdateDate>
      <ItemCode>7290106577350</ItemCode>
      <ItemType>0</ItemType>
      <ItemName>מאגדת בוב ספוג קידס</ItemName>
      <ManufacturerName>גלידות נסטלה</ManufacturerName>
      <ManufactureCountry>לא ידוע</ManufactureCountry>
      <ManufacturerItemDescription>מאגדת בוב ספוג קידס</ManufacturerItemDescription>
      <UnitQty>גרמים</UnitQty>
      <Quantity>330.00</Quantity>
      <UnitOfMeasure>100 גרם</UnitOfMeasure>
      <bIsWeighted>0</bIsWeighted>
      <QtyInPackage>1</QtyInPackage>
      <ItemPrice>22.90</ItemPrice>
      <UnitOfMeasurePrice>6.9394</UnitOfMeasurePrice>
      <AllowDiscount>1</AllowDiscount>
      <ItemStatus>1</ItemStatus>
      <ItemId>250975</ItemId>
    </Item>
    <Item>
      <PriceUpdateDate>2015-01-01 00:00:00</PriceUpdateDate>
      <ItemCode>7290100921401</ItemCode>
      <ItemType>0</ItemType>
      <ItemName>שמפו הוואי קרטין 700</ItemName>
      <ManufacturerName>הנקל סוד</ManufacturerName>
      <ManufactureCountry>לא ידוע</ManufactureCountry>
      <ManufacturerItemDescription>שמפו הוואי קרטין 700 מ"ל</ManufacturerItemDescription>
      <UnitQty>מיליליטרים</UnitQty>
      <Quantity>700.00</Quantity>
      <UnitOfMeasure>100 מ"ל</UnitOfMeasure>
      <bIsWeighted>0</bIsWeighted>
      <QtyInPackage>1</QtyInPackage>
      <ItemPrice>7.90</ItemPrice>
      <UnitOfMeasurePrice>1.1286</UnitOfMeasurePrice>
      <AllowDiscount>1</AllowDiscount>
      <ItemStatus>1</ItemStatus>
      <ItemId>250992</ItemId>
    </Item>
    <Item>
      <PriceUpdateDate>2015-01-01 00:00:00</PriceUpdateDate>
      <ItemCode>7290102396382</ItemCode>
      <ItemType>0</ItemType>
      <ItemName>צפתית עיזים מעודנת 9</ItemName>
      <ManufacturerName>מחלבת משק צוריאל</ManufacturerName>
      <ManufactureCountry>לא ידוע</ManufactureCountry>
      <ManufacturerItemDescription>צפתית עיזים מעודנת 9% 200 גרם</ManufacturerItemDescription>
      <UnitQty>גרמים</UnitQty>
      <Quantity>200.00</Quantity>
      <UnitOfMeasure>100 גרם</UnitOfMeasure>
      <bIsWeighted>0</bIsWeighted>
      <QtyInPackage>1</QtyInPackage>
      <ItemPrice>19.90</ItemPrice>
      <UnitOfMeasurePrice>9.9500</UnitOfMeasurePrice>
      <AllowDiscount>1</AllowDiscount>
      <ItemStatus>1</ItemStatus>
      <ItemId>251026</ItemId>
    </Item>
    <Item>
      <PriceUpdateDate>2015-01-01 00:00:00</PriceUpdateDate>
      <ItemCode>1989012</ItemCode>
      <ItemType>0</ItemType>
      <ItemName>נסיכת הנילוס מעושנת</ItemName>
      <ManufacturerName>סלטי שמיר 2006 בעמ</ManufacturerName>
      <ManufactureCountry>לא ידוע</ManufactureCountry>
      <ManufacturerItemDescription>נסיכת הנילוס מעושנת בואקום</ManufacturerItemDescription>
      <UnitQty>קילוגרמים</UnitQty>
      <Quantity>1.00</Quantity>
      <UnitOfMeasure>ק"ג</UnitOfMeasure>
      <bIsWeighted>1</bIsWeighted>
      <QtyInPackage>לא ידוע</QtyInPackage>
      <ItemPrice>99.90</ItemPrice>
      <UnitOfMeasurePrice>99.9000</UnitOfMeasurePrice>
      <AllowDiscount>1</AllowDiscount>
      <ItemStatus>1</ItemStatus>
      <ItemId>251029</ItemId>
    </Item>
    <Item>
      <PriceUpdateDate>2015-01-01 00:00:00</PriceUpdateDate>
      <ItemCode>1989036</ItemCode>
      <ItemType>0</ItemType>
      <ItemName>מקרלית בואקום</ItemName>
      <ManufacturerName>סלטי שמיר 2006 בעמ</ManufacturerName>
      <ManufactureCountry>לא ידוע</ManufactureCountry>
      <ManufacturerItemDescription>מקרלית בואקום</ManufacturerItemDescription>
      <UnitQty>קילוגרמים</UnitQty>
      <Quantity>1.00</Quantity>
      <UnitOfMeasure>ק"ג</UnitOfMeasure>
      <bIsWeighted>1</bIsWeighted>
      <QtyInPackage>לא ידוע</QtyInPackage>
      <ItemPrice>94.90</ItemPrice>
      <UnitOfMeasurePrice>94.9000</UnitOfMeasurePrice>
      <AllowDiscount>1</AllowDiscount>
      <ItemStatus>1</ItemStatus>
      <ItemId>251031</ItemId>
    </Item>
    <Item>
      <PriceUpdateDate>2016-06-13 11:17:23</PriceUpdateDate>
      <ItemCode>1989043</ItemCode>
      <ItemType>0</ItemType>
      <ItemName>סלמון אפוי בואקום</ItemName>
      <ManufacturerName>סלטי שמיר 2006 בעמ</ManufacturerName>
      <ManufactureCountry>לא ידוע</ManufactureCountry>
      <ManufacturerItemDescription>סלמון אפוי בואקום</ManufacturerItemDescription>
      <UnitQty>קילוגרמים</UnitQty>
      <Quantity>1.00</Quantity>
      <UnitOfMeasure>ק"ג</UnitOfMeasure>
      <bIsWeighted>1</bIsWeighted>
      <QtyInPackage>לא ידוע</QtyInPackage>
      <ItemPrice>149.90</ItemPrice>
      <UnitOfMeasurePrice>149.9000</UnitOfMeasurePrice>
      <AllowDiscount>1</AllowDiscount>
      <ItemStatus>1</ItemStatus>
      <ItemId>251032</ItemId>
    </Item>
    <Item>
      <PriceUpdateDate>2015-01-01 00:00:00</PriceUpdateDate>
      <ItemCode>1989050</ItemCode>
      <ItemType>0</ItemType>
      <ItemName>מקרל מעושן שלם בואקו</ItemName>
      <ManufacturerName>סלטי שמיר 2006 בעמ</ManufacturerName>
      <ManufactureCountry>לא ידוע</ManufactureCountry>
      <ManufacturerItemDescription>מקרל מעושן שלם בואקום</ManufacturerItemDescription>
      <UnitQty>קילוגרמים</UnitQty>
      <Quantity>1.00</Quantity>
      <UnitOfMeasure>ק"ג</UnitOfMeasure>
      <bIsWeighted>1</bIsWeighted>
      <QtyInPackage>לא ידוע</QtyInPackage>
      <ItemPrice>69.90</ItemPrice>
      <UnitOfMeasurePrice>69.9000</UnitOfMeasurePrice>
      <AllowDiscount>1</AllowDiscount>
      <ItemStatus>1</ItemStatus>
      <ItemId>251033</ItemId>
    </Item>
    <Item>
      <PriceUpdateDate>2015-01-01 00:00:00</PriceUpdateDate>
      <ItemCode>7290014435827</ItemCode>
      <ItemType>0</ItemType>
      <ItemName>פילה מקרל מעושן בשמן</ItemName>
      <ManufacturerName>סלטי שמיר 2006 בעמ</ManufacturerName>
      <ManufactureCountry>לא ידוע</ManufactureCountry>
      <ManufacturerItemDescription>פילה מקרל מעושן בשמן 180 גרם</ManufacturerItemDescription>
      <UnitQty>גרמים</UnitQty>
      <Quantity>180.00</Quantity>
      <UnitOfMeasure>100 גרם</UnitOfMeasure>
      <bIsWeighted>0</bIsWeighted>
      <QtyInPackage>1</QtyInPackage>
      <ItemPrice>22.90</ItemPrice>
      <UnitOfMeasurePrice>12.7222</UnitOfMeasurePrice>
      <AllowDiscount>1</AllowDiscount>
      <ItemStatus>1</ItemStatus>
      <ItemId>251039</ItemId>
    </Item>
    <Item>
      <PriceUpdateDate>2015-01-01 00:00:00</PriceUpdateDate>
      <ItemCode>7290014435834</ItemCode>
      <ItemType>0</ItemType>
      <ItemName>מקרל מעושן פרוס בשמן</ItemName>
      <ManufacturerName>סלטי שמיר 2006 בעמ</ManufacturerName>
      <ManufactureCountry>לא ידוע</ManufactureCountry>
      <ManufacturerItemDescription>מקרל מעושן פרוס בשמן 180 גרם</ManufacturerItemDescription>
      <UnitQty>גרמים</UnitQty>
      <Quantity>180.00</Quantity>
      <UnitOfMeasure>100 גרם</UnitOfMeasure>
      <bIsWeighted>0</bIsWeighted>
      <QtyInPackage>1</QtyInPackage>
      <ItemPrice>22.90</ItemPrice>
      <UnitOfMeasurePrice>12.7222</UnitOfMeasurePrice>
      <AllowDiscount>1</AllowDiscount>
      <ItemStatus>1</ItemStatus>
      <ItemId>251040</ItemId>
    </Item>
    <Item>
      <PriceUpdateDate>2015-01-01 00:00:00</PriceUpdateDate>
      <ItemCode>7290014435810</ItemCode>
      <ItemType>0</ItemType>
      <ItemName>הרינג כבוש עם בצל במ</ItemName>
      <ManufacturerName>סלטי שמיר 2006 בעמ</ManufacturerName>
      <ManufactureCountry>לא ידוע</ManufactureCountry>
      <ManufacturerItemDescription>הרינג כבוש עם בצל במרינת 180 גרם</ManufacturerItemDescription>
      <UnitQty>גרמים</UnitQty>
      <Quantity>180.00</Quantity>
      <UnitOfMeasure>100 גרם</UnitOfMeasure>
      <bIsWeighted>0</bIsWeighted>
      <QtyInPackage>1</QtyInPackage>
      <ItemPrice>15.90</ItemPrice>
      <UnitOfMeasurePrice>8.8333</UnitOfMeasurePrice>
      <AllowDiscount>1</AllowDiscount>
      <ItemStatus>1</ItemStatus>
      <ItemId>251043</ItemId>
    </Item>
    <Item>
      <PriceUpdateDate>2015-01-01 00:00:00</PriceUpdateDate>
      <ItemCode>7290014435902</ItemCode>
      <ItemType>0</ItemType>
      <ItemName>מטיאס אמיתי עם בצל 1</ItemName>
      <ManufacturerName>סלטי שמיר 2006 בעמ</ManufacturerName>
      <ManufactureCountry>לא ידוע</ManufactureCountry>
      <ManufacturerItemDescription>מטיאס אמיתי עם בצל 180 גרם</ManufacturerItemDescription>
      <UnitQty>גרמים</UnitQty>
      <Quantity>180.00</Quantity>
      <UnitOfMeasure>100 גרם</UnitOfMeasure>
      <bIsWeighted>0</bIsWeighted>
      <QtyInPackage>1</QtyInPackage>
      <ItemPrice>24.90</ItemPrice>
      <UnitOfMeasurePrice>13.8333</UnitOfMeasurePrice>
      <AllowDiscount>1</AllowDiscount>
      <ItemStatus>1</ItemStatus>
      <ItemId>251045</ItemId>
    </Item>
    <Item>
      <PriceUpdateDate>2015-01-01 00:00:00</PriceUpdateDate>
      <ItemCode>7290014435896</ItemCode>
      <ItemType>0</ItemType>
      <ItemName>סלט סלמון עם מיונז</ItemName>
      <ManufacturerName>סלטי שמיר 2006 בעמ</ManufacturerName>
      <ManufactureCountry>לא ידוע</ManufactureCountry>
      <ManufacturerItemDescription>סלט סלמון עם מיונז 180 גרם</ManufacturerItemDescription>
      <UnitQty>גרמים</UnitQty>
      <Quantity>180.00</Quantity>
      <UnitOfMeasure>100 גרם</UnitOfMeasure>
      <bIsWeighted>0</bIsWeighted>
      <QtyInPackage>1</QtyInPackage>
      <ItemPrice>19.90</ItemPrice>
      <UnitOfMeasurePrice>11.0556</UnitOfMeasurePrice>
      <AllowDiscount>1</AllowDiscount>
      <ItemStatus>1</ItemStatus>
      <ItemId>251046</ItemId>
    </Item>
    <Item>
      <PriceUpdateDate>2015-01-01 00:00:00</PriceUpdateDate>
      <ItemCode>7290014435872</ItemCode>
      <ItemType>0</ItemType>
      <ItemName>סלט הרינג עם מיונז 1</ItemName>
      <ManufacturerName>סלטי שמיר 2006 בעמ</ManufacturerName>
      <ManufactureCountry>לא ידוע</ManufactureCountry>
      <ManufacturerItemDescription>סלט הרינג עם מיונז 180 גרם</ManufacturerItemDescription>
      <UnitQty>גרמים</UnitQty>
      <Quantity>180.00</Quantity>
      <UnitOfMeasure>100 גרם</UnitOfMeasure>
      <bIsWeighted>0</bIsWeighted>
      <QtyInPackage>1</QtyInPackage>
      <ItemPrice>15.90</ItemPrice>
      <UnitOfMeasurePrice>8.8333</UnitOfMeasurePrice>
      <AllowDiscount>1</AllowDiscount>
      <ItemStatus>1</ItemStatus>
      <ItemId>251047</ItemId>
    </Item>
    <Item>
      <PriceUpdateDate>2015-01-01 00:00:00</PriceUpdateDate>
      <ItemCode>7290014435889</ItemCode>
      <ItemType>0</ItemType>
      <ItemName>סלט מטיאס עם מיונז 1</ItemName>
      <ManufacturerName>סלטי שמיר 2006 בעמ</ManufacturerName>
      <ManufactureCountry>לא ידוע</ManufactureCountry>
      <ManufacturerItemDescription>סלט מטיאס עם מיונז 180 גרם</ManufacturerItemDescription>
      <UnitQty>גרמים</UnitQty>
      <Quantity>180.00</Quantity>
      <UnitOfMeasure>100 גרם</UnitOfMeasure>
      <bIsWeighted>0</bIsWeighted>
      <QtyInPackage>1</QtyInPackage>
      <ItemPrice>15.90</ItemPrice>
      <UnitOfMeasurePrice>8.8333</UnitOfMeasurePrice>
      <AllowDiscount>1</AllowDiscount>
      <ItemStatus>1</ItemStatus>
      <ItemId>251048</ItemId>
    </Item>
    <Item>
      <PriceUpdateDate>2016-05-15 10:26:30</PriceUpdateDate>
      <ItemCode>1338186</ItemCode>
      <ItemType>0</ItemType>
      <ItemName>סקינאגרד קרם הגנה לפ</ItemName>
      <ManufacturerName>אמיליה קוסמטיקס</ManufacturerName>
      <ManufactureCountry>לא ידוע</ManufactureCountry>
      <ManufacturerItemDescription>סקינאגרד קרם הגנה לפנים 34-60</ManufacturerItemDescription>
      <UnitQty>מיליליטרים</UnitQty>
      <Quantity>200.00</Quantity>
      <UnitOfMeasure>100 מ"ל</UnitOfMeasure>
      <bIsWeighted>0</bIsWeighted>
      <QtyInPackage>1</QtyInPackage>
      <ItemPrice>14.90</ItemPrice>
      <UnitOfMeasurePrice>7.4500</UnitOfMeasurePrice>
      <AllowDiscount>1</AllowDiscount>
      <ItemStatus>1</ItemStatus>
      <ItemId>251052</ItemId>
    </Item>
    <Item>
      <PriceUpdateDate>2015-01-01 00:00:00</PriceUpdateDate>
      <ItemCode>467153</ItemCode>
      <ItemType>0</ItemType>
      <ItemName>חומוס סמיר הגדול-צבר</ItemName>
      <ManufacturerName>צבר</ManufacturerName>
      <ManufactureCountry>לא ידוע</ManufactureCountry>
      <ManufacturerItemDescription>חומוס סמיר הגדול-צבר 400 גרם</ManufacturerItemDescription>
      <UnitQty>גרמים</UnitQty>
      <Quantity>400.00</Quantity>
      <UnitOfMeasure>100 גרם</UnitOfMeasure>
      <bIsWeighted>0</bIsWeighted>
      <QtyInPackage>1</QtyInPackage>
      <ItemPrice>11.90</ItemPrice>
      <UnitOfMeasurePrice>2.9750</UnitOfMeasurePrice>
      <AllowDiscount>1</AllowDiscount>
      <ItemStatus>1</ItemStatus>
      <ItemId>251055</ItemId>
    </Item>
    <Item>
      <PriceUpdateDate>2015-01-01 00:00:00</PriceUpdateDate>
      <ItemCode>96619222490</ItemCode>
      <ItemType>0</ItemType>
      <ItemName>בוטנים קלוי קלוף</ItemName>
      <ManufacturerName>,</ManufacturerName>
      <ManufactureCountry>לא ידוע</ManufactureCountry>
      <ManufacturerItemDescription>בוטנים קלוי קלוף  1.13 ק"ג קירקלנד</ManufacturerItemDescription>
      <UnitQty>קילוגרמים</UnitQty>
      <Quantity>1.13</Quantity>
      <UnitOfMeasure>ק"ג     </UnitOfMeasure>
      <bIsWeighted>0</bIsWeighted>
      <QtyInPackage>1</QtyInPackage>
      <ItemPrice>29.90</ItemPrice>
      <UnitOfMeasurePrice>26.4602</UnitOfMeasurePrice>
      <AllowDiscount>1</AllowDiscount>
      <ItemStatus>1</ItemStatus>
      <ItemId>251068</ItemId>
    </Item>
    <Item>
      <PriceUpdateDate>2015-01-01 00:00:00</PriceUpdateDate>
      <ItemCode>4084500178137</ItemCode>
      <ItemType>0</ItemType>
      <ItemName>נוזל כביסה טייד גל 4</ItemName>
      <ManufacturerName>פרוקטר</ManufacturerName>
      <ManufactureCountry>לא ידוע</ManufactureCountry>
      <ManufacturerItemDescription>נוזל כביסה טייד גל 4 ליטר</ManufacturerItemDescription>
      <UnitQty>ליטרים</UnitQty>
      <Quantity>4.00</Quantity>
      <UnitOfMeasure>ליטר    </UnitOfMeasure>
      <bIsWeighted>0</bIsWeighted>
      <QtyInPackage>1</QtyInPackage>
      <ItemPrice>27.90</ItemPrice>
      <UnitOfMeasurePrice>6.9750</UnitOfMeasurePrice>
      <AllowDiscount>1</AllowDiscount>
      <ItemStatus>1</ItemStatus>
      <ItemId>251642</ItemId>
    </Item>
    <Item>
      <PriceUpdateDate>2015-01-01 00:00:00</PriceUpdateDate>
      <ItemCode>7290103901851</ItemCode>
      <ItemType>0</ItemType>
      <ItemName>בובה+בגדים להחלפה</ItemName>
      <ManufacturerName>,</ManufacturerName>
      <ManufactureCountry>Unknown</ManufactureCountry>
      <ManufacturerItemDescription>בובה+בגדים להחלפה</ManufacturerItemDescription>
      <UnitQty>Unknown </UnitQty>
      <Quantity>0.00</Quantity>
      <UnitOfMeasure>Unknown </UnitOfMeasure>
      <bIsWeighted>0</bIsWeighted>
      <QtyInPackage>1</QtyInPackage>
      <ItemPrice>59.90</ItemPrice>
      <UnitOfMeasurePrice>0.0000</UnitOfMeasurePrice>
      <AllowDiscount>1</AllowDiscount>
      <ItemStatus>1</ItemStatus>
      <ItemId>251156</ItemId>
    </Item>
    <Item>
      <PriceUpdateDate>2015-01-01 00:00:00</PriceUpdateDate>
      <ItemCode>7290106658059</ItemCode>
      <ItemType>0</ItemType>
      <ItemName>בונבוניירה לב חלב בי</ItemName>
      <ManufacturerName>,</ManufacturerName>
      <ManufactureCountry>לא ידוע</ManufactureCountry>
      <ManufacturerItemDescription>בונבוניירה לב חלב 162 גרם בד" עד"ח</ManufacturerItemDescription>
      <UnitQty>גרמים</UnitQty>
      <Quantity>162.00</Quantity>
      <UnitOfMeasure>100 גרם</UnitOfMeasure>
      <bIsWeighted>0</bIsWeighted>
      <QtyInPackage>1</QtyInPackage>
      <ItemPrice>25.90</ItemPrice>
      <UnitOfMeasurePrice>15.9877</UnitOfMeasurePrice>
      <AllowDiscount>1</AllowDiscount>
      <ItemStatus>1</ItemStatus>
      <ItemId>251185</ItemId>
    </Item>
    <Item>
      <PriceUpdateDate>2015-01-01 00:00:00</PriceUpdateDate>
      <ItemCode>7290106658127</ItemCode>
      <ItemType>0</ItemType>
      <ItemName>בונבוניירה לב חלב 50</ItemName>
      <ManufacturerName>,</ManufacturerName>
      <ManufactureCountry>לא ידוע</ManufactureCountry>
      <ManufacturerItemDescription>בונבוניירה לב חלב 50 גרם בד"צ עד"ח</ManufacturerItemDescription>
      <UnitQty>גרמים</UnitQty>
      <Quantity>50.00</Quantity>
      <UnitOfMeasure>100 גרם</UnitOfMeasure>
      <bIsWeighted>0</bIsWeighted>
      <QtyInPackage>1</QtyInPackage>
      <ItemPrice>9.90</ItemPrice>
      <UnitOfMeasurePrice>19.8000</UnitOfMeasurePrice>
      <AllowDiscount>1</AllowDiscount>
      <ItemStatus>1</ItemStatus>
      <ItemId>251186</ItemId>
    </Item>
    <Item>
      <PriceUpdateDate>2015-01-01 00:00:00</PriceUpdateDate>
      <ItemCode>16000461888</ItemCode>
      <ItemType>0</ItemType>
      <ItemName>קראנצי שיבולת שועל מ</ItemName>
      <ManufacturerName>גנרל מילס</ManufacturerName>
      <ManufactureCountry>ארצות הברית</ManufactureCountry>
      <ManufacturerItemDescription>חטיף שיבולת שועל מלאה עם שוקולד מריר</ManufacturerItemDescription>
      <UnitQty>גרמים</UnitQty>
      <Quantity>210.00</Quantity>
      <UnitOfMeasure>100 גרם</UnitOfMeasure>
      <bIsWeighted>0</bIsWeighted>
      <QtyInPackage>1</QtyInPackage>
      <ItemPrice>18.90</ItemPrice>
      <UnitOfMeasurePrice>9.0000</UnitOfMeasurePrice>
      <AllowDiscount>1</AllowDiscount>
      <ItemStatus>1</ItemStatus>
      <ItemId>251188</ItemId>
    </Item>
    <Item>
      <PriceUpdateDate>2015-01-01 00:00:00</PriceUpdateDate>
      <ItemCode>7290103680039</ItemCode>
      <ItemType>0</ItemType>
      <ItemName>יין תבור הר מרלו 750</ItemName>
      <ManufacturerName>תבור</ManufacturerName>
      <ManufactureCountry>לא ידוע</ManufactureCountry>
      <ManufacturerItemDescription>יין תבור הר מרלו 750 מ"ל</ManufacturerItemDescription>
      <UnitQty>מיליליטרים</UnitQty>
      <Quantity>750.00</Quantity>
      <UnitOfMeasure>100 מ"ל</UnitOfMeasure>
      <bIsWeighted>0</bIsWeighted>
      <QtyInPackage>1</QtyInPackage>
      <ItemPrice>29.90</ItemPrice>
      <UnitOfMeasurePrice>3.9867</UnitOfMeasurePrice>
      <AllowDiscount>1</AllowDiscount>
      <ItemStatus>1</ItemStatus>
      <ItemId>251189</ItemId>
    </Item>
    <Item>
      <PriceUpdateDate>2015-01-01 00:00:00</PriceUpdateDate>
      <ItemCode>7290103680046</ItemCode>
      <ItemType>0</ItemType>
      <ItemName>יין תבור הר קברנה סו</ItemName>
      <ManufacturerName>תבור</ManufacturerName>
      <ManufactureCountry>לא ידוע</ManufactureCountry>
      <ManufacturerItemDescription>יין תבור הר קברנה סוביניון 750 מ"ל</ManufacturerItemDescription>
      <UnitQty>מיליליטרים</UnitQty>
      <Quantity>750.00</Quantity>
      <UnitOfMeasure>100 מ"ל</UnitOfMeasure>
      <bIsWeighted>0</bIsWeighted>
      <QtyInPackage>1</QtyInPackage>
      <ItemPrice>29.90</ItemPrice>
      <UnitOfMeasurePrice>3.9867</UnitOfMeasurePrice>
      <AllowDiscount>1</AllowDiscount>
      <ItemStatus>1</ItemStatus>
      <ItemId>251190</ItemId>
    </Item>
    <Item>
      <PriceUpdateDate>2015-01-01 00:00:00</PriceUpdateDate>
      <ItemCode>2752493</ItemCode>
      <ItemType>0</ItemType>
      <ItemName>סוכריות טיק טק מנטה</ItemName>
      <ManufacturerName>פררו</ManufacturerName>
      <ManufactureCountry>לא ידוע</ManufactureCountry>
      <ManufacturerItemDescription>סוכריות טיק טק מנטה 1/4</ManufacturerItemDescription>
      <UnitQty>Unknown </UnitQty>
      <Quantity>0.00</Quantity>
      <UnitOfMeasure>Unknown </UnitOfMeasure>
      <bIsWeighted>0</bIsWeighted>
      <QtyInPackage>1</QtyInPackage>
      <ItemPrice>8.90</ItemPrice>
      <UnitOfMeasurePrice>0.0000</UnitOfMeasurePrice>
      <AllowDiscount>1</AllowDiscount>
      <ItemStatus>1</ItemStatus>
      <ItemId>251192</ItemId>
    </Item>
    <Item>
      <PriceUpdateDate>2015-01-01 00:00:00</PriceUpdateDate>
      <ItemCode>8693323030902</ItemCode>
      <ItemType>0</ItemType>
      <ItemName>יוגטה מרשמלו ממולא 5</ItemName>
      <ManufacturerName>סאאדת</ManufacturerName>
      <ManufactureCountry>לא ידוע</ManufactureCountry>
      <ManufacturerItemDescription>יוגטה מרשמלו ממולא 500 גרם</ManufacturerItemDescription>
      <UnitQty>גרמים</UnitQty>
      <Quantity>500.00</Quantity>
      <UnitOfMeasure>100 גרם</UnitOfMeasure>
      <bIsWeighted>0</bIsWeighted>
      <QtyInPackage>1</QtyInPackage>
      <ItemPrice>14.90</ItemPrice>
      <UnitOfMeasurePrice>2.9800</UnitOfMeasurePrice>
      <AllowDiscount>1</AllowDiscount>
      <ItemStatus>1</ItemStatus>
      <ItemId>251193</ItemId>
    </Item>
    <Item>
      <PriceUpdateDate>2015-01-01 00:00:00</PriceUpdateDate>
      <ItemCode>8693323042028</ItemCode>
      <ItemType>0</ItemType>
      <ItemName>יוגטה מרשמלו מגולגל</ItemName>
      <ManufacturerName>סאאדת</ManufacturerName>
      <ManufactureCountry>לא ידוע</ManufactureCountry>
      <ManufacturerItemDescription>יוגטה מרשמלו מגולגל ענק</ManufacturerItemDescription>
      <UnitQty>גרמים</UnitQty>
      <Quantity>432.00</Quantity>
      <UnitOfMeasure>100 גרם</UnitOfMeasure>
      <bIsWeighted>0</bIsWeighted>
      <QtyInPackage>1</QtyInPackage>
      <ItemPrice>17.90</ItemPrice>
      <UnitOfMeasurePrice>4.1435</UnitOfMeasurePrice>
      <AllowDiscount>1</AllowDiscount>
      <ItemStatus>1</ItemStatus>
      <ItemId>251194</ItemId>
    </Item>
    <Item>
      <PriceUpdateDate>2015-01-01 00:00:00</PriceUpdateDate>
      <ItemCode>7290015057066</ItemCode>
      <ItemType>0</ItemType>
      <ItemName>עלי גפן 400 גרם</ItemName>
      <ManufacturerName>,</ManufacturerName>
      <ManufactureCountry>לא ידוע</ManufactureCountry>
      <ManufacturerItemDescription>עלי גפן 400 גרם חת"ס</ManufacturerItemDescription>
      <UnitQty>גרמים</UnitQty>
      <Quantity>400.00</Quantity>
      <UnitOfMeasure>100 גרם</UnitOfMeasure>
      <bIsWeighted>0</bIsWeighted>
      <QtyInPackage>1</QtyInPackage>
      <ItemPrice>7.90</ItemPrice>
      <UnitOfMeasurePrice>1.9750</UnitOfMeasurePrice>
      <AllowDiscount>1</AllowDiscount>
      <ItemStatus>1</ItemStatus>
      <ItemId>251195</ItemId>
    </Item>
    <Item>
      <PriceUpdateDate>2015-01-01 00:00:00</PriceUpdateDate>
      <ItemCode>7290014600591</ItemCode>
      <ItemType>0</ItemType>
      <ItemName>גביעי גלידה מגולגלים</ItemName>
      <ManufacturerName>,</ManufacturerName>
      <ManufactureCountry>לא ידוע</ManufactureCountry>
      <ManufacturerItemDescription>גביעי גלידה מגולגלים 20 יח</ManufacturerItemDescription>
      <UnitQty>לא מנהל יחידת מידה</UnitQty>
      <Quantity>0.00</Quantity>
      <UnitOfMeasure>לא מנהל יחידת מידה</UnitOfMeasure>
      <bIsWeighted>0</bIsWeighted>
      <QtyInPackage>1</QtyInPackage>
      <ItemPrice>14.90</ItemPrice>
      <UnitOfMeasurePrice>0.0000</UnitOfMeasurePrice>
      <AllowDiscount>1</AllowDiscount>
      <ItemStatus>1</ItemStatus>
      <ItemId>251202</ItemId>
    </Item>
    <Item>
      <PriceUpdateDate>2016-07-18 15:27:14</PriceUpdateDate>
      <ItemCode>5411188300328</ItemCode>
      <ItemType>0</ItemType>
      <ItemName>חלב סויה אלפרו שוקו</ItemName>
      <ManufacturerName>אלפרו</ManufacturerName>
      <ManufactureCountry>בלגיה</ManufactureCountry>
      <ManufacturerItemDescription>חלב סויה אלפרו שוקו 1 ליטר</ManufacturerItemDescription>
      <UnitQty>ליטרים</UnitQty>
      <Quantity>1.00</Quantity>
      <UnitOfMeasure>ליטר    </UnitOfMeasure>
      <bIsWeighted>0</bIsWeighted>
      <QtyInPackage>1</QtyInPackage>
      <ItemPrice>11.90</ItemPrice>
      <UnitOfMeasurePrice>11.9000</UnitOfMeasurePrice>
      <AllowDiscount>1</AllowDiscount>
      <ItemStatus>1</ItemStatus>
      <ItemId>251203</ItemId>
    </Item>
    <Item>
      <PriceUpdateDate>2016-07-18 15:26:59</PriceUpdateDate>
      <ItemCode>5411188081852</ItemCode>
      <ItemType>0</ItemType>
      <ItemName>חלב סויה אלפרו וניל</ItemName>
      <ManufacturerName>אלפרו</ManufacturerName>
      <ManufactureCountry>בלגיה</ManufactureCountry>
      <ManufacturerItemDescription>חלב סויה אלפרו וניל 1 ליטר</ManufacturerItemDescription>
      <UnitQty>ליטרים</UnitQty>
      <Quantity>1.00</Quantity>
      <UnitOfMeasure>ליטר    </UnitOfMeasure>
      <bIsWeighted>0</bIsWeighted>
      <QtyInPackage>1</QtyInPackage>
      <ItemPrice>11.90</ItemPrice>
      <UnitOfMeasurePrice>11.9000</UnitOfMeasurePrice>
      <AllowDiscount>1</AllowDiscount>
      <ItemStatus>1</ItemStatus>
      <ItemId>251204</ItemId>
    </Item>
    <Item>
      <PriceUpdateDate>2016-07-18 15:26:51</PriceUpdateDate>
      <ItemCode>5411188080268</ItemCode>
      <ItemType>0</ItemType>
      <ItemName>חלב סויה אלפרו אורגנ</ItemName>
      <ManufacturerName>אלפרו</ManufacturerName>
      <ManufactureCountry>לא ידוע</ManufactureCountry>
      <ManufacturerItemDescription>חלב סויה אלפרו אורגני 1 ליטר</ManufacturerItemDescription>
      <UnitQty>ליטרים</UnitQty>
      <Quantity>1.00</Quantity>
      <UnitOfMeasure>ליטר    </UnitOfMeasure>
      <bIsWeighted>0</bIsWeighted>
      <QtyInPackage>1</QtyInPackage>
      <ItemPrice>11.90</ItemPrice>
      <UnitOfMeasurePrice>11.9000</UnitOfMeasurePrice>
      <AllowDiscount>1</AllowDiscount>
      <ItemStatus>1</ItemStatus>
      <ItemId>251205</ItemId>
    </Item>
    <Item>
      <PriceUpdateDate>2015-01-01 00:00:00</PriceUpdateDate>
      <ItemCode>7290107280426</ItemCode>
      <ItemType>0</ItemType>
      <ItemName>אבקת כביסה פסגה 10 ק</ItemName>
      <ManufacturerName>,</ManufacturerName>
      <ManufactureCountry>לא ידוע</ManufactureCountry>
      <ManufacturerItemDescription>א. כביסה פסגה 10 ק"ג</ManufacturerItemDescription>
      <UnitQty>קילוגרמים</UnitQty>
      <Quantity>10.00</Quantity>
      <UnitOfMeasure>ק"ג     </UnitOfMeasure>
      <bIsWeighted>0</bIsWeighted>
      <QtyInPackage>1</QtyInPackage>
      <ItemPrice>45.90</ItemPrice>
      <UnitOfMeasurePrice>4.5900</UnitOfMeasurePrice>
      <AllowDiscount>1</AllowDiscount>
      <ItemStatus>1</ItemStatus>
      <ItemId>251208</ItemId>
    </Item>
    <Item>
      <PriceUpdateDate>2015-01-01 00:00:00</PriceUpdateDate>
      <ItemCode>4015600815592</ItemCode>
      <ItemType>0</ItemType>
      <ItemName>שמפו פנטן 2 ב-1 קלאס</ItemName>
      <ManufacturerName>פרוקטר</ManufacturerName>
      <ManufactureCountry>לא ידוע</ManufactureCountry>
      <ManufacturerItemDescription>שמפו פנטן 2 ב- 1 קלאסי 600 מ"ל</ManufacturerItemDescription>
      <UnitQty>מיליליטרים</UnitQty>
      <Quantity>600.00</Quantity>
      <UnitOfMeasure>100 מ"ל</UnitOfMeasure>
      <bIsWeighted>0</bIsWeighted>
      <QtyInPackage>1</QtyInPackage>
      <ItemPrice>19.90</ItemPrice>
      <UnitOfMeasurePrice>3.3167</UnitOfMeasurePrice>
      <AllowDiscount>1</AllowDiscount>
      <ItemStatus>1</ItemStatus>
      <ItemId>251209</ItemId>
    </Item>
    <Item>
      <PriceUpdateDate>2015-01-01 00:00:00</PriceUpdateDate>
      <ItemCode>4015600815516</ItemCode>
      <ItemType>0</ItemType>
      <ItemName>שמפו פנטן קלאסי 600</ItemName>
      <ManufacturerName>פרוקטר</ManufacturerName>
      <ManufactureCountry>לא ידוע</ManufactureCountry>
      <ManufacturerItemDescription>שמפו פנטן קלאסי 600 מ"ל</ManufacturerItemDescription>
      <UnitQty>מיליליטרים</UnitQty>
      <Quantity>600.00</Quantity>
      <UnitOfMeasure>100 מ"ל</UnitOfMeasure>
      <bIsWeighted>0</bIsWeighted>
      <QtyInPackage>1</QtyInPackage>
      <ItemPrice>19.90</ItemPrice>
      <UnitOfMeasurePrice>3.3167</UnitOfMeasurePrice>
      <AllowDiscount>1</AllowDiscount>
      <ItemStatus>1</ItemStatus>
      <ItemId>251211</ItemId>
    </Item>
    <Item>
      <PriceUpdateDate>2015-01-01 00:00:00</PriceUpdateDate>
      <ItemCode>4015600815554</ItemCode>
      <ItemType>0</ItemType>
      <ItemName>מרכך פנטן קלאסי 600</ItemName>
      <ManufacturerName>פרוקטר</ManufacturerName>
      <ManufactureCountry>לא ידוע</ManufactureCountry>
      <ManufacturerItemDescription>מרכך פנטן קלאסי 600 מ"ל</ManufacturerItemDescription>
      <UnitQty>מיליליטרים</UnitQty>
      <Quantity>600.00</Quantity>
      <UnitOfMeasure>100 מ"ל</UnitOfMeasure>
      <bIsWeighted>0</bIsWeighted>
      <QtyInPackage>1</QtyInPackage>
      <ItemPrice>19.90</ItemPrice>
      <UnitOfMeasurePrice>3.3167</UnitOfMeasurePrice>
      <AllowDiscount>1</AllowDiscount>
      <ItemStatus>1</ItemStatus>
      <ItemId>251213</ItemId>
    </Item>
    <Item>
      <PriceUpdateDate>2015-01-01 00:00:00</PriceUpdateDate>
      <ItemCode>6102014102283</ItemCode>
      <ItemType>0</ItemType>
      <ItemName>סיכות סבתא קטן</ItemName>
      <ManufacturerName>,</ManufacturerName>
      <ManufactureCountry>לא ידוע</ManufactureCountry>
      <ManufacturerItemDescription>סיכות סבתא קטן</ManufacturerItemDescription>
      <UnitQty>Unknown </UnitQty>
      <Quantity>0.00</Quantity>
      <UnitOfMeasure>Unknown </UnitOfMeasure>
      <bIsWeighted>0</bIsWeighted>
      <QtyInPackage>1</QtyInPackage>
      <ItemPrice>8.90</ItemPrice>
      <UnitOfMeasurePrice>0.0000</UnitOfMeasurePrice>
      <AllowDiscount>1</AllowDiscount>
      <ItemStatus>1</ItemStatus>
      <ItemId>251300</ItemId>
    </Item>
    <Item>
      <PriceUpdateDate>2015-01-01 00:00:00</PriceUpdateDate>
      <ItemCode>6102014102245</ItemCode>
      <ItemType>0</ItemType>
      <ItemName>גומיות דקדק צבעוני/ש</ItemName>
      <ManufacturerName>,</ManufacturerName>
      <ManufactureCountry>לא ידוע</ManufactureCountry>
      <ManufacturerItemDescription>גומיות דקדק צבעוני/שחור לבן</ManufacturerItemDescription>
      <UnitQty>Unknown </UnitQty>
      <Quantity>0.00</Quantity>
      <UnitOfMeasure>Unknown </UnitOfMeasure>
      <bIsWeighted>0</bIsWeighted>
      <QtyInPackage>1</QtyInPackage>
      <ItemPrice>8.90</ItemPrice>
      <UnitOfMeasurePrice>0.0000</UnitOfMeasurePrice>
      <AllowDiscount>1</AllowDiscount>
      <ItemStatus>1</ItemStatus>
      <ItemId>251303</ItemId>
    </Item>
    <Item>
      <PriceUpdateDate>2015-01-01 00:00:00</PriceUpdateDate>
      <ItemCode>6102014102238</ItemCode>
      <ItemType>0</ItemType>
      <ItemName>גומיות צבעוני/שחור</ItemName>
      <ManufacturerName>,</ManufacturerName>
      <ManufactureCountry>לא ידוע</ManufactureCountry>
      <ManufacturerItemDescription>גומיות צבעוני/שחור</ManufacturerItemDescription>
      <UnitQty>Unknown </UnitQty>
      <Quantity>0.00</Quantity>
      <UnitOfMeasure>Unknown </UnitOfMeasure>
      <bIsWeighted>0</bIsWeighted>
      <QtyInPackage>1</QtyInPackage>
      <ItemPrice>4.90</ItemPrice>
      <UnitOfMeasurePrice>0.0000</UnitOfMeasurePrice>
      <AllowDiscount>1</AllowDiscount>
      <ItemStatus>1</ItemStatus>
      <ItemId>251305</ItemId>
    </Item>
    <Item>
      <PriceUpdateDate>2015-01-01 00:00:00</PriceUpdateDate>
      <ItemCode>6102014102344</ItemCode>
      <ItemType>0</ItemType>
      <ItemName>מארז 12 מסרקים</ItemName>
      <ManufacturerName>,</ManufacturerName>
      <ManufactureCountry>לא ידוע</ManufactureCountry>
      <ManufacturerItemDescription>מארז 12 מסרקים</ManufacturerItemDescription>
      <UnitQty>Unknown </UnitQty>
      <Quantity>0.00</Quantity>
      <UnitOfMeasure>Unknown </UnitOfMeasure>
      <bIsWeighted>0</bIsWeighted>
      <QtyInPackage>1</QtyInPackage>
      <ItemPrice>8.90</ItemPrice>
      <UnitOfMeasurePrice>0.0000</UnitOfMeasurePrice>
      <AllowDiscount>1</AllowDiscount>
      <ItemStatus>1</ItemStatus>
      <ItemId>251308</ItemId>
    </Item>
    <Item>
      <PriceUpdateDate>2015-11-17 08:34:26</PriceUpdateDate>
      <ItemCode>4015600515614</ItemCode>
      <ItemType>0</ItemType>
      <ItemName>נוזל כלים פיירי לימו</ItemName>
      <ManufacturerName>פרוקטר</ManufacturerName>
      <ManufactureCountry>לא ידוע</ManufactureCountry>
      <ManufacturerItemDescription>נוזל כלים פיירי לימון פלטינום 720מ"ל</ManufacturerItemDescription>
      <UnitQty>מיליליטרים</UnitQty>
      <Quantity>720.00</Quantity>
      <UnitOfMeasure>100 מ"ל</UnitOfMeasure>
      <bIsWeighted>0</bIsWeighted>
      <QtyInPackage>1</QtyInPackage>
      <ItemPrice>7.90</ItemPrice>
      <UnitOfMeasurePrice>1.0972</UnitOfMeasurePrice>
      <AllowDiscount>1</AllowDiscount>
      <ItemStatus>1</ItemStatus>
      <ItemId>251314</ItemId>
    </Item>
    <Item>
      <PriceUpdateDate>2015-01-01 00:00:00</PriceUpdateDate>
      <ItemCode>5426407</ItemCode>
      <ItemType>0</ItemType>
      <ItemName>סנומוד נטול גז אקווה</ItemName>
      <ManufacturerName>סנו</ManufacturerName>
      <ManufactureCountry>לא ידוע</ManufactureCountry>
      <ManufacturerItemDescription>סנומוד נטול גז אקווה בלו</ManufacturerItemDescription>
      <UnitQty>מיליליטרים</UnitQty>
      <Quantity>150.00</Quantity>
      <UnitOfMeasure>100 מ"ל</UnitOfMeasure>
      <bIsWeighted>0</bIsWeighted>
      <QtyInPackage>1</QtyInPackage>
      <ItemPrice>9.90</ItemPrice>
      <UnitOfMeasurePrice>6.6000</UnitOfMeasurePrice>
      <AllowDiscount>1</AllowDiscount>
      <ItemStatus>1</ItemStatus>
      <ItemId>251341</ItemId>
    </Item>
    <Item>
      <PriceUpdateDate>2015-09-20 12:45:35</PriceUpdateDate>
      <ItemCode>23083</ItemCode>
      <ItemType>0</ItemType>
      <ItemName>ערק אשקלון 40% 700 מ</ItemName>
      <ManufacturerName>ברקן סגל</ManufacturerName>
      <ManufactureCountry>לא ידוע</ManufactureCountry>
      <ManufacturerItemDescription>ערק אשקלון 40% 700 מ"ל</ManufacturerItemDescription>
      <UnitQty>מיליליטרים</UnitQty>
      <Quantity>700.00</Quantity>
      <UnitOfMeasure>100 מ"ל</UnitOfMeasure>
      <bIsWeighted>0</bIsWeighted>
      <QtyInPackage>1</QtyInPackage>
      <ItemPrice>49.90</ItemPrice>
      <UnitOfMeasurePrice>7.1286</UnitOfMeasurePrice>
      <AllowDiscount>1</AllowDiscount>
      <ItemStatus>1</ItemStatus>
      <ItemId>251352</ItemId>
    </Item>
    <Item>
      <PriceUpdateDate>2015-01-01 00:00:00</PriceUpdateDate>
      <ItemCode>103501</ItemCode>
      <ItemType>0</ItemType>
      <ItemName>שעועית ירוקה חתוכה 7</ItemName>
      <ManufacturerName>סנפרוסט בעמ</ManufacturerName>
      <ManufactureCountry>לא ידוע</ManufactureCountry>
      <ManufacturerItemDescription>שעועית ירוקה חתוכה 700 גרם בד"צ</ManufacturerItemDescription>
      <UnitQty>גרמים</UnitQty>
      <Quantity>700.00</Quantity>
      <UnitOfMeasure>100 גרם</UnitOfMeasure>
      <bIsWeighted>0</bIsWeighted>
      <QtyInPackage>1</QtyInPackage>
      <ItemPrice>12.50</ItemPrice>
      <UnitOfMeasurePrice>1.7857</UnitOfMeasurePrice>
      <AllowDiscount>1</AllowDiscount>
      <ItemStatus>1</ItemStatus>
      <ItemId>251357</ItemId>
    </Item>
    <Item>
      <PriceUpdateDate>2015-01-01 00:00:00</PriceUpdateDate>
      <ItemCode>103518</ItemCode>
      <ItemType>0</ItemType>
      <ItemName>שעועית ירוקה שלמה</ItemName>
      <ManufacturerName>סנפרוסט בעמ</ManufacturerName>
      <ManufactureCountry>לא ידוע</ManufactureCountry>
      <ManufacturerItemDescription>שעועית ירוקה שלמה 700 גרם בד"צ</ManufacturerItemDescription>
      <UnitQty>גרמים</UnitQty>
      <Quantity>700.00</Quantity>
      <UnitOfMeasure>100 גרם</UnitOfMeasure>
      <bIsWeighted>0</bIsWeighted>
      <QtyInPackage>1</QtyInPackage>
      <ItemPrice>14.90</ItemPrice>
      <UnitOfMeasurePrice>2.1286</UnitOfMeasurePrice>
      <AllowDiscount>1</AllowDiscount>
      <ItemStatus>1</ItemStatus>
      <ItemId>251358</ItemId>
    </Item>
    <Item>
      <PriceUpdateDate>2015-01-01 00:00:00</PriceUpdateDate>
      <ItemCode>103525</ItemCode>
      <ItemType>0</ItemType>
      <ItemName>גזר גמדי 700 גרם בד"</ItemName>
      <ManufacturerName>סנפרוסט בעמ</ManufacturerName>
      <ManufactureCountry>לא ידוע</ManufactureCountry>
      <ManufacturerItemDescription>גזר גמדי 700 גרם בד"צ</ManufacturerItemDescription>
      <UnitQty>גרמים</UnitQty>
      <Quantity>700.00</Quantity>
      <UnitOfMeasure>100 גרם</UnitOfMeasure>
      <bIsWeighted>0</bIsWeighted>
      <QtyInPackage>1</QtyInPackage>
      <ItemPrice>12.90</ItemPrice>
      <UnitOfMeasurePrice>1.8429</UnitOfMeasurePrice>
      <AllowDiscount>1</AllowDiscount>
      <ItemStatus>1</ItemStatus>
      <ItemId>251359</ItemId>
    </Item>
    <Item>
      <PriceUpdateDate>2015-01-01 00:00:00</PriceUpdateDate>
      <ItemCode>103532</ItemCode>
      <ItemType>0</ItemType>
      <ItemName>גרעיני תירס 700 גרם</ItemName>
      <ManufacturerName>סנפרוסט בעמ</ManufacturerName>
      <ManufactureCountry>לא ידוע</ManufactureCountry>
      <ManufacturerItemDescription>גרעיני תירס 700 גרם בד"צ</ManufacturerItemDescription>
      <UnitQty>גרמים</UnitQty>
      <Quantity>700.00</Quantity>
      <UnitOfMeasure>100 גרם</UnitOfMeasure>
      <bIsWeighted>0</bIsWeighted>
      <QtyInPackage>1</QtyInPackage>
      <ItemPrice>12.50</ItemPrice>
      <UnitOfMeasurePrice>1.7857</UnitOfMeasurePrice>
      <AllowDiscount>1</AllowDiscount>
      <ItemStatus>1</ItemStatus>
      <ItemId>251360</ItemId>
    </Item>
    <Item>
      <PriceUpdateDate>2015-01-01 00:00:00</PriceUpdateDate>
      <ItemCode>103549</ItemCode>
      <ItemType>0</ItemType>
      <ItemName>אפונה עדינה 600 גרם</ItemName>
      <ManufacturerName>סנפרוסט בעמ</ManufacturerName>
      <ManufactureCountry>לא ידוע</ManufactureCountry>
      <ManufacturerItemDescription>אפונה עדינה 600 גרם בד"צ</ManufacturerItemDescription>
      <UnitQty>גרמים</UnitQty>
      <Quantity>600.00</Quantity>
      <UnitOfMeasure>100 גרם</UnitOfMeasure>
      <bIsWeighted>0</bIsWeighted>
      <QtyInPackage>1</QtyInPackage>
      <ItemPrice>14.90</ItemPrice>
      <UnitOfMeasurePrice>2.4833</UnitOfMeasurePrice>
      <AllowDiscount>1</AllowDiscount>
      <ItemStatus>1</ItemStatus>
      <ItemId>251361</ItemId>
    </Item>
    <Item>
      <PriceUpdateDate>2015-01-01 00:00:00</PriceUpdateDate>
      <ItemCode>103556</ItemCode>
      <ItemType>0</ItemType>
      <ItemName>גרגירי חומוס 700 גרם</ItemName>
      <ManufacturerName>סנפרוסט בעמ</ManufacturerName>
      <ManufactureCountry>לא ידוע</ManufactureCountry>
      <ManufacturerItemDescription>גרגירי חומוס 700 גרם בד"צ</ManufacturerItemDescription>
      <UnitQty>גרמים</UnitQty>
      <Quantity>700.00</Quantity>
      <UnitOfMeasure>100 גרם</UnitOfMeasure>
      <bIsWeighted>0</bIsWeighted>
      <QtyInPackage>1</QtyInPackage>
      <ItemPrice>12.90</ItemPrice>
      <UnitOfMeasurePrice>1.8429</UnitOfMeasurePrice>
      <AllowDiscount>1</AllowDiscount>
      <ItemStatus>1</ItemStatus>
      <ItemId>251362</ItemId>
    </Item>
    <Item>
      <PriceUpdateDate>2015-01-01 00:00:00</PriceUpdateDate>
      <ItemCode>103570</ItemCode>
      <ItemType>0</ItemType>
      <ItemName>אפונה וגזר 1.2 ק"ג ב</ItemName>
      <ManufacturerName>סנפרוסט בעמ</ManufacturerName>
      <ManufactureCountry>לא ידוע</ManufactureCountry>
      <ManufacturerItemDescription>אפונה וגזר 1.2 ק"ג בד"צ</ManufacturerItemDescription>
      <UnitQty>קילוגרמים</UnitQty>
      <Quantity>1.20</Quantity>
      <UnitOfMeasure>ק"ג     </UnitOfMeasure>
      <bIsWeighted>0</bIsWeighted>
      <QtyInPackage>1</QtyInPackage>
      <ItemPrice>17.90</ItemPrice>
      <UnitOfMeasurePrice>14.9167</UnitOfMeasurePrice>
      <AllowDiscount>1</AllowDiscount>
      <ItemStatus>1</ItemStatus>
      <ItemId>251363</ItemId>
    </Item>
    <Item>
      <PriceUpdateDate>2015-01-01 00:00:00</PriceUpdateDate>
      <ItemCode>7290103156312</ItemCode>
      <ItemType>0</ItemType>
      <ItemName>כף צבעוני ח"פ 100 יח</ItemName>
      <ManufacturerName>MAZLUM</ManufacturerName>
      <ManufactureCountry>לא ידוע</ManufactureCountry>
      <ManufacturerItemDescription>כף צבעוני ח"פ 100 יח</ManufacturerItemDescription>
      <UnitQty>Unknown </UnitQty>
      <Quantity>0.00</Quantity>
      <UnitOfMeasure>Unknown </UnitOfMeasure>
      <bIsWeighted>0</bIsWeighted>
      <QtyInPackage>1</QtyInPackage>
      <ItemPrice>9.90</ItemPrice>
      <UnitOfMeasurePrice>0.0000</UnitOfMeasurePrice>
      <AllowDiscount>1</AllowDiscount>
      <ItemStatus>1</ItemStatus>
      <ItemId>251381</ItemId>
    </Item>
    <Item>
      <PriceUpdateDate>2015-01-01 00:00:00</PriceUpdateDate>
      <ItemCode>7290103156329</ItemCode>
      <ItemType>0</ItemType>
      <ItemName>כפית צבעוני ח"פ 100</ItemName>
      <ManufacturerName>MAZLUM</ManufacturerName>
      <ManufactureCountry>לא ידוע</ManufactureCountry>
      <ManufacturerItemDescription>כפית צבעוני ח"פ 100 יח</ManufacturerItemDescription>
      <UnitQty>Unknown </UnitQty>
      <Quantity>0.00</Quantity>
      <UnitOfMeasure>Unknown </UnitOfMeasure>
      <bIsWeighted>0</bIsWeighted>
      <QtyInPackage>1</QtyInPackage>
      <ItemPrice>9.90</ItemPrice>
      <UnitOfMeasurePrice>0.0000</UnitOfMeasurePrice>
      <AllowDiscount>1</AllowDiscount>
      <ItemStatus>1</ItemStatus>
      <ItemId>251382</ItemId>
    </Item>
    <Item>
      <PriceUpdateDate>2015-01-01 00:00:00</PriceUpdateDate>
      <ItemCode>7290103156336</ItemCode>
      <ItemType>0</ItemType>
      <ItemName>מזלג צבעוני ח"פ  100</ItemName>
      <ManufacturerName>MAZLUM</ManufacturerName>
      <ManufactureCountry>לא ידוע</ManufactureCountry>
      <ManufacturerItemDescription>מזלג צבעוני ח"פ  100 יח</ManufacturerItemDescription>
      <UnitQty>Unknown </UnitQty>
      <Quantity>0.00</Quantity>
      <UnitOfMeasure>Unknown </UnitOfMeasure>
      <bIsWeighted>0</bIsWeighted>
      <QtyInPackage>1</QtyInPackage>
      <ItemPrice>9.90</ItemPrice>
      <UnitOfMeasurePrice>0.0000</UnitOfMeasurePrice>
      <AllowDiscount>1</AllowDiscount>
      <ItemStatus>1</ItemStatus>
      <ItemId>251383</ItemId>
    </Item>
    <Item>
      <PriceUpdateDate>2015-01-01 00:00:00</PriceUpdateDate>
      <ItemCode>7290103156343</ItemCode>
      <ItemType>0</ItemType>
      <ItemName>סכין צבעוני ח"פ 100</ItemName>
      <ManufacturerName>MAZLUM</ManufacturerName>
      <ManufactureCountry>לא ידוע</ManufactureCountry>
      <ManufacturerItemDescription>סכין צבעוני ח"פ 100 יח</ManufacturerItemDescription>
      <UnitQty>Unknown </UnitQty>
      <Quantity>0.00</Quantity>
      <UnitOfMeasure>Unknown </UnitOfMeasure>
      <bIsWeighted>0</bIsWeighted>
      <QtyInPackage>1</QtyInPackage>
      <ItemPrice>9.90</ItemPrice>
      <UnitOfMeasurePrice>0.0000</UnitOfMeasurePrice>
      <AllowDiscount>1</AllowDiscount>
      <ItemStatus>1</ItemStatus>
      <ItemId>251384</ItemId>
    </Item>
    <Item>
      <PriceUpdateDate>2015-01-01 00:00:00</PriceUpdateDate>
      <ItemCode>3574661069456</ItemCode>
      <ItemType>0</ItemType>
      <ItemName>שמפו גונסונס בייבי 7</ItemName>
      <ManufacturerName>גונסון</ManufacturerName>
      <ManufactureCountry>ישראל</ManufactureCountry>
      <ManufacturerItemDescription>שמפו גונסונס בייבי 750 מל</ManufacturerItemDescription>
      <UnitQty>גרמים</UnitQty>
      <Quantity>750.00</Quantity>
      <UnitOfMeasure>100 גרם</UnitOfMeasure>
      <bIsWeighted>0</bIsWeighted>
      <QtyInPackage>1</QtyInPackage>
      <ItemPrice>19.90</ItemPrice>
      <UnitOfMeasurePrice>2.6533</UnitOfMeasurePrice>
      <AllowDiscount>1</AllowDiscount>
      <ItemStatus>1</ItemStatus>
      <ItemId>251386</ItemId>
    </Item>
    <Item>
      <PriceUpdateDate>2016-06-30 14:53:00</PriceUpdateDate>
      <ItemCode>9006575</ItemCode>
      <ItemType>0</ItemType>
      <ItemName>ליצי שקיל</ItemName>
      <ManufacturerName>,</ManufacturerName>
      <ManufactureCountry>לא ידוע</ManufactureCountry>
      <ManufacturerItemDescription>ליצי שקיל</ManufacturerItemDescription>
      <UnitQty>קילוגרמים</UnitQty>
      <Quantity>1.00</Quantity>
      <UnitOfMeasure>ק"ג</UnitOfMeasure>
      <bIsWeighted>1</bIsWeighted>
      <QtyInPackage>לא ידוע</QtyInPackage>
      <ItemPrice>19.90</ItemPrice>
      <UnitOfMeasurePrice>19.9000</UnitOfMeasurePrice>
      <AllowDiscount>1</AllowDiscount>
      <ItemStatus>1</ItemStatus>
      <ItemId>251394</ItemId>
    </Item>
    <Item>
      <PriceUpdateDate>2015-01-01 00:00:00</PriceUpdateDate>
      <ItemCode>2332107</ItemCode>
      <ItemType>0</ItemType>
      <ItemName>קרפיון פרוס במגשית</ItemName>
      <ManufacturerName>דגת הארץ</ManufacturerName>
      <ManufactureCountry>לא ידוע</ManufactureCountry>
      <ManufacturerItemDescription>קרפיון פרוס במגשית</ManufacturerItemDescription>
      <UnitQty>קילוגרמים</UnitQty>
      <Quantity>1.00</Quantity>
      <UnitOfMeasure>ק"ג</UnitOfMeasure>
      <bIsWeighted>1</bIsWeighted>
      <QtyInPackage>לא ידוע</QtyInPackage>
      <ItemPrice>39.90</ItemPrice>
      <UnitOfMeasurePrice>39.9000</UnitOfMeasurePrice>
      <AllowDiscount>1</AllowDiscount>
      <ItemStatus>1</ItemStatus>
      <ItemId>251400</ItemId>
    </Item>
    <Item>
      <PriceUpdateDate>2015-01-01 00:00:00</PriceUpdateDate>
      <ItemCode>2332305</ItemCode>
      <ItemType>0</ItemType>
      <ItemName>בורי טרי פרוס</ItemName>
      <ManufacturerName>דגת הארץ</ManufacturerName>
      <ManufactureCountry>לא ידוע</ManufactureCountry>
      <ManufacturerItemDescription>בורי טרי פרוס</ManufacturerItemDescription>
      <UnitQty>קילוגרמים</UnitQty>
      <Quantity>1.00</Quantity>
      <UnitOfMeasure>ק"ג</UnitOfMeasure>
      <bIsWeighted>1</bIsWeighted>
      <QtyInPackage>לא ידוע</QtyInPackage>
      <ItemPrice>52.90</ItemPrice>
      <UnitOfMeasurePrice>52.9000</UnitOfMeasurePrice>
      <AllowDiscount>1</AllowDiscount>
      <ItemStatus>1</ItemStatus>
      <ItemId>251401</ItemId>
    </Item>
    <Item>
      <PriceUpdateDate>2015-01-01 00:00:00</PriceUpdateDate>
      <ItemCode>2332329</ItemCode>
      <ItemType>0</ItemType>
      <ItemName>פילה סלמון טרי</ItemName>
      <ManufacturerName>דגת הארץ</ManufacturerName>
      <ManufactureCountry>לא ידוע</ManufactureCountry>
      <ManufacturerItemDescription>פילה סלמון טרי</ManufacturerItemDescription>
      <UnitQty>קילוגרמים</UnitQty>
      <Quantity>1.00</Quantity>
      <UnitOfMeasure>ק"ג</UnitOfMeasure>
      <bIsWeighted>1</bIsWeighted>
      <QtyInPackage>לא ידוע</QtyInPackage>
      <ItemPrice>89.90</ItemPrice>
      <UnitOfMeasurePrice>89.9000</UnitOfMeasurePrice>
      <AllowDiscount>1</AllowDiscount>
      <ItemStatus>1</ItemStatus>
      <ItemId>251403</ItemId>
    </Item>
    <Item>
      <PriceUpdateDate>2015-01-01 00:00:00</PriceUpdateDate>
      <ItemCode>2332343</ItemCode>
      <ItemType>0</ItemType>
      <ItemName>אמנון שלם טרי</ItemName>
      <ManufacturerName>דגת הארץ</ManufacturerName>
      <ManufactureCountry>לא ידוע</ManufactureCountry>
      <ManufacturerItemDescription>אמנון שלם טרי</ManufacturerItemDescription>
      <UnitQty>קילוגרמים</UnitQty>
      <Quantity>1.00</Quantity>
      <UnitOfMeasure>ק"ג</UnitOfMeasure>
      <bIsWeighted>1</bIsWeighted>
      <QtyInPackage>לא ידוע</QtyInPackage>
      <ItemPrice>34.90</ItemPrice>
      <UnitOfMeasurePrice>34.9000</UnitOfMeasurePrice>
      <AllowDiscount>1</AllowDiscount>
      <ItemStatus>1</ItemStatus>
      <ItemId>251404</ItemId>
    </Item>
    <Item>
      <PriceUpdateDate>2015-01-01 00:00:00</PriceUpdateDate>
      <ItemCode>8714789930848</ItemCode>
      <ItemType>0</ItemType>
      <ItemName>משחת שיניים קולגייט</ItemName>
      <ManufacturerName>קולגייט פלמוליב</ManufacturerName>
      <ManufactureCountry>פולין</ManufactureCountry>
      <ManufacturerItemDescription>משחת שיניים קולגייט  אופטיק וייט 75 גרם</ManufacturerItemDescription>
      <UnitQty>מיליליטרים</UnitQty>
      <Quantity>75.00</Quantity>
      <UnitOfMeasure>100 מ"ל</UnitOfMeasure>
      <bIsWeighted>0</bIsWeighted>
      <QtyInPackage>1</QtyInPackage>
      <ItemPrice>16.90</ItemPrice>
      <UnitOfMeasurePrice>22.5333</UnitOfMeasurePrice>
      <AllowDiscount>1</AllowDiscount>
      <ItemStatus>1</ItemStatus>
      <ItemId>251410</ItemId>
    </Item>
    <Item>
      <PriceUpdateDate>2015-01-01 00:00:00</PriceUpdateDate>
      <ItemCode>4891228430122</ItemCode>
      <ItemType>0</ItemType>
      <ItemName>סכיני גילוח לנשים שי</ItemName>
      <ManufacturerName>שיק</ManufacturerName>
      <ManufactureCountry>סין</ManufactureCountry>
      <ManufacturerItemDescription>סכיני גילוח לנשים שיק אקזקטה 5+2</ManufacturerItemDescription>
      <UnitQty>Unknown </UnitQty>
      <Quantity>0.00</Quantity>
      <UnitOfMeasure>Unknown </UnitOfMeasure>
      <bIsWeighted>0</bIsWeighted>
      <QtyInPackage>7</QtyInPackage>
      <ItemPrice>9.90</ItemPrice>
      <UnitOfMeasurePrice>0.0000</UnitOfMeasurePrice>
      <AllowDiscount>1</AllowDiscount>
      <ItemStatus>1</ItemStatus>
      <ItemId>251411</ItemId>
    </Item>
    <Item>
      <PriceUpdateDate>2015-01-01 00:00:00</PriceUpdateDate>
      <ItemCode>7290102396481</ItemCode>
      <ItemType>0</ItemType>
      <ItemName>מולר פרופ פרי פסיפלו</ItemName>
      <ManufacturerName>טרה</ManufacturerName>
      <ManufactureCountry>לא ידוע</ManufactureCountry>
      <ManufacturerItemDescription>מולר פרופ פרי פסיפלורה אננס 150 מ"ל</ManufacturerItemDescription>
      <UnitQty>מיליליטרים</UnitQty>
      <Quantity>150.00</Quantity>
      <UnitOfMeasure>100 מ"ל</UnitOfMeasure>
      <bIsWeighted>0</bIsWeighted>
      <QtyInPackage>1</QtyInPackage>
      <ItemPrice>4.80</ItemPrice>
      <UnitOfMeasurePrice>3.2000</UnitOfMeasurePrice>
      <AllowDiscount>1</AllowDiscount>
      <ItemStatus>1</ItemStatus>
      <ItemId>251430</ItemId>
    </Item>
    <Item>
      <PriceUpdateDate>2016-05-23 14:41:01</PriceUpdateDate>
      <ItemCode>768668003640</ItemCode>
      <ItemType>0</ItemType>
      <ItemName>לקט חמוציות ותפו"ע מ</ItemName>
      <ManufacturerName>,</ManufacturerName>
      <ManufactureCountry>לא ידוע</ManufactureCountry>
      <ManufacturerItemDescription>לקט חמוציות ותפו"ע מוקפא 454 גרם</ManufacturerItemDescription>
      <UnitQty>גרמים</UnitQty>
      <Quantity>454.00</Quantity>
      <UnitOfMeasure>100 גרם</UnitOfMeasure>
      <bIsWeighted>0</bIsWeighted>
      <QtyInPackage>1</QtyInPackage>
      <ItemPrice>26.90</ItemPrice>
      <UnitOfMeasurePrice>5.9251</UnitOfMeasurePrice>
      <AllowDiscount>1</AllowDiscount>
      <ItemStatus>1</ItemStatus>
      <ItemId>251434</ItemId>
    </Item>
    <Item>
      <PriceUpdateDate>2015-01-01 00:00:00</PriceUpdateDate>
      <ItemCode>7290010777327</ItemCode>
      <ItemType>0</ItemType>
      <ItemName>מארז פיתה קלה מחיטה</ItemName>
      <ManufacturerName>,</ManufacturerName>
      <ManufactureCountry>לא ידוע</ManufactureCountry>
      <ManufacturerItemDescription>מארז פיתה קלה מחיטה מלאה  12 יח</ManufacturerItemDescription>
      <UnitQty>גרמים</UnitQty>
      <Quantity>600.00</Quantity>
      <UnitOfMeasure>100 גרם</UnitOfMeasure>
      <bIsWeighted>0</bIsWeighted>
      <QtyInPackage>1</QtyInPackage>
      <ItemPrice>11.90</ItemPrice>
      <UnitOfMeasurePrice>1.9833</UnitOfMeasurePrice>
      <AllowDiscount>1</AllowDiscount>
      <ItemStatus>1</ItemStatus>
      <ItemId>251436</ItemId>
    </Item>
    <Item>
      <PriceUpdateDate>2015-01-01 00:00:00</PriceUpdateDate>
      <ItemCode>6952379521317</ItemCode>
      <ItemType>0</ItemType>
      <ItemName>ספוג 1/3</ItemName>
      <ManufacturerName>,</ManufacturerName>
      <ManufactureCountry>לא ידוע</ManufactureCountry>
      <ManufacturerItemDescription>ספוג 1/3</ManufacturerItemDescription>
      <UnitQty>Unknown </UnitQty>
      <Quantity>0.00</Quantity>
      <UnitOfMeasure>Unknown </UnitOfMeasure>
      <bIsWeighted>0</bIsWeighted>
      <QtyInPackage>1</QtyInPackage>
      <ItemPrice>9.90</ItemPrice>
      <UnitOfMeasurePrice>0.0000</UnitOfMeasurePrice>
      <AllowDiscount>1</AllowDiscount>
      <ItemStatus>1</ItemStatus>
      <ItemId>251484</ItemId>
    </Item>
    <Item>
      <PriceUpdateDate>2015-01-01 00:00:00</PriceUpdateDate>
      <ItemCode>7290010561131</ItemCode>
      <ItemType>0</ItemType>
      <ItemName>עוגת אגוזים וקינמון</ItemName>
      <ManufacturerName>,</ManufacturerName>
      <ManufactureCountry>לא ידוע</ManufactureCountry>
      <ManufacturerItemDescription>עוגת אגוזים וקינמון ללא גלוטן</ManufacturerItemDescription>
      <UnitQty>Unknown </UnitQty>
      <Quantity>0.00</Quantity>
      <UnitOfMeasure>Unknown </UnitOfMeasure>
      <bIsWeighted>0</bIsWeighted>
      <QtyInPackage>1</QtyInPackage>
      <ItemPrice>17.90</ItemPrice>
      <UnitOfMeasurePrice>0.0000</UnitOfMeasurePrice>
      <AllowDiscount>1</AllowDiscount>
      <ItemStatus>1</ItemStatus>
      <ItemId>251470</ItemId>
    </Item>
    <Item>
      <PriceUpdateDate>2015-01-01 00:00:00</PriceUpdateDate>
      <ItemCode>4015600581992</ItemCode>
      <ItemType>0</ItemType>
      <ItemName>טבליות למדיח פיירי פ</ItemName>
      <ManufacturerName>פרוקטר</ManufacturerName>
      <ManufactureCountry>לא ידוע</ManufactureCountry>
      <ManufacturerItemDescription>טבליות למדיח פיירי פלטינום 65 יח</ManufacturerItemDescription>
      <UnitQty>Unknown </UnitQty>
      <Quantity>0.00</Quantity>
      <UnitOfMeasure>Unknown </UnitOfMeasure>
      <bIsWeighted>0</bIsWeighted>
      <QtyInPackage>1</QtyInPackage>
      <ItemPrice>29.90</ItemPrice>
      <UnitOfMeasurePrice>0.0000</UnitOfMeasurePrice>
      <AllowDiscount>1</AllowDiscount>
      <ItemStatus>1</ItemStatus>
      <ItemId>251492</ItemId>
    </Item>
    <Item>
      <PriceUpdateDate>2015-01-01 00:00:00</PriceUpdateDate>
      <ItemCode>7290014355385</ItemCode>
      <ItemType>0</ItemType>
      <ItemName>שעועית צהובה 1.5 ק"ג</ItemName>
      <ManufacturerName>מילוטל</ManufacturerName>
      <ManufactureCountry>ישראל</ManufactureCountry>
      <ManufacturerItemDescription>שעועית צהובה 1.5 קג בדצ עדח</ManufacturerItemDescription>
      <UnitQty>קילוגרמים</UnitQty>
      <Quantity>1.50</Quantity>
      <UnitOfMeasure>ק"ג     </UnitOfMeasure>
      <bIsWeighted>0</bIsWeighted>
      <QtyInPackage>1</QtyInPackage>
      <ItemPrice>18.90</ItemPrice>
      <UnitOfMeasurePrice>12.6000</UnitOfMeasurePrice>
      <AllowDiscount>1</AllowDiscount>
      <ItemStatus>1</ItemStatus>
      <ItemId>253947</ItemId>
    </Item>
    <Item>
      <PriceUpdateDate>2015-01-01 00:00:00</PriceUpdateDate>
      <ItemCode>316833</ItemCode>
      <ItemType>0</ItemType>
      <ItemName>נשנושי ברנפלקס 375 ג</ItemName>
      <ManufacturerName>יוניליוור</ManufacturerName>
      <ManufactureCountry>ישראל</ManufactureCountry>
      <ManufacturerItemDescription>נשנושי ברנפלקס 375 גרם</ManufacturerItemDescription>
      <UnitQty>גרמים</UnitQty>
      <Quantity>375.00</Quantity>
      <UnitOfMeasure>100 גרם</UnitOfMeasure>
      <bIsWeighted>0</bIsWeighted>
      <QtyInPackage>1</QtyInPackage>
      <ItemPrice>21.90</ItemPrice>
      <UnitOfMeasurePrice>5.8400</UnitOfMeasurePrice>
      <AllowDiscount>1</AllowDiscount>
      <ItemStatus>1</ItemStatus>
      <ItemId>251531</ItemId>
    </Item>
    <Item>
      <PriceUpdateDate>2015-08-16 09:20:47</PriceUpdateDate>
      <ItemCode>7290015597234</ItemCode>
      <ItemType>0</ItemType>
      <ItemName>מאגדת לייט תות 6 יח</ItemName>
      <ManufacturerName>,</ManufacturerName>
      <ManufactureCountry>לא ידוע</ManufactureCountry>
      <ManufacturerItemDescription>מאגדת לייט תות 6 יח</ManufacturerItemDescription>
      <UnitQty>גרמים</UnitQty>
      <Quantity>234.00</Quantity>
      <UnitOfMeasure>100 גרם</UnitOfMeasure>
      <bIsWeighted>0</bIsWeighted>
      <QtyInPackage>1</QtyInPackage>
      <ItemPrice>19.90</ItemPrice>
      <UnitOfMeasurePrice>8.5043</UnitOfMeasurePrice>
      <AllowDiscount>1</AllowDiscount>
      <ItemStatus>1</ItemStatus>
      <ItemId>264815</ItemId>
    </Item>
    <Item>
      <PriceUpdateDate>2016-01-03 12:17:04</PriceUpdateDate>
      <ItemCode>7290107931830</ItemCode>
      <ItemType>0</ItemType>
      <ItemName>סלט משוויה 400 גרם ט</ItemName>
      <ManufacturerName>שטראוס</ManufacturerName>
      <ManufactureCountry>ישראל</ManufactureCountry>
      <ManufacturerItemDescription>סלט משוויה 400 גרם טעמי השוק</ManufacturerItemDescription>
      <UnitQty>גרמים</UnitQty>
      <Quantity>400.00</Quantity>
      <UnitOfMeasure>100 גרם</UnitOfMeasure>
      <bIsWeighted>0</bIsWeighted>
      <QtyInPackage>1</QtyInPackage>
      <ItemPrice>14.90</ItemPrice>
      <UnitOfMeasurePrice>3.7250</UnitOfMeasurePrice>
      <AllowDiscount>1</AllowDiscount>
      <ItemStatus>1</ItemStatus>
      <ItemId>266351</ItemId>
    </Item>
    <Item>
      <PriceUpdateDate>2016-07-14 08:25:17</PriceUpdateDate>
      <ItemCode>4725426</ItemCode>
      <ItemType>0</ItemType>
      <ItemName>גבינה צהובה עמק 28%</ItemName>
      <ManufacturerName>תנובה מרכז שיתופי לש</ManufacturerName>
      <ManufactureCountry>לא ידוע</ManufactureCountry>
      <ManufacturerItemDescription>גבינה צהובה עמק 28% במשקל</ManufacturerItemDescription>
      <UnitQty>קילוגרמים</UnitQty>
      <Quantity>1.00</Quantity>
      <UnitOfMeasure>ק"ג</UnitOfMeasure>
      <bIsWeighted>1</bIsWeighted>
      <QtyInPackage>לא ידוע</QtyInPackage>
      <ItemPrice>41.30</ItemPrice>
      <UnitOfMeasurePrice>41.3000</UnitOfMeasurePrice>
      <AllowDiscount>1</AllowDiscount>
      <ItemStatus>1</ItemStatus>
      <ItemId>266546</ItemId>
    </Item>
    <Item>
      <PriceUpdateDate>2015-06-14 14:04:10</PriceUpdateDate>
      <ItemCode>838948008051</ItemCode>
      <ItemType>0</ItemType>
      <ItemName>צנימים עגולים קמח מל</ItemName>
      <ManufacturerName>,</ManufacturerName>
      <ManufactureCountry>לא ידוע</ManufactureCountry>
      <ManufacturerItemDescription>טוסטי עגול קמח מלא 300 גרם</ManufacturerItemDescription>
      <UnitQty>גרמים</UnitQty>
      <Quantity>300.00</Quantity>
      <UnitOfMeasure>100 גרם</UnitOfMeasure>
      <bIsWeighted>0</bIsWeighted>
      <QtyInPackage>1</QtyInPackage>
      <ItemPrice>11.90</ItemPrice>
      <UnitOfMeasurePrice>3.9667</UnitOfMeasurePrice>
      <AllowDiscount>1</AllowDiscount>
      <ItemStatus>1</ItemStatus>
      <ItemId>259850</ItemId>
    </Item>
    <Item>
      <PriceUpdateDate>2016-02-15 18:05:54</PriceUpdateDate>
      <ItemCode>3319145</ItemCode>
      <ItemType>0</ItemType>
      <ItemName>קציצות דגים 8 יח הדג</ItemName>
      <ManufacturerName>דג טעים בעמ</ManufacturerName>
      <ManufactureCountry>ישראל</ManufactureCountry>
      <ManufacturerItemDescription>קציצות דגים 8 יח הדג המיוחד</ManufacturerItemDescription>
      <UnitQty>קילוגרמים</UnitQty>
      <Quantity>1.01</Quantity>
      <UnitOfMeasure>ק"ג     </UnitOfMeasure>
      <bIsWeighted>0</bIsWeighted>
      <QtyInPackage>1</QtyInPackage>
      <ItemPrice>13.90</ItemPrice>
      <UnitOfMeasurePrice>13.7624</UnitOfMeasurePrice>
      <AllowDiscount>1</AllowDiscount>
      <ItemStatus>1</ItemStatus>
      <ItemId>266827</ItemId>
    </Item>
    <Item>
      <PriceUpdateDate>2015-01-01 00:00:00</PriceUpdateDate>
      <ItemCode>6736659</ItemCode>
      <ItemType>0</ItemType>
      <ItemName>רוסט טונה פרוס 700 ג</ItemName>
      <ManufacturerName>מעדני מיקי תעשיות מז</ManufacturerName>
      <ManufactureCountry>לא ידוע</ManufactureCountry>
      <ManufacturerItemDescription>רוסט טונה פרוס 700 גרם</ManufacturerItemDescription>
      <UnitQty>גרמים</UnitQty>
      <Quantity>700.00</Quantity>
      <UnitOfMeasure>100 גרם</UnitOfMeasure>
      <bIsWeighted>0</bIsWeighted>
      <QtyInPackage>1</QtyInPackage>
      <ItemPrice>49.90</ItemPrice>
      <UnitOfMeasurePrice>7.1286</UnitOfMeasurePrice>
      <AllowDiscount>1</AllowDiscount>
      <ItemStatus>1</ItemStatus>
      <ItemId>251550</ItemId>
    </Item>
    <Item>
      <PriceUpdateDate>2015-01-01 00:00:00</PriceUpdateDate>
      <ItemCode>96619735921</ItemCode>
      <ItemType>0</ItemType>
      <ItemName>זוג תרסיס שמן קנולה</ItemName>
      <ManufacturerName>,</ManufacturerName>
      <ManufactureCountry>לא ידוע</ManufactureCountry>
      <ManufacturerItemDescription>זוג תרסיס שמן קנולה XL קירקלנד</ManufacturerItemDescription>
      <UnitQty>מיליליטרים</UnitQty>
      <Quantity>908.00</Quantity>
      <UnitOfMeasure>100 מ"ל</UnitOfMeasure>
      <bIsWeighted>0</bIsWeighted>
      <QtyInPackage>1</QtyInPackage>
      <ItemPrice>39.90</ItemPrice>
      <UnitOfMeasurePrice>4.3943</UnitOfMeasurePrice>
      <AllowDiscount>1</AllowDiscount>
      <ItemStatus>1</ItemStatus>
      <ItemId>251551</ItemId>
    </Item>
    <Item>
      <PriceUpdateDate>2015-01-01 00:00:00</PriceUpdateDate>
      <ItemCode>41165028874</ItemCode>
      <ItemType>0</ItemType>
      <ItemName>מזלגות 500 יח עבים ב</ItemName>
      <ManufacturerName>,</ManufacturerName>
      <ManufactureCountry>לא ידוע</ManufactureCountry>
      <ManufacturerItemDescription>מזלגות 500 יח עבים במיוחד SOLO</ManufacturerItemDescription>
      <UnitQty>Unknown </UnitQty>
      <Quantity>0.00</Quantity>
      <UnitOfMeasure>Unknown </UnitOfMeasure>
      <bIsWeighted>0</bIsWeighted>
      <QtyInPackage>1</QtyInPackage>
      <ItemPrice>39.90</ItemPrice>
      <UnitOfMeasurePrice>0.0000</UnitOfMeasurePrice>
      <AllowDiscount>1</AllowDiscount>
      <ItemStatus>1</ItemStatus>
      <ItemId>251553</ItemId>
    </Item>
    <Item>
      <PriceUpdateDate>2015-01-01 00:00:00</PriceUpdateDate>
      <ItemCode>96619126484</ItemCode>
      <ItemType>0</ItemType>
      <ItemName>סט סכום שקוף 360 יח</ItemName>
      <ManufacturerName>,</ManufacturerName>
      <ManufactureCountry>לא ידוע</ManufactureCountry>
      <ManufacturerItemDescription>סט סכום שקוף 360 יח איכותי קירקלנד</ManufacturerItemDescription>
      <UnitQty>Unknown </UnitQty>
      <Quantity>0.00</Quantity>
      <UnitOfMeasure>Unknown </UnitOfMeasure>
      <bIsWeighted>0</bIsWeighted>
      <QtyInPackage>1</QtyInPackage>
      <ItemPrice>49.90</ItemPrice>
      <UnitOfMeasurePrice>0.0000</UnitOfMeasurePrice>
      <AllowDiscount>1</AllowDiscount>
      <ItemStatus>1</ItemStatus>
      <ItemId>251554</ItemId>
    </Item>
    <Item>
      <PriceUpdateDate>2015-01-01 00:00:00</PriceUpdateDate>
      <ItemCode>41390001505</ItemCode>
      <ItemType>0</ItemType>
      <ItemName>רוטב סויה קיקומן</ItemName>
      <ManufacturerName>,</ManufacturerName>
      <ManufactureCountry>לא ידוע</ManufactureCountry>
      <ManufacturerItemDescription>רוטב סויה קיקומן 1.89 ל</ManufacturerItemDescription>
      <UnitQty>ליטרים</UnitQty>
      <Quantity>1.89</Quantity>
      <UnitOfMeasure>ליטר    </UnitOfMeasure>
      <bIsWeighted>0</bIsWeighted>
      <QtyInPackage>1</QtyInPackage>
      <ItemPrice>39.90</ItemPrice>
      <UnitOfMeasurePrice>21.1111</UnitOfMeasurePrice>
      <AllowDiscount>1</AllowDiscount>
      <ItemStatus>1</ItemStatus>
      <ItemId>252113</ItemId>
    </Item>
    <Item>
      <PriceUpdateDate>2015-01-01 00:00:00</PriceUpdateDate>
      <ItemCode>8690637682551</ItemCode>
      <ItemType>0</ItemType>
      <ItemName>מרכך כביסה בדין אקסט</ItemName>
      <ManufacturerName>יוניליוור</ManufacturerName>
      <ManufactureCountry>לא ידוע</ManufactureCountry>
      <ManufacturerItemDescription>מ.כביסה בדין אקסטרא שחור 960 מ"ל</ManufacturerItemDescription>
      <UnitQty>מיליליטרים</UnitQty>
      <Quantity>960.00</Quantity>
      <UnitOfMeasure>100 מ"ל</UnitOfMeasure>
      <bIsWeighted>0</bIsWeighted>
      <QtyInPackage>1</QtyInPackage>
      <ItemPrice>11.90</ItemPrice>
      <UnitOfMeasurePrice>1.2396</UnitOfMeasurePrice>
      <AllowDiscount>1</AllowDiscount>
      <ItemStatus>1</ItemStatus>
      <ItemId>251575</ItemId>
    </Item>
    <Item>
      <PriceUpdateDate>2015-01-01 00:00:00</PriceUpdateDate>
      <ItemCode>2107071</ItemCode>
      <ItemType>0</ItemType>
      <ItemName>גבינת פטה עיזים מעוד</ItemName>
      <ManufacturerName>מחלבת משק צוריאל</ManufacturerName>
      <ManufactureCountry>לא ידוע</ManufactureCountry>
      <ManufacturerItemDescription>גבינת פטה עיזים מעודנת בגביע 200 גרם</ManufacturerItemDescription>
      <UnitQty>גרמים</UnitQty>
      <Quantity>200.00</Quantity>
      <UnitOfMeasure>100 גרם</UnitOfMeasure>
      <bIsWeighted>0</bIsWeighted>
      <QtyInPackage>1</QtyInPackage>
      <ItemPrice>21.90</ItemPrice>
      <UnitOfMeasurePrice>10.9500</UnitOfMeasurePrice>
      <AllowDiscount>1</AllowDiscount>
      <ItemStatus>1</ItemStatus>
      <ItemId>251580</ItemId>
    </Item>
    <Item>
      <PriceUpdateDate>2015-01-01 00:00:00</PriceUpdateDate>
      <ItemCode>7290102394258</ItemCode>
      <ItemType>0</ItemType>
      <ItemName>מה עז  9% 180 גרם</ItemName>
      <ManufacturerName>מחלבת משק צוריאל</ManufacturerName>
      <ManufactureCountry>לא ידוע</ManufactureCountry>
      <ManufacturerItemDescription>מה עז  9% 180 גרם</ManufacturerItemDescription>
      <UnitQty>גרמים</UnitQty>
      <Quantity>180.00</Quantity>
      <UnitOfMeasure>100 גרם</UnitOfMeasure>
      <bIsWeighted>0</bIsWeighted>
      <QtyInPackage>1</QtyInPackage>
      <ItemPrice>21.90</ItemPrice>
      <UnitOfMeasurePrice>12.1667</UnitOfMeasurePrice>
      <AllowDiscount>1</AllowDiscount>
      <ItemStatus>1</ItemStatus>
      <ItemId>251581</ItemId>
    </Item>
    <Item>
      <PriceUpdateDate>2015-01-01 00:00:00</PriceUpdateDate>
      <ItemCode>9720188050109</ItemCode>
      <ItemType>0</ItemType>
      <ItemName>ממרח טופו בטעם שמנת</ItemName>
      <ManufacturerName>מחלבת משק צוריאל</ManufacturerName>
      <ManufactureCountry>לא ידוע</ManufactureCountry>
      <ManufacturerItemDescription>ממרח טופו בטעם שמנת 340 גרם טופוטי</ManufacturerItemDescription>
      <UnitQty>גרמים</UnitQty>
      <Quantity>340.00</Quantity>
      <UnitOfMeasure>100 גרם</UnitOfMeasure>
      <bIsWeighted>0</bIsWeighted>
      <QtyInPackage>1</QtyInPackage>
      <ItemPrice>18.90</ItemPrice>
      <UnitOfMeasurePrice>5.5588</UnitOfMeasurePrice>
      <AllowDiscount>1</AllowDiscount>
      <ItemStatus>1</ItemStatus>
      <ItemId>251582</ItemId>
    </Item>
    <Item>
      <PriceUpdateDate>2015-01-01 00:00:00</PriceUpdateDate>
      <ItemCode>7290010613090</ItemCode>
      <ItemType>0</ItemType>
      <ItemName>נוזל רצפות אורנים 4</ItemName>
      <ManufacturerName>,</ManufacturerName>
      <ManufactureCountry>לא ידוע</ManufactureCountry>
      <ManufacturerItemDescription>נוזל רצפות אורנים 4 ליטר מגיק</ManufacturerItemDescription>
      <UnitQty>ליטרים</UnitQty>
      <Quantity>4.00</Quantity>
      <UnitOfMeasure>ליטר    </UnitOfMeasure>
      <bIsWeighted>0</bIsWeighted>
      <QtyInPackage>1</QtyInPackage>
      <ItemPrice>9.90</ItemPrice>
      <UnitOfMeasurePrice>2.4750</UnitOfMeasurePrice>
      <AllowDiscount>1</AllowDiscount>
      <ItemStatus>1</ItemStatus>
      <ItemId>251587</ItemId>
    </Item>
    <Item>
      <PriceUpdateDate>2015-01-01 00:00:00</PriceUpdateDate>
      <ItemCode>7290013224620</ItemCode>
      <ItemType>0</ItemType>
      <ItemName>נוזל רצפות יסמין 4 ל</ItemName>
      <ManufacturerName>,</ManufacturerName>
      <ManufactureCountry>לא ידוע</ManufactureCountry>
      <ManufacturerItemDescription>נוזל רצפות יסמין 4 ליטר מגיק</ManufacturerItemDescription>
      <UnitQty>ליטרים</UnitQty>
      <Quantity>4.00</Quantity>
      <UnitOfMeasure>ליטר    </UnitOfMeasure>
      <bIsWeighted>0</bIsWeighted>
      <QtyInPackage>1</QtyInPackage>
      <ItemPrice>9.90</ItemPrice>
      <UnitOfMeasurePrice>2.4750</UnitOfMeasurePrice>
      <AllowDiscount>1</AllowDiscount>
      <ItemStatus>1</ItemStatus>
      <ItemId>251588</ItemId>
    </Item>
    <Item>
      <PriceUpdateDate>2015-01-01 00:00:00</PriceUpdateDate>
      <ItemCode>7290012881787</ItemCode>
      <ItemType>0</ItemType>
      <ItemName>מרכך כביסה כחול 4 לי</ItemName>
      <ManufacturerName>,</ManufacturerName>
      <ManufactureCountry>לא ידוע</ManufactureCountry>
      <ManufacturerItemDescription>מרכך כביסה כחול 4 ליטר מגיק</ManufacturerItemDescription>
      <UnitQty>ליטרים</UnitQty>
      <Quantity>4.00</Quantity>
      <UnitOfMeasure>ליטר    </UnitOfMeasure>
      <bIsWeighted>0</bIsWeighted>
      <QtyInPackage>1</QtyInPackage>
      <ItemPrice>12.90</ItemPrice>
      <UnitOfMeasurePrice>3.2250</UnitOfMeasurePrice>
      <AllowDiscount>1</AllowDiscount>
      <ItemStatus>1</ItemStatus>
      <ItemId>251589</ItemId>
    </Item>
    <Item>
      <PriceUpdateDate>2015-01-01 00:00:00</PriceUpdateDate>
      <ItemCode>7290012881800</ItemCode>
      <ItemType>0</ItemType>
      <ItemName>מרכך כביסה לבן 4 ליט</ItemName>
      <ManufacturerName>,</ManufacturerName>
      <ManufactureCountry>לא ידוע</ManufactureCountry>
      <ManufacturerItemDescription>מרכך כביסה לבן 4 ליטר מגיק</ManufacturerItemDescription>
      <UnitQty>ליטרים</UnitQty>
      <Quantity>4.00</Quantity>
      <UnitOfMeasure>ליטר    </UnitOfMeasure>
      <bIsWeighted>0</bIsWeighted>
      <QtyInPackage>1</QtyInPackage>
      <ItemPrice>12.90</ItemPrice>
      <UnitOfMeasurePrice>3.2250</UnitOfMeasurePrice>
      <AllowDiscount>1</AllowDiscount>
      <ItemStatus>1</ItemStatus>
      <ItemId>251590</ItemId>
    </Item>
    <Item>
      <PriceUpdateDate>2015-01-01 00:00:00</PriceUpdateDate>
      <ItemCode>7290012881794</ItemCode>
      <ItemType>0</ItemType>
      <ItemName>מרכך כביסה ורוד 4 לי</ItemName>
      <ManufacturerName>,</ManufacturerName>
      <ManufactureCountry>לא ידוע</ManufactureCountry>
      <ManufacturerItemDescription>מרכך כביסה ורוד 4 ליטר מגיק</ManufacturerItemDescription>
      <UnitQty>ליטרים</UnitQty>
      <Quantity>4.00</Quantity>
      <UnitOfMeasure>ליטר    </UnitOfMeasure>
      <bIsWeighted>0</bIsWeighted>
      <QtyInPackage>1</QtyInPackage>
      <ItemPrice>12.90</ItemPrice>
      <UnitOfMeasurePrice>3.2250</UnitOfMeasurePrice>
      <AllowDiscount>1</AllowDiscount>
      <ItemStatus>1</ItemStatus>
      <ItemId>251591</ItemId>
    </Item>
    <Item>
      <PriceUpdateDate>2015-01-01 00:00:00</PriceUpdateDate>
      <ItemCode>3976508</ItemCode>
      <ItemType>0</ItemType>
      <ItemName>ניקוי אסלות 1 ליטר מ</ItemName>
      <ManufacturerName>,</ManufacturerName>
      <ManufactureCountry>לא ידוע</ManufactureCountry>
      <ManufacturerItemDescription>ניקוי אסלות 1 ליטר מגיק</ManufacturerItemDescription>
      <UnitQty>ליטרים</UnitQty>
      <Quantity>1.00</Quantity>
      <UnitOfMeasure>ליטר    </UnitOfMeasure>
      <bIsWeighted>0</bIsWeighted>
      <QtyInPackage>1</QtyInPackage>
      <ItemPrice>4.90</ItemPrice>
      <UnitOfMeasurePrice>4.9000</UnitOfMeasurePrice>
      <AllowDiscount>1</AllowDiscount>
      <ItemStatus>1</ItemStatus>
      <ItemId>251592</ItemId>
    </Item>
    <Item>
      <PriceUpdateDate>2015-01-01 00:00:00</PriceUpdateDate>
      <ItemCode>7290012881589</ItemCode>
      <ItemType>0</ItemType>
      <ItemName>מטהר אויר בריח אורני</ItemName>
      <ManufacturerName>,</ManufacturerName>
      <ManufactureCountry>לא ידוע</ManufactureCountry>
      <ManufacturerItemDescription>מטהר אויר בריח אורנים 300 מ"ל מגיק</ManufacturerItemDescription>
      <UnitQty>מיליליטרים</UnitQty>
      <Quantity>300.00</Quantity>
      <UnitOfMeasure>100 מ"ל</UnitOfMeasure>
      <bIsWeighted>0</bIsWeighted>
      <QtyInPackage>1</QtyInPackage>
      <ItemPrice>3.90</ItemPrice>
      <UnitOfMeasurePrice>1.3000</UnitOfMeasurePrice>
      <AllowDiscount>1</AllowDiscount>
      <ItemStatus>1</ItemStatus>
      <ItemId>251593</ItemId>
    </Item>
    <Item>
      <PriceUpdateDate>2015-01-01 00:00:00</PriceUpdateDate>
      <ItemCode>7290012881824</ItemCode>
      <ItemType>0</ItemType>
      <ItemName>מטהר אויר בריח לבנדר</ItemName>
      <ManufacturerName>,</ManufacturerName>
      <ManufactureCountry>לא ידוע</ManufactureCountry>
      <ManufacturerItemDescription>מטהר אויר בריח לבנדר 300 מ"ל מגיק</ManufacturerItemDescription>
      <UnitQty>מיליליטרים</UnitQty>
      <Quantity>300.00</Quantity>
      <UnitOfMeasure>100 מ"ל</UnitOfMeasure>
      <bIsWeighted>0</bIsWeighted>
      <QtyInPackage>1</QtyInPackage>
      <ItemPrice>3.90</ItemPrice>
      <UnitOfMeasurePrice>1.3000</UnitOfMeasurePrice>
      <AllowDiscount>1</AllowDiscount>
      <ItemStatus>1</ItemStatus>
      <ItemId>251594</ItemId>
    </Item>
    <Item>
      <PriceUpdateDate>2015-01-01 00:00:00</PriceUpdateDate>
      <ItemCode>7290012881817</ItemCode>
      <ItemType>0</ItemType>
      <ItemName>מטהר אויר בריח לימון</ItemName>
      <ManufacturerName>,</ManufacturerName>
      <ManufactureCountry>לא ידוע</ManufactureCountry>
      <ManufacturerItemDescription>מטהר אויר בריח לימון 300 מ"ל מגיק</ManufacturerItemDescription>
      <UnitQty>מיליליטרים</UnitQty>
      <Quantity>300.00</Quantity>
      <UnitOfMeasure>100 מ"ל</UnitOfMeasure>
      <bIsWeighted>0</bIsWeighted>
      <QtyInPackage>1</QtyInPackage>
      <ItemPrice>3.90</ItemPrice>
      <UnitOfMeasurePrice>1.3000</UnitOfMeasurePrice>
      <AllowDiscount>1</AllowDiscount>
      <ItemStatus>1</ItemStatus>
      <ItemId>251595</ItemId>
    </Item>
    <Item>
      <PriceUpdateDate>2015-10-27 08:28:58</PriceUpdateDate>
      <ItemCode>7290010613533</ItemCode>
      <ItemType>0</ItemType>
      <ItemName>מארז נוזל כלים 3*750</ItemName>
      <ManufacturerName>,</ManufacturerName>
      <ManufactureCountry>לא ידוע</ManufactureCountry>
      <ManufacturerItemDescription>מארז נוזל כלים 3*750 מ"ל מגיק</ManufacturerItemDescription>
      <UnitQty>ליטרים</UnitQty>
      <Quantity>1.50</Quantity>
      <UnitOfMeasure>ליטר    </UnitOfMeasure>
      <bIsWeighted>0</bIsWeighted>
      <QtyInPackage>1</QtyInPackage>
      <ItemPrice>12.90</ItemPrice>
      <UnitOfMeasurePrice>8.6000</UnitOfMeasurePrice>
      <AllowDiscount>1</AllowDiscount>
      <ItemStatus>1</ItemStatus>
      <ItemId>251596</ItemId>
    </Item>
    <Item>
      <PriceUpdateDate>2015-01-01 00:00:00</PriceUpdateDate>
      <ItemCode>7290013946829</ItemCode>
      <ItemType>0</ItemType>
      <ItemName>נוזל כלים 4 ליטר מגי</ItemName>
      <ManufacturerName>,</ManufacturerName>
      <ManufactureCountry>לא ידוע</ManufactureCountry>
      <ManufacturerItemDescription>נוזל כלים 4 ליטר מגיק</ManufacturerItemDescription>
      <UnitQty>ליטרים</UnitQty>
      <Quantity>4.00</Quantity>
      <UnitOfMeasure>ליטר    </UnitOfMeasure>
      <bIsWeighted>0</bIsWeighted>
      <QtyInPackage>1</QtyInPackage>
      <ItemPrice>16.90</ItemPrice>
      <UnitOfMeasurePrice>4.2250</UnitOfMeasurePrice>
      <AllowDiscount>1</AllowDiscount>
      <ItemStatus>1</ItemStatus>
      <ItemId>251597</ItemId>
    </Item>
    <Item>
      <PriceUpdateDate>2015-01-01 00:00:00</PriceUpdateDate>
      <ItemCode>7290013224019</ItemCode>
      <ItemType>0</ItemType>
      <ItemName>מרכך מרוכז ורוד 1 לי</ItemName>
      <ManufacturerName>,</ManufacturerName>
      <ManufactureCountry>לא ידוע</ManufactureCountry>
      <ManufacturerItemDescription>מרכך מרוכז ורוד1 ליטר מגיק</ManufacturerItemDescription>
      <UnitQty>ליטרים</UnitQty>
      <Quantity>1.00</Quantity>
      <UnitOfMeasure>ליטר    </UnitOfMeasure>
      <bIsWeighted>0</bIsWeighted>
      <QtyInPackage>1</QtyInPackage>
      <ItemPrice>7.90</ItemPrice>
      <UnitOfMeasurePrice>7.9000</UnitOfMeasurePrice>
      <AllowDiscount>1</AllowDiscount>
      <ItemStatus>1</ItemStatus>
      <ItemId>251598</ItemId>
    </Item>
    <Item>
      <PriceUpdateDate>2015-01-01 00:00:00</PriceUpdateDate>
      <ItemCode>7290013224026</ItemCode>
      <ItemType>0</ItemType>
      <ItemName>מרכך מרוכז כחול 1 לי</ItemName>
      <ManufacturerName>,</ManufacturerName>
      <ManufactureCountry>לא ידוע</ManufactureCountry>
      <ManufacturerItemDescription>מרכך מרוכז כחול 1 ליטר מגיק</ManufacturerItemDescription>
      <UnitQty>ליטרים</UnitQty>
      <Quantity>1.00</Quantity>
      <UnitOfMeasure>ליטר    </UnitOfMeasure>
      <bIsWeighted>0</bIsWeighted>
      <QtyInPackage>1</QtyInPackage>
      <ItemPrice>7.90</ItemPrice>
      <UnitOfMeasurePrice>7.9000</UnitOfMeasurePrice>
      <AllowDiscount>1</AllowDiscount>
      <ItemStatus>1</ItemStatus>
      <ItemId>251599</ItemId>
    </Item>
    <Item>
      <PriceUpdateDate>2015-01-01 00:00:00</PriceUpdateDate>
      <ItemCode>7290013535948</ItemCode>
      <ItemType>0</ItemType>
      <ItemName>מרכך מרוכז לבן 1 ליט</ItemName>
      <ManufacturerName>,</ManufacturerName>
      <ManufactureCountry>לא ידוע</ManufactureCountry>
      <ManufacturerItemDescription>מרכך מרוכז לבן1 ליטר מגיק</ManufacturerItemDescription>
      <UnitQty>ליטרים</UnitQty>
      <Quantity>1.00</Quantity>
      <UnitOfMeasure>ליטר    </UnitOfMeasure>
      <bIsWeighted>0</bIsWeighted>
      <QtyInPackage>1</QtyInPackage>
      <ItemPrice>7.90</ItemPrice>
      <UnitOfMeasurePrice>7.9000</UnitOfMeasurePrice>
      <AllowDiscount>1</AllowDiscount>
      <ItemStatus>1</ItemStatus>
      <ItemId>251600</ItemId>
    </Item>
    <Item>
      <PriceUpdateDate>2015-01-01 00:00:00</PriceUpdateDate>
      <ItemCode>7290014555013</ItemCode>
      <ItemType>0</ItemType>
      <ItemName>נוזל רצפות מאסק 4 לי</ItemName>
      <ManufacturerName>,</ManufacturerName>
      <ManufactureCountry>לא ידוע</ManufactureCountry>
      <ManufacturerItemDescription>נוזל רצפות מאסק 4 ליטר מגיק</ManufacturerItemDescription>
      <UnitQty>ליטרים</UnitQty>
      <Quantity>4.00</Quantity>
      <UnitOfMeasure>ליטר    </UnitOfMeasure>
      <bIsWeighted>0</bIsWeighted>
      <QtyInPackage>1</QtyInPackage>
      <ItemPrice>9.90</ItemPrice>
      <UnitOfMeasurePrice>2.4750</UnitOfMeasurePrice>
      <AllowDiscount>1</AllowDiscount>
      <ItemStatus>1</ItemStatus>
      <ItemId>251603</ItemId>
    </Item>
    <Item>
      <PriceUpdateDate>2015-01-01 00:00:00</PriceUpdateDate>
      <ItemCode>7290015251198</ItemCode>
      <ItemType>0</ItemType>
      <ItemName>סבון נוזלי נובו 3*50</ItemName>
      <ManufacturerName>,</ManufacturerName>
      <ManufactureCountry>לא ידוע</ManufactureCountry>
      <ManufacturerItemDescription>סבון נזולי נובו 3*500 מ"ל סגול</ManufacturerItemDescription>
      <UnitQty>ליטרים</UnitQty>
      <Quantity>1.50</Quantity>
      <UnitOfMeasure>ליטר    </UnitOfMeasure>
      <bIsWeighted>0</bIsWeighted>
      <QtyInPackage>1</QtyInPackage>
      <ItemPrice>9.90</ItemPrice>
      <UnitOfMeasurePrice>6.6000</UnitOfMeasurePrice>
      <AllowDiscount>1</AllowDiscount>
      <ItemStatus>1</ItemStatus>
      <ItemId>251604</ItemId>
    </Item>
    <Item>
      <PriceUpdateDate>2015-01-01 00:00:00</PriceUpdateDate>
      <ItemCode>7290015251174</ItemCode>
      <ItemType>0</ItemType>
      <ItemName>סבון נוזלי נובו 3*50</ItemName>
      <ManufacturerName>,</ManufacturerName>
      <ManufactureCountry>לא ידוע</ManufactureCountry>
      <ManufacturerItemDescription>סבון נזולי נובו 3*500 מ"ל ירוק</ManufacturerItemDescription>
      <UnitQty>ליטרים</UnitQty>
      <Quantity>1.50</Quantity>
      <UnitOfMeasure>ליטר    </UnitOfMeasure>
      <bIsWeighted>0</bIsWeighted>
      <QtyInPackage>1</QtyInPackage>
      <ItemPrice>9.90</ItemPrice>
      <UnitOfMeasurePrice>6.6000</UnitOfMeasurePrice>
      <AllowDiscount>1</AllowDiscount>
      <ItemStatus>1</ItemStatus>
      <ItemId>251605</ItemId>
    </Item>
    <Item>
      <PriceUpdateDate>2015-01-01 00:00:00</PriceUpdateDate>
      <ItemCode>7290015251181</ItemCode>
      <ItemType>0</ItemType>
      <ItemName>סבון נוזלי נובו 3*50</ItemName>
      <ManufacturerName>,</ManufacturerName>
      <ManufactureCountry>לא ידוע</ManufactureCountry>
      <ManufacturerItemDescription>סבון נזולי נובו 3*500 מ"ל כחול</ManufacturerItemDescription>
      <UnitQty>ליטרים</UnitQty>
      <Quantity>1.50</Quantity>
      <UnitOfMeasure>ליטר    </UnitOfMeasure>
      <bIsWeighted>0</bIsWeighted>
      <QtyInPackage>1</QtyInPackage>
      <ItemPrice>9.90</ItemPrice>
      <UnitOfMeasurePrice>6.6000</UnitOfMeasurePrice>
      <AllowDiscount>1</AllowDiscount>
      <ItemStatus>1</ItemStatus>
      <ItemId>251606</ItemId>
    </Item>
    <Item>
      <PriceUpdateDate>2015-01-01 00:00:00</PriceUpdateDate>
      <ItemCode>7290015251204</ItemCode>
      <ItemType>0</ItemType>
      <ItemName>סבון נוזלי נובו 3*50</ItemName>
      <ManufacturerName>,</ManufacturerName>
      <ManufactureCountry>לא ידוע</ManufactureCountry>
      <ManufacturerItemDescription>סבון נזולי נובו 3*500 מ"ל ורוד</ManufacturerItemDescription>
      <UnitQty>ליטרים</UnitQty>
      <Quantity>1.50</Quantity>
      <UnitOfMeasure>ליטר    </UnitOfMeasure>
      <bIsWeighted>0</bIsWeighted>
      <QtyInPackage>1</QtyInPackage>
      <ItemPrice>9.90</ItemPrice>
      <UnitOfMeasurePrice>6.6000</UnitOfMeasurePrice>
      <AllowDiscount>1</AllowDiscount>
      <ItemStatus>1</ItemStatus>
      <ItemId>251607</ItemId>
    </Item>
    <Item>
      <PriceUpdateDate>2015-01-01 00:00:00</PriceUpdateDate>
      <ItemCode>4015600582319</ItemCode>
      <ItemType>0</ItemType>
      <ItemName>טבליות למדיח פיירי פ</ItemName>
      <ManufacturerName>פרוקטר</ManufacturerName>
      <ManufactureCountry>לא ידוע</ManufactureCountry>
      <ManufacturerItemDescription>טבליות למדיח פיירי פלטינום 50 יח</ManufacturerItemDescription>
      <UnitQty>Unknown </UnitQty>
      <Quantity>0.00</Quantity>
      <UnitOfMeasure>Unknown </UnitOfMeasure>
      <bIsWeighted>0</bIsWeighted>
      <QtyInPackage>1</QtyInPackage>
      <ItemPrice>44.90</ItemPrice>
      <UnitOfMeasurePrice>0.0000</UnitOfMeasurePrice>
      <AllowDiscount>1</AllowDiscount>
      <ItemStatus>1</ItemStatus>
      <ItemId>251610</ItemId>
    </Item>
    <Item>
      <PriceUpdateDate>2016-07-25 13:30:31</PriceUpdateDate>
      <ItemCode>7290107876698</ItemCode>
      <ItemType>0</ItemType>
      <ItemName>בייגלה עיגולים שומשו</ItemName>
      <ManufacturerName>אסם</ManufacturerName>
      <ManufactureCountry>לא ידוע</ManufactureCountry>
      <ManufacturerItemDescription>בייגלה עיגולים שומשום 300 גרם</ManufacturerItemDescription>
      <UnitQty>גרמים</UnitQty>
      <Quantity>300.00</Quantity>
      <UnitOfMeasure>100 גרם</UnitOfMeasure>
      <bIsWeighted>0</bIsWeighted>
      <QtyInPackage>1</QtyInPackage>
      <ItemPrice>8.90</ItemPrice>
      <UnitOfMeasurePrice>2.9667</UnitOfMeasurePrice>
      <AllowDiscount>1</AllowDiscount>
      <ItemStatus>1</ItemStatus>
      <ItemId>268977</ItemId>
    </Item>
    <Item>
      <PriceUpdateDate>2016-02-15 11:53:15</PriceUpdateDate>
      <ItemCode>7290014760912</ItemCode>
      <ItemType>0</ItemType>
      <ItemName>גבינה גוש חלב 400 גר</ItemName>
      <ManufacturerName>תנובה מרכז שיתופי לש</ManufacturerName>
      <ManufactureCountry>לא ידוע</ManufactureCountry>
      <ManufacturerItemDescription>גבינה גוש חלב 400 גרם מהדרין</ManufacturerItemDescription>
      <UnitQty>גרמים</UnitQty>
      <Quantity>400.00</Quantity>
      <UnitOfMeasure>100 גרם</UnitOfMeasure>
      <bIsWeighted>0</bIsWeighted>
      <QtyInPackage>1</QtyInPackage>
      <ItemPrice>23.90</ItemPrice>
      <UnitOfMeasurePrice>5.9750</UnitOfMeasurePrice>
      <AllowDiscount>1</AllowDiscount>
      <ItemStatus>1</ItemStatus>
      <ItemId>251636</ItemId>
    </Item>
    <Item>
      <PriceUpdateDate>2015-01-01 00:00:00</PriceUpdateDate>
      <ItemCode>7290010561537</ItemCode>
      <ItemType>0</ItemType>
      <ItemName>לחם פירות 500 גרם לל</ItemName>
      <ManufacturerName>,</ManufacturerName>
      <ManufactureCountry>לא ידוע</ManufactureCountry>
      <ManufacturerItemDescription>לחם פירות 500 גרם ללא גלוטן</ManufacturerItemDescription>
      <UnitQty>גרמים</UnitQty>
      <Quantity>500.00</Quantity>
      <UnitOfMeasure>100 גרם</UnitOfMeasure>
      <bIsWeighted>0</bIsWeighted>
      <QtyInPackage>1</QtyInPackage>
      <ItemPrice>16.90</ItemPrice>
      <UnitOfMeasurePrice>3.3800</UnitOfMeasurePrice>
      <AllowDiscount>1</AllowDiscount>
      <ItemStatus>1</ItemStatus>
      <ItemId>251644</ItemId>
    </Item>
    <Item>
      <PriceUpdateDate>2015-01-01 00:00:00</PriceUpdateDate>
      <ItemCode>7290103156497</ItemCode>
      <ItemType>0</ItemType>
      <ItemName>סכינים חד פעמי 100 י</ItemName>
      <ManufacturerName>MAZLUM</ManufacturerName>
      <ManufactureCountry>לא ידוע</ManufactureCountry>
      <ManufacturerItemDescription>סכינים חד פעמי 100 יח</ManufacturerItemDescription>
      <UnitQty>Unknown </UnitQty>
      <Quantity>0.00</Quantity>
      <UnitOfMeasure>Unknown </UnitOfMeasure>
      <bIsWeighted>0</bIsWeighted>
      <QtyInPackage>1</QtyInPackage>
      <ItemPrice>3.90</ItemPrice>
      <UnitOfMeasurePrice>0.0000</UnitOfMeasurePrice>
      <AllowDiscount>1</AllowDiscount>
      <ItemStatus>1</ItemStatus>
      <ItemId>252415</ItemId>
    </Item>
    <Item>
      <PriceUpdateDate>2015-01-01 00:00:00</PriceUpdateDate>
      <ItemCode>4891228430139</ItemCode>
      <ItemType>0</ItemType>
      <ItemName>סכיני גילוח לנשים שי</ItemName>
      <ManufacturerName>,</ManufacturerName>
      <ManufactureCountry>לא ידוע</ManufactureCountry>
      <ManufacturerItemDescription>סכיני גילוח לנשים שיק אקזקטה 5+2</ManufacturerItemDescription>
      <UnitQty>Unknown </UnitQty>
      <Quantity>0.00</Quantity>
      <UnitOfMeasure>Unknown </UnitOfMeasure>
      <bIsWeighted>0</bIsWeighted>
      <QtyInPackage>1</QtyInPackage>
      <ItemPrice>9.90</ItemPrice>
      <UnitOfMeasurePrice>0.0000</UnitOfMeasurePrice>
      <AllowDiscount>1</AllowDiscount>
      <ItemStatus>1</ItemStatus>
      <ItemId>251668</ItemId>
    </Item>
    <Item>
      <PriceUpdateDate>2015-01-01 00:00:00</PriceUpdateDate>
      <ItemCode>7290013946171</ItemCode>
      <ItemType>0</ItemType>
      <ItemName>מטהר אויר בריח פריחה</ItemName>
      <ManufacturerName>,</ManufacturerName>
      <ManufactureCountry>לא ידוע</ManufactureCountry>
      <ManufacturerItemDescription>מטהר אויר בריח פריחה 300 מ"ל מגיק</ManufacturerItemDescription>
      <UnitQty>מיליליטרים</UnitQty>
      <Quantity>300.00</Quantity>
      <UnitOfMeasure>100 מ"ל</UnitOfMeasure>
      <bIsWeighted>0</bIsWeighted>
      <QtyInPackage>1</QtyInPackage>
      <ItemPrice>3.90</ItemPrice>
      <UnitOfMeasurePrice>1.3000</UnitOfMeasurePrice>
      <AllowDiscount>1</AllowDiscount>
      <ItemStatus>1</ItemStatus>
      <ItemId>251673</ItemId>
    </Item>
    <Item>
      <PriceUpdateDate>2015-01-01 00:00:00</PriceUpdateDate>
      <ItemCode>1246504</ItemCode>
      <ItemType>0</ItemType>
      <ItemName>אקונומיקה מבושמת 4 ל</ItemName>
      <ManufacturerName>,</ManufacturerName>
      <ManufactureCountry>לא ידוע</ManufactureCountry>
      <ManufacturerItemDescription>אקונומיקה מבושמת 4 ליטר מגיק</ManufacturerItemDescription>
      <UnitQty>ליטרים</UnitQty>
      <Quantity>4.00</Quantity>
      <UnitOfMeasure>ליטר    </UnitOfMeasure>
      <bIsWeighted>0</bIsWeighted>
      <QtyInPackage>1</QtyInPackage>
      <ItemPrice>6.90</ItemPrice>
      <UnitOfMeasurePrice>1.7250</UnitOfMeasurePrice>
      <AllowDiscount>1</AllowDiscount>
      <ItemStatus>1</ItemStatus>
      <ItemId>251674</ItemId>
    </Item>
    <Item>
      <PriceUpdateDate>2015-01-01 00:00:00</PriceUpdateDate>
      <ItemCode>6265357</ItemCode>
      <ItemType>0</ItemType>
      <ItemName>עגבניות לחות</ItemName>
      <ManufacturerName>,</ManufacturerName>
      <ManufactureCountry>לא ידוע</ManufactureCountry>
      <ManufacturerItemDescription>עגבניות לחות</ManufacturerItemDescription>
      <UnitQty>Unknown </UnitQty>
      <Quantity>0.00</Quantity>
      <UnitOfMeasure>Unknown </UnitOfMeasure>
      <bIsWeighted>0</bIsWeighted>
      <QtyInPackage>1</QtyInPackage>
      <ItemPrice>9.90</ItemPrice>
      <UnitOfMeasurePrice>0.0000</UnitOfMeasurePrice>
      <AllowDiscount>1</AllowDiscount>
      <ItemStatus>1</ItemStatus>
      <ItemId>251725</ItemId>
    </Item>
    <Item>
      <PriceUpdateDate>2015-01-01 00:00:00</PriceUpdateDate>
      <ItemCode>7290106576391</ItemCode>
      <ItemType>0</ItemType>
      <ItemName>ציפסי שמנת בצל 50 גר</ItemName>
      <ManufacturerName>,</ManufacturerName>
      <ManufactureCountry>לא ידוע</ManufactureCountry>
      <ManufacturerItemDescription>ציפסי שמנת בצל 50 גרם</ManufacturerItemDescription>
      <UnitQty>גרמים</UnitQty>
      <Quantity>50.00</Quantity>
      <UnitOfMeasure>100 גרם</UnitOfMeasure>
      <bIsWeighted>0</bIsWeighted>
      <QtyInPackage>1</QtyInPackage>
      <ItemPrice>3.50</ItemPrice>
      <UnitOfMeasurePrice>7.0000</UnitOfMeasurePrice>
      <AllowDiscount>1</AllowDiscount>
      <ItemStatus>1</ItemStatus>
      <ItemId>251727</ItemId>
    </Item>
    <Item>
      <PriceUpdateDate>2015-01-01 00:00:00</PriceUpdateDate>
      <ItemCode>7290106576414</ItemCode>
      <ItemType>0</ItemType>
      <ItemName>ציפסי מקסיקני 50 גרם</ItemName>
      <ManufacturerName>אסם</ManufacturerName>
      <ManufactureCountry>לא ידוע</ManufactureCountry>
      <ManufacturerItemDescription>ציפסי מקסיקני 50 גרם</ManufacturerItemDescription>
      <UnitQty>גרמים</UnitQty>
      <Quantity>50.00</Quantity>
      <UnitOfMeasure>100 גרם</UnitOfMeasure>
      <bIsWeighted>0</bIsWeighted>
      <QtyInPackage>1</QtyInPackage>
      <ItemPrice>3.50</ItemPrice>
      <UnitOfMeasurePrice>7.0000</UnitOfMeasurePrice>
      <AllowDiscount>1</AllowDiscount>
      <ItemStatus>1</ItemStatus>
      <ItemId>251728</ItemId>
    </Item>
    <Item>
      <PriceUpdateDate>2015-01-01 00:00:00</PriceUpdateDate>
      <ItemCode>2109372</ItemCode>
      <ItemType>0</ItemType>
      <ItemName>אצבעות פילו בולגרית</ItemName>
      <ManufacturerName>שלושת האופים</ManufacturerName>
      <ManufactureCountry>לא ידוע</ManufactureCountry>
      <ManufacturerItemDescription>אצבעות פילו בולגרית 700 גרם</ManufacturerItemDescription>
      <UnitQty>גרמים</UnitQty>
      <Quantity>700.00</Quantity>
      <UnitOfMeasure>100 גרם</UnitOfMeasure>
      <bIsWeighted>0</bIsWeighted>
      <QtyInPackage>1</QtyInPackage>
      <ItemPrice>18.90</ItemPrice>
      <UnitOfMeasurePrice>2.7000</UnitOfMeasurePrice>
      <AllowDiscount>1</AllowDiscount>
      <ItemStatus>1</ItemStatus>
      <ItemId>251751</ItemId>
    </Item>
    <Item>
      <PriceUpdateDate>2015-01-01 00:00:00</PriceUpdateDate>
      <ItemCode>2487364</ItemCode>
      <ItemType>0</ItemType>
      <ItemName>בורקס פילו גבינה וזי</ItemName>
      <ManufacturerName>שלושת האופים</ManufacturerName>
      <ManufactureCountry>לא ידוע</ManufactureCountry>
      <ManufacturerItemDescription>בורקס פילו גבינה וזיתים 700 גרם</ManufacturerItemDescription>
      <UnitQty>גרמים</UnitQty>
      <Quantity>700.00</Quantity>
      <UnitOfMeasure>100 גרם</UnitOfMeasure>
      <bIsWeighted>0</bIsWeighted>
      <QtyInPackage>1</QtyInPackage>
      <ItemPrice>18.90</ItemPrice>
      <UnitOfMeasurePrice>2.7000</UnitOfMeasurePrice>
      <AllowDiscount>1</AllowDiscount>
      <ItemStatus>1</ItemStatus>
      <ItemId>251752</ItemId>
    </Item>
    <Item>
      <PriceUpdateDate>2015-01-01 00:00:00</PriceUpdateDate>
      <ItemCode>4230944</ItemCode>
      <ItemType>0</ItemType>
      <ItemName>מקלות פילו גבינה 700</ItemName>
      <ManufacturerName>שלושת האופים</ManufacturerName>
      <ManufactureCountry>לא ידוע</ManufactureCountry>
      <ManufacturerItemDescription>מקלות פילו גבינה 700 גרם</ManufacturerItemDescription>
      <UnitQty>גרמים</UnitQty>
      <Quantity>700.00</Quantity>
      <UnitOfMeasure>100 גרם</UnitOfMeasure>
      <bIsWeighted>0</bIsWeighted>
      <QtyInPackage>1</QtyInPackage>
      <ItemPrice>18.90</ItemPrice>
      <UnitOfMeasurePrice>2.7000</UnitOfMeasurePrice>
      <AllowDiscount>1</AllowDiscount>
      <ItemStatus>1</ItemStatus>
      <ItemId>251753</ItemId>
    </Item>
    <Item>
      <PriceUpdateDate>2016-03-01 13:05:52</PriceUpdateDate>
      <ItemCode>7290015139618</ItemCode>
      <ItemType>1</ItemType>
      <ItemName>שוקולד קורנפלקס צימו</ItemName>
      <ManufacturerName>כרמית</ManufacturerName>
      <ManufactureCountry>ישראל</ManufactureCountry>
      <ManufacturerItemDescription>שוקולד קורנפלקס צימוקים ללא גלוטן 100 גר</ManufacturerItemDescription>
      <UnitQty>גרמים</UnitQty>
      <Quantity>100.00</Quantity>
      <UnitOfMeasure>100 גרם</UnitOfMeasure>
      <bIsWeighted>0</bIsWeighted>
      <QtyInPackage>1</QtyInPackage>
      <ItemPrice>9.90</ItemPrice>
      <UnitOfMeasurePrice>9.9000</UnitOfMeasurePrice>
      <AllowDiscount>1</AllowDiscount>
      <ItemStatus>1</ItemStatus>
      <ItemId>267099</ItemId>
    </Item>
    <Item>
      <PriceUpdateDate>2015-01-01 00:00:00</PriceUpdateDate>
      <ItemCode>7290106520097</ItemCode>
      <ItemType>0</ItemType>
      <ItemName>עוגיות בוקר אנרגי אג</ItemName>
      <ManufacturerName>,</ManufacturerName>
      <ManufactureCountry>לא ידוע</ManufactureCountry>
      <ManufacturerItemDescription>עוגיות בוקר אנרגי אגוזים 150 גרם</ManufacturerItemDescription>
      <UnitQty>גרמים</UnitQty>
      <Quantity>150.00</Quantity>
      <UnitOfMeasure>100 גרם</UnitOfMeasure>
      <bIsWeighted>0</bIsWeighted>
      <QtyInPackage>1</QtyInPackage>
      <ItemPrice>14.90</ItemPrice>
      <UnitOfMeasurePrice>9.9333</UnitOfMeasurePrice>
      <AllowDiscount>1</AllowDiscount>
      <ItemStatus>1</ItemStatus>
      <ItemId>251763</ItemId>
    </Item>
    <Item>
      <PriceUpdateDate>2016-02-15 18:05:54</PriceUpdateDate>
      <ItemCode>1901670</ItemCode>
      <ItemType>0</ItemType>
      <ItemName>קציצות דגים 4 יח ללא</ItemName>
      <ManufacturerName>דג טעים בעמ</ManufacturerName>
      <ManufactureCountry>ישראל</ManufactureCountry>
      <ManufacturerItemDescription>קציצות דגים 4 יח ללא סוכר</ManufacturerItemDescription>
      <UnitQty>קילוגרמים</UnitQty>
      <Quantity>1.01</Quantity>
      <UnitOfMeasure>ק"ג     </UnitOfMeasure>
      <bIsWeighted>0</bIsWeighted>
      <QtyInPackage>1</QtyInPackage>
      <ItemPrice>12.90</ItemPrice>
      <UnitOfMeasurePrice>12.7723</UnitOfMeasurePrice>
      <AllowDiscount>1</AllowDiscount>
      <ItemStatus>1</ItemStatus>
      <ItemId>266828</ItemId>
    </Item>
    <Item>
      <PriceUpdateDate>2015-01-01 00:00:00</PriceUpdateDate>
      <ItemCode>7290102396436</ItemCode>
      <ItemType>0</ItemType>
      <ItemName>מו שוקולד 125 גרם</ItemName>
      <ManufacturerName>טרה</ManufacturerName>
      <ManufactureCountry>לא ידוע</ManufactureCountry>
      <ManufacturerItemDescription>מו שוקולד 125 גרם</ManufacturerItemDescription>
      <UnitQty>גרמים</UnitQty>
      <Quantity>125.00</Quantity>
      <UnitOfMeasure>100 גרם</UnitOfMeasure>
      <bIsWeighted>0</bIsWeighted>
      <QtyInPackage>1</QtyInPackage>
      <ItemPrice>2.80</ItemPrice>
      <UnitOfMeasurePrice>2.2400</UnitOfMeasurePrice>
      <AllowDiscount>1</AllowDiscount>
      <ItemStatus>1</ItemStatus>
      <ItemId>251769</ItemId>
    </Item>
    <Item>
      <PriceUpdateDate>2015-01-01 00:00:00</PriceUpdateDate>
      <ItemCode>7290102396443</ItemCode>
      <ItemType>0</ItemType>
      <ItemName>מו וניל 125 גרם</ItemName>
      <ManufacturerName>טרה</ManufacturerName>
      <ManufactureCountry>לא ידוע</ManufactureCountry>
      <ManufacturerItemDescription>מו וניל 125 גרם</ManufacturerItemDescription>
      <UnitQty>גרמים</UnitQty>
      <Quantity>125.00</Quantity>
      <UnitOfMeasure>100 גרם</UnitOfMeasure>
      <bIsWeighted>0</bIsWeighted>
      <QtyInPackage>1</QtyInPackage>
      <ItemPrice>2.80</ItemPrice>
      <UnitOfMeasurePrice>2.2400</UnitOfMeasurePrice>
      <AllowDiscount>1</AllowDiscount>
      <ItemStatus>1</ItemStatus>
      <ItemId>251770</ItemId>
    </Item>
    <Item>
      <PriceUpdateDate>2015-01-01 00:00:00</PriceUpdateDate>
      <ItemCode>7290102396498</ItemCode>
      <ItemType>0</ItemType>
      <ItemName>מו תות 125 גרם</ItemName>
      <ManufacturerName>טרה</ManufacturerName>
      <ManufactureCountry>לא ידוע</ManufactureCountry>
      <ManufacturerItemDescription>מו תות 125 גרם</ManufacturerItemDescription>
      <UnitQty>גרמים</UnitQty>
      <Quantity>125.00</Quantity>
      <UnitOfMeasure>100 גרם</UnitOfMeasure>
      <bIsWeighted>0</bIsWeighted>
      <QtyInPackage>1</QtyInPackage>
      <ItemPrice>2.80</ItemPrice>
      <UnitOfMeasurePrice>2.2400</UnitOfMeasurePrice>
      <AllowDiscount>1</AllowDiscount>
      <ItemStatus>1</ItemStatus>
      <ItemId>251771</ItemId>
    </Item>
    <Item>
      <PriceUpdateDate>2015-01-01 00:00:00</PriceUpdateDate>
      <ItemCode>7290106577961</ItemCode>
      <ItemType>0</ItemType>
      <ItemName>דגני בוקר ציריוס משי</ItemName>
      <ManufacturerName>גנרל מילס</ManufacturerName>
      <ManufactureCountry>לא ידוע</ManufactureCountry>
      <ManufacturerItemDescription>דגני בוקר ציריוס משיבולת שועל 340 גרם</ManufacturerItemDescription>
      <UnitQty>גרמים</UnitQty>
      <Quantity>340.00</Quantity>
      <UnitOfMeasure>100 גרם</UnitOfMeasure>
      <bIsWeighted>0</bIsWeighted>
      <QtyInPackage>1</QtyInPackage>
      <ItemPrice>16.90</ItemPrice>
      <UnitOfMeasurePrice>4.9706</UnitOfMeasurePrice>
      <AllowDiscount>1</AllowDiscount>
      <ItemStatus>1</ItemStatus>
      <ItemId>251828</ItemId>
    </Item>
    <Item>
      <PriceUpdateDate>2015-01-01 00:00:00</PriceUpdateDate>
      <ItemCode>2206750</ItemCode>
      <ItemType>0</ItemType>
      <ItemName>שריר הזרוע מקומי קהי</ItemName>
      <ManufacturerName>,</ManufacturerName>
      <ManufactureCountry>לא ידוע</ManufactureCountry>
      <ManufacturerItemDescription>שריר הזרוע מקומי קהילות</ManufacturerItemDescription>
      <UnitQty>קילוגרמים</UnitQty>
      <Quantity>1.00</Quantity>
      <UnitOfMeasure>ק"ג</UnitOfMeasure>
      <bIsWeighted>1</bIsWeighted>
      <QtyInPackage>לא ידוע</QtyInPackage>
      <ItemPrice>79.90</ItemPrice>
      <UnitOfMeasurePrice>79.9000</UnitOfMeasurePrice>
      <AllowDiscount>1</AllowDiscount>
      <ItemStatus>1</ItemStatus>
      <ItemId>251865</ItemId>
    </Item>
    <Item>
      <PriceUpdateDate>2015-01-01 00:00:00</PriceUpdateDate>
      <ItemCode>7290010328468</ItemCode>
      <ItemType>0</ItemType>
      <ItemName>חטיפי מיני חלבה 216</ItemName>
      <ManufacturerName>אחדות ביחר לטחינה חל</ManufacturerName>
      <ManufactureCountry>לא ידוע</ManufactureCountry>
      <ManufacturerItemDescription>חטיפי מיני חלבה 216 גרם</ManufacturerItemDescription>
      <UnitQty>גרמים</UnitQty>
      <Quantity>216.00</Quantity>
      <UnitOfMeasure>100 גרם</UnitOfMeasure>
      <bIsWeighted>0</bIsWeighted>
      <QtyInPackage>1</QtyInPackage>
      <ItemPrice>9.90</ItemPrice>
      <UnitOfMeasurePrice>4.5833</UnitOfMeasurePrice>
      <AllowDiscount>1</AllowDiscount>
      <ItemStatus>1</ItemStatus>
      <ItemId>251875</ItemId>
    </Item>
    <Item>
      <PriceUpdateDate>2015-01-01 00:00:00</PriceUpdateDate>
      <ItemCode>7290010328505</ItemCode>
      <ItemType>0</ItemType>
      <ItemName>חטיפי מיני חלבה ללא</ItemName>
      <ManufacturerName>אחדות ביחר לטחינה חל</ManufacturerName>
      <ManufactureCountry>לא ידוע</ManufactureCountry>
      <ManufacturerItemDescription>חטיפי מיני חלבה ללא סוכר 150 גרם</ManufacturerItemDescription>
      <UnitQty>גרמים</UnitQty>
      <Quantity>150.00</Quantity>
      <UnitOfMeasure>100 גרם</UnitOfMeasure>
      <bIsWeighted>0</bIsWeighted>
      <QtyInPackage>1</QtyInPackage>
      <ItemPrice>9.90</ItemPrice>
      <UnitOfMeasurePrice>6.6000</UnitOfMeasurePrice>
      <AllowDiscount>1</AllowDiscount>
      <ItemStatus>1</ItemStatus>
      <ItemId>251876</ItemId>
    </Item>
    <Item>
      <PriceUpdateDate>2015-01-01 00:00:00</PriceUpdateDate>
      <ItemCode>7290013927101</ItemCode>
      <ItemType>0</ItemType>
      <ItemName>עוגת תפוחים ללא תוספ</ItemName>
      <ManufacturerName>אחדות ביחר לטחינה חל</ManufacturerName>
      <ManufactureCountry>לא ידוע</ManufactureCountry>
      <ManufacturerItemDescription>עוגת תפוחים ללא תוספת סוכר 450 גרם</ManufacturerItemDescription>
      <UnitQty>גרמים</UnitQty>
      <Quantity>450.00</Quantity>
      <UnitOfMeasure>100 גרם</UnitOfMeasure>
      <bIsWeighted>0</bIsWeighted>
      <QtyInPackage>1</QtyInPackage>
      <ItemPrice>10.90</ItemPrice>
      <UnitOfMeasurePrice>2.4222</UnitOfMeasurePrice>
      <AllowDiscount>1</AllowDiscount>
      <ItemStatus>1</ItemStatus>
      <ItemId>251878</ItemId>
    </Item>
    <Item>
      <PriceUpdateDate>2015-01-01 00:00:00</PriceUpdateDate>
      <ItemCode>7290013927156</ItemCode>
      <ItemType>0</ItemType>
      <ItemName>עוגת פירות יער ללא ת</ItemName>
      <ManufacturerName>אחדות ביחר לטחינה חל</ManufacturerName>
      <ManufactureCountry>לא ידוע</ManufactureCountry>
      <ManufacturerItemDescription>עוגת פירות יער ללא תוספת סוכר 450 גרם</ManufacturerItemDescription>
      <UnitQty>גרמים</UnitQty>
      <Quantity>450.00</Quantity>
      <UnitOfMeasure>100 גרם</UnitOfMeasure>
      <bIsWeighted>0</bIsWeighted>
      <QtyInPackage>1</QtyInPackage>
      <ItemPrice>10.90</ItemPrice>
      <UnitOfMeasurePrice>2.4222</UnitOfMeasurePrice>
      <AllowDiscount>1</AllowDiscount>
      <ItemStatus>1</ItemStatus>
      <ItemId>251879</ItemId>
    </Item>
    <Item>
      <PriceUpdateDate>2015-01-01 00:00:00</PriceUpdateDate>
      <ItemCode>835811006411</ItemCode>
      <ItemType>0</ItemType>
      <ItemName>כוס משושה 50 יח</ItemName>
      <ManufacturerName>,</ManufacturerName>
      <ManufactureCountry>לא ידוע</ManufactureCountry>
      <ManufacturerItemDescription>כוס משושה 50 יח</ManufacturerItemDescription>
      <UnitQty>Unknown </UnitQty>
      <Quantity>0.00</Quantity>
      <UnitOfMeasure>Unknown </UnitOfMeasure>
      <bIsWeighted>0</bIsWeighted>
      <QtyInPackage>1</QtyInPackage>
      <ItemPrice>9.90</ItemPrice>
      <UnitOfMeasurePrice>0.0000</UnitOfMeasurePrice>
      <AllowDiscount>1</AllowDiscount>
      <ItemStatus>1</ItemStatus>
      <ItemId>251881</ItemId>
    </Item>
    <Item>
      <PriceUpdateDate>2015-01-01 00:00:00</PriceUpdateDate>
      <ItemCode>2107385</ItemCode>
      <ItemType>0</ItemType>
      <ItemName>גליל גבינת עיזים 180</ItemName>
      <ManufacturerName>מחלבת משק צוריאל</ManufacturerName>
      <ManufactureCountry>לא ידוע</ManufactureCountry>
      <ManufacturerItemDescription>גליל גבינת עיזים 180 גרם</ManufacturerItemDescription>
      <UnitQty>גרמים</UnitQty>
      <Quantity>180.00</Quantity>
      <UnitOfMeasure>100 גרם</UnitOfMeasure>
      <bIsWeighted>0</bIsWeighted>
      <QtyInPackage>1</QtyInPackage>
      <ItemPrice>19.90</ItemPrice>
      <UnitOfMeasurePrice>11.0556</UnitOfMeasurePrice>
      <AllowDiscount>1</AllowDiscount>
      <ItemStatus>1</ItemStatus>
      <ItemId>251896</ItemId>
    </Item>
    <Item>
      <PriceUpdateDate>2015-01-01 00:00:00</PriceUpdateDate>
      <ItemCode>3277599395061</ItemCode>
      <ItemType>0</ItemType>
      <ItemName>גבינה כחולה עם עובש</ItemName>
      <ManufacturerName>סוסיאטה לאיטרס לאקאי</ManufacturerName>
      <ManufactureCountry>לא ידוע</ManufactureCountry>
      <ManufacturerItemDescription>גבינה כחולה עם עובש לבן 250 גרם</ManufacturerItemDescription>
      <UnitQty>גרמים</UnitQty>
      <Quantity>250.00</Quantity>
      <UnitOfMeasure>100 גרם</UnitOfMeasure>
      <bIsWeighted>0</bIsWeighted>
      <QtyInPackage>1</QtyInPackage>
      <ItemPrice>32.90</ItemPrice>
      <UnitOfMeasurePrice>13.1600</UnitOfMeasurePrice>
      <AllowDiscount>1</AllowDiscount>
      <ItemStatus>1</ItemStatus>
      <ItemId>251897</ItemId>
    </Item>
    <Item>
      <PriceUpdateDate>2015-01-01 00:00:00</PriceUpdateDate>
      <ItemCode>3277599095121</ItemCode>
      <ItemType>0</ItemType>
      <ItemName>גבינה כחולה 27.5% 12</ItemName>
      <ManufacturerName>סוסיאטה לאיטרס לאקאי</ManufacturerName>
      <ManufactureCountry>לא ידוע</ManufactureCountry>
      <ManufacturerItemDescription>גבינה כחולה 27.5% 125 גרם</ManufacturerItemDescription>
      <UnitQty>גרמים</UnitQty>
      <Quantity>125.00</Quantity>
      <UnitOfMeasure>100 גרם</UnitOfMeasure>
      <bIsWeighted>0</bIsWeighted>
      <QtyInPackage>1</QtyInPackage>
      <ItemPrice>17.90</ItemPrice>
      <UnitOfMeasurePrice>14.3200</UnitOfMeasurePrice>
      <AllowDiscount>1</AllowDiscount>
      <ItemStatus>1</ItemStatus>
      <ItemId>251898</ItemId>
    </Item>
    <Item>
      <PriceUpdateDate>2015-01-01 00:00:00</PriceUpdateDate>
      <ItemCode>7290013261014</ItemCode>
      <ItemType>0</ItemType>
      <ItemName>גבינה חצי קשה 22% 20</ItemName>
      <ManufacturerName>מאיטרס לאיטרס</ManufacturerName>
      <ManufactureCountry>לא ידוע</ManufactureCountry>
      <ManufacturerItemDescription>גבינה חצי קשה 22% 200 גרם</ManufacturerItemDescription>
      <UnitQty>גרמים</UnitQty>
      <Quantity>200.00</Quantity>
      <UnitOfMeasure>100 גרם</UnitOfMeasure>
      <bIsWeighted>0</bIsWeighted>
      <QtyInPackage>1</QtyInPackage>
      <ItemPrice>27.90</ItemPrice>
      <UnitOfMeasurePrice>13.9500</UnitOfMeasurePrice>
      <AllowDiscount>1</AllowDiscount>
      <ItemStatus>1</ItemStatus>
      <ItemId>251899</ItemId>
    </Item>
    <Item>
      <PriceUpdateDate>2015-01-01 00:00:00</PriceUpdateDate>
      <ItemCode>7290102396580</ItemCode>
      <ItemType>0</ItemType>
      <ItemName>מו שוקולד ומוס שוקול</ItemName>
      <ManufacturerName>טרה</ManufacturerName>
      <ManufactureCountry>לא ידוע</ManufactureCountry>
      <ManufacturerItemDescription>מו שוקולד ומוס שוקולד 123 גרם</ManufacturerItemDescription>
      <UnitQty>גרמים</UnitQty>
      <Quantity>123.00</Quantity>
      <UnitOfMeasure>100 גרם</UnitOfMeasure>
      <bIsWeighted>0</bIsWeighted>
      <QtyInPackage>1</QtyInPackage>
      <ItemPrice>2.80</ItemPrice>
      <UnitOfMeasurePrice>2.2764</UnitOfMeasurePrice>
      <AllowDiscount>1</AllowDiscount>
      <ItemStatus>1</ItemStatus>
      <ItemId>251901</ItemId>
    </Item>
    <Item>
      <PriceUpdateDate>2015-01-01 00:00:00</PriceUpdateDate>
      <ItemCode>7290102396597</ItemCode>
      <ItemType>0</ItemType>
      <ItemName>מו וניל ומוס שוקולד</ItemName>
      <ManufacturerName>טרה</ManufacturerName>
      <ManufactureCountry>לא ידוע</ManufactureCountry>
      <ManufacturerItemDescription>מו וניל ומוס שוקולד 123 גרם</ManufacturerItemDescription>
      <UnitQty>גרמים</UnitQty>
      <Quantity>123.00</Quantity>
      <UnitOfMeasure>100 גרם</UnitOfMeasure>
      <bIsWeighted>0</bIsWeighted>
      <QtyInPackage>1</QtyInPackage>
      <ItemPrice>2.80</ItemPrice>
      <UnitOfMeasurePrice>2.2764</UnitOfMeasurePrice>
      <AllowDiscount>1</AllowDiscount>
      <ItemStatus>1</ItemStatus>
      <ItemId>251902</ItemId>
    </Item>
    <Item>
      <PriceUpdateDate>2015-01-01 00:00:00</PriceUpdateDate>
      <ItemCode>7290102396399</ItemCode>
      <ItemType>0</ItemType>
      <ItemName>מאגדת מעדן שוקולד 8*</ItemName>
      <ManufacturerName>טרה</ManufacturerName>
      <ManufactureCountry>לא ידוע</ManufactureCountry>
      <ManufacturerItemDescription>מאגדת מעדן שוקולד 8*100 גרם</ManufacturerItemDescription>
      <UnitQty>גרמים</UnitQty>
      <Quantity>800.00</Quantity>
      <UnitOfMeasure>100 גרם</UnitOfMeasure>
      <bIsWeighted>0</bIsWeighted>
      <QtyInPackage>1</QtyInPackage>
      <ItemPrice>12.90</ItemPrice>
      <UnitOfMeasurePrice>1.6125</UnitOfMeasurePrice>
      <AllowDiscount>1</AllowDiscount>
      <ItemStatus>1</ItemStatus>
      <ItemId>251903</ItemId>
    </Item>
    <Item>
      <PriceUpdateDate>2015-01-01 00:00:00</PriceUpdateDate>
      <ItemCode>7290102396405</ItemCode>
      <ItemType>0</ItemType>
      <ItemName>מאגדת מעדן וניל</ItemName>
      <ManufacturerName>טרה</ManufacturerName>
      <ManufactureCountry>לא ידוע</ManufactureCountry>
      <ManufacturerItemDescription>מאגדת מעדן וניל 8*100 גרם</ManufacturerItemDescription>
      <UnitQty>גרמים</UnitQty>
      <Quantity>800.00</Quantity>
      <UnitOfMeasure>100 גרם</UnitOfMeasure>
      <bIsWeighted>0</bIsWeighted>
      <QtyInPackage>1</QtyInPackage>
      <ItemPrice>12.90</ItemPrice>
      <UnitOfMeasurePrice>1.6125</UnitOfMeasurePrice>
      <AllowDiscount>1</AllowDiscount>
      <ItemStatus>1</ItemStatus>
      <ItemId>251904</ItemId>
    </Item>
    <Item>
      <PriceUpdateDate>2015-10-07 18:31:11</PriceUpdateDate>
      <ItemCode>7290014324077</ItemCode>
      <ItemType>0</ItemType>
      <ItemName>שקיות פסגור גודל L</ItemName>
      <ManufacturerName>,</ManufacturerName>
      <ManufactureCountry>לא ידוע</ManufactureCountry>
      <ManufacturerItemDescription>שקיות פסגור הקפאה גודל L</ManufacturerItemDescription>
      <UnitQty>Unknown </UnitQty>
      <Quantity>0.00</Quantity>
      <UnitOfMeasure>Unknown </UnitOfMeasure>
      <bIsWeighted>0</bIsWeighted>
      <QtyInPackage>1</QtyInPackage>
      <ItemPrice>15.90</ItemPrice>
      <UnitOfMeasurePrice>0.0000</UnitOfMeasurePrice>
      <AllowDiscount>1</AllowDiscount>
      <ItemStatus>1</ItemStatus>
      <ItemId>265414</ItemId>
    </Item>
    <Item>
      <PriceUpdateDate>2016-02-15 11:53:16</PriceUpdateDate>
      <ItemCode>50300</ItemCode>
      <ItemType>0</ItemType>
      <ItemName>גבינה 5% מהדרין 125</ItemName>
      <ManufacturerName>תנובה מרכז שיתופי לש</ManufacturerName>
      <ManufactureCountry>לא ידוע</ManufactureCountry>
      <ManufacturerItemDescription>גבינה 5% מהדרין 125 גרם</ManufacturerItemDescription>
      <UnitQty>גרמים</UnitQty>
      <Quantity>125.00</Quantity>
      <UnitOfMeasure>100 גרם</UnitOfMeasure>
      <bIsWeighted>0</bIsWeighted>
      <QtyInPackage>1</QtyInPackage>
      <ItemPrice>2.30</ItemPrice>
      <UnitOfMeasurePrice>1.8400</UnitOfMeasurePrice>
      <AllowDiscount>1</AllowDiscount>
      <ItemStatus>1</ItemStatus>
      <ItemId>251911</ItemId>
    </Item>
    <Item>
      <PriceUpdateDate>2016-02-05 07:19:47</PriceUpdateDate>
      <ItemCode>7290013358967</ItemCode>
      <ItemType>0</ItemType>
      <ItemName>קראנצוס מיקס בוטנים</ItemName>
      <ManufacturerName>מנה</ManufacturerName>
      <ManufactureCountry>ישראל</ManufactureCountry>
      <ManufacturerItemDescription>קראנצוס מיקס בוטנים 40 גרם</ManufacturerItemDescription>
      <UnitQty>גרמים</UnitQty>
      <Quantity>40.00</Quantity>
      <UnitOfMeasure>100 גרם</UnitOfMeasure>
      <bIsWeighted>0</bIsWeighted>
      <QtyInPackage>1</QtyInPackage>
      <ItemPrice>1.90</ItemPrice>
      <UnitOfMeasurePrice>4.7500</UnitOfMeasurePrice>
      <AllowDiscount>1</AllowDiscount>
      <ItemStatus>1</ItemStatus>
      <ItemId>251943</ItemId>
    </Item>
    <Item>
      <PriceUpdateDate>2016-06-19 10:07:56</PriceUpdateDate>
      <ItemCode>838948007726</ItemCode>
      <ItemType>0</ItemType>
      <ItemName>ממרח שוקולד אגוזים ח</ItemName>
      <ManufacturerName>,</ManufacturerName>
      <ManufactureCountry>לא ידוע</ManufactureCountry>
      <ManufacturerItemDescription>ממרח שוקולד אגוזים חלבי שניידרס 400 גרם</ManufacturerItemDescription>
      <UnitQty>גרמים</UnitQty>
      <Quantity>400.00</Quantity>
      <UnitOfMeasure>100 גרם</UnitOfMeasure>
      <bIsWeighted>0</bIsWeighted>
      <QtyInPackage>1</QtyInPackage>
      <ItemPrice>13.90</ItemPrice>
      <UnitOfMeasurePrice>3.4750</UnitOfMeasurePrice>
      <AllowDiscount>1</AllowDiscount>
      <ItemStatus>1</ItemStatus>
      <ItemId>251944</ItemId>
    </Item>
    <Item>
      <PriceUpdateDate>2016-06-19 10:07:56</PriceUpdateDate>
      <ItemCode>838948004596</ItemCode>
      <ItemType>0</ItemType>
      <ItemName>ממרח פסטו 550 גרם</ItemName>
      <ManufacturerName>,</ManufacturerName>
      <ManufactureCountry>לא ידוע</ManufactureCountry>
      <ManufacturerItemDescription>ממרח פסטו 550 גרם</ManufacturerItemDescription>
      <UnitQty>גרמים</UnitQty>
      <Quantity>550.00</Quantity>
      <UnitOfMeasure>100 גרם</UnitOfMeasure>
      <bIsWeighted>0</bIsWeighted>
      <QtyInPackage>1</QtyInPackage>
      <ItemPrice>19.90</ItemPrice>
      <UnitOfMeasurePrice>3.6182</UnitOfMeasurePrice>
      <AllowDiscount>1</AllowDiscount>
      <ItemStatus>1</ItemStatus>
      <ItemId>251945</ItemId>
    </Item>
    <Item>
      <PriceUpdateDate>2016-03-08 11:15:54</PriceUpdateDate>
      <ItemCode>838948001670</ItemCode>
      <ItemType>0</ItemType>
      <ItemName>ממרח פסטו 190 גרם</ItemName>
      <ManufacturerName>,</ManufacturerName>
      <ManufactureCountry>לא ידוע</ManufactureCountry>
      <ManufacturerItemDescription>ממרח פסטו 190 גרם</ManufacturerItemDescription>
      <UnitQty>גרמים</UnitQty>
      <Quantity>190.00</Quantity>
      <UnitOfMeasure>100 גרם</UnitOfMeasure>
      <bIsWeighted>0</bIsWeighted>
      <QtyInPackage>1</QtyInPackage>
      <ItemPrice>8.90</ItemPrice>
      <UnitOfMeasurePrice>4.6842</UnitOfMeasurePrice>
      <AllowDiscount>1</AllowDiscount>
      <ItemStatus>1</ItemStatus>
      <ItemId>251946</ItemId>
    </Item>
    <Item>
      <PriceUpdateDate>2016-03-08 11:15:54</PriceUpdateDate>
      <ItemCode>838948002271</ItemCode>
      <ItemType>0</ItemType>
      <ItemName>עוגיות שוקולד ציפס ק</ItemName>
      <ManufacturerName>,</ManufacturerName>
      <ManufactureCountry>לא ידוע</ManufactureCountry>
      <ManufacturerItemDescription>עוגיות שוקולד ציפס קקאו שניידרס 200 גרם</ManufacturerItemDescription>
      <UnitQty>גרמים</UnitQty>
      <Quantity>200.00</Quantity>
      <UnitOfMeasure>100 גרם</UnitOfMeasure>
      <bIsWeighted>0</bIsWeighted>
      <QtyInPackage>1</QtyInPackage>
      <ItemPrice>9.90</ItemPrice>
      <UnitOfMeasurePrice>4.9500</UnitOfMeasurePrice>
      <AllowDiscount>1</AllowDiscount>
      <ItemStatus>1</ItemStatus>
      <ItemId>251947</ItemId>
    </Item>
    <Item>
      <PriceUpdateDate>2016-03-08 11:15:54</PriceUpdateDate>
      <ItemCode>838948004497</ItemCode>
      <ItemType>0</ItemType>
      <ItemName>עוגיות שוקולד ציפס 2</ItemName>
      <ManufacturerName>,</ManufacturerName>
      <ManufactureCountry>לא ידוע</ManufactureCountry>
      <ManufacturerItemDescription>עוגיות שוקולד ציפס שניידרס 200 גרם</ManufacturerItemDescription>
      <UnitQty>גרמים</UnitQty>
      <Quantity>200.00</Quantity>
      <UnitOfMeasure>100 גרם</UnitOfMeasure>
      <bIsWeighted>0</bIsWeighted>
      <QtyInPackage>1</QtyInPackage>
      <ItemPrice>9.90</ItemPrice>
      <UnitOfMeasurePrice>4.9500</UnitOfMeasurePrice>
      <AllowDiscount>1</AllowDiscount>
      <ItemStatus>1</ItemStatus>
      <ItemId>251948</ItemId>
    </Item>
    <Item>
      <PriceUpdateDate>2016-06-19 10:07:56</PriceUpdateDate>
      <ItemCode>838948001656</ItemCode>
      <ItemType>0</ItemType>
      <ItemName>וופל בלגי בציפוי שוק</ItemName>
      <ManufacturerName>,</ManufacturerName>
      <ManufactureCountry>לא ידוע</ManufactureCountry>
      <ManufacturerItemDescription>וופל בלגי בציפוי שוקולד שניידרס 200 גרם</ManufacturerItemDescription>
      <UnitQty>גרמים</UnitQty>
      <Quantity>200.00</Quantity>
      <UnitOfMeasure>100 גרם</UnitOfMeasure>
      <bIsWeighted>0</bIsWeighted>
      <QtyInPackage>1</QtyInPackage>
      <ItemPrice>7.90</ItemPrice>
      <UnitOfMeasurePrice>3.9500</UnitOfMeasurePrice>
      <AllowDiscount>1</AllowDiscount>
      <ItemStatus>1</ItemStatus>
      <ItemId>251951</ItemId>
    </Item>
    <Item>
      <PriceUpdateDate>2015-01-01 00:00:00</PriceUpdateDate>
      <ItemCode>416441</ItemCode>
      <ItemType>0</ItemType>
      <ItemName>ממרח שוקולד השחר 1 ק</ItemName>
      <ManufacturerName>השחר העולה תעשית ממת</ManufacturerName>
      <ManufactureCountry>לא ידוע</ManufactureCountry>
      <ManufacturerItemDescription>ממרח שוקולד השחר 1 ק"ג חלבי בד"צ</ManufacturerItemDescription>
      <UnitQty>קילוגרמים</UnitQty>
      <Quantity>1.00</Quantity>
      <UnitOfMeasure>ק"ג     </UnitOfMeasure>
      <bIsWeighted>0</bIsWeighted>
      <QtyInPackage>1</QtyInPackage>
      <ItemPrice>19.90</ItemPrice>
      <UnitOfMeasurePrice>19.9000</UnitOfMeasurePrice>
      <AllowDiscount>1</AllowDiscount>
      <ItemStatus>1</ItemStatus>
      <ItemId>251955</ItemId>
    </Item>
    <Item>
      <PriceUpdateDate>2015-01-01 00:00:00</PriceUpdateDate>
      <ItemCode>7290105180841</ItemCode>
      <ItemType>0</ItemType>
      <ItemName>צמרוני אוזניים עץ 50</ItemName>
      <ManufacturerName>,</ManufacturerName>
      <ManufactureCountry>לא ידוע</ManufactureCountry>
      <ManufacturerItemDescription>צמרוני אוזניים עץ 500 יח</ManufacturerItemDescription>
      <UnitQty>Unknown </UnitQty>
      <Quantity>0.00</Quantity>
      <UnitOfMeasure>Unknown </UnitOfMeasure>
      <bIsWeighted>0</bIsWeighted>
      <QtyInPackage>1</QtyInPackage>
      <ItemPrice>3.90</ItemPrice>
      <UnitOfMeasurePrice>0.0000</UnitOfMeasurePrice>
      <AllowDiscount>1</AllowDiscount>
      <ItemStatus>1</ItemStatus>
      <ItemId>251969</ItemId>
    </Item>
    <Item>
      <PriceUpdateDate>2016-06-19 10:07:56</PriceUpdateDate>
      <ItemCode>838948007412</ItemCode>
      <ItemType>0</ItemType>
      <ItemName>ממרח שוקולד וניל שני</ItemName>
      <ManufacturerName>,</ManufacturerName>
      <ManufactureCountry>לא ידוע</ManufactureCountry>
      <ManufacturerItemDescription>ממרח שוקולד וניל שניידרס 400 גרם</ManufacturerItemDescription>
      <UnitQty>גרמים</UnitQty>
      <Quantity>400.00</Quantity>
      <UnitOfMeasure>100 גרם</UnitOfMeasure>
      <bIsWeighted>0</bIsWeighted>
      <QtyInPackage>1</QtyInPackage>
      <ItemPrice>13.90</ItemPrice>
      <UnitOfMeasurePrice>3.4750</UnitOfMeasurePrice>
      <AllowDiscount>1</AllowDiscount>
      <ItemStatus>1</ItemStatus>
      <ItemId>252039</ItemId>
    </Item>
    <Item>
      <PriceUpdateDate>2015-01-01 00:00:00</PriceUpdateDate>
      <ItemCode>5756399</ItemCode>
      <ItemType>0</ItemType>
      <ItemName>רולדה חזה הודו לנדא</ItemName>
      <ManufacturerName>,</ManufacturerName>
      <ManufactureCountry>לא ידוע</ManufactureCountry>
      <ManufacturerItemDescription>רולדה חזה הודו לנדא</ManufacturerItemDescription>
      <UnitQty>קילוגרמים</UnitQty>
      <Quantity>1.00</Quantity>
      <UnitOfMeasure>ק"ג</UnitOfMeasure>
      <bIsWeighted>1</bIsWeighted>
      <QtyInPackage>לא ידוע</QtyInPackage>
      <ItemPrice>39.90</ItemPrice>
      <UnitOfMeasurePrice>39.9000</UnitOfMeasurePrice>
      <AllowDiscount>1</AllowDiscount>
      <ItemStatus>1</ItemStatus>
      <ItemId>252048</ItemId>
    </Item>
    <Item>
      <PriceUpdateDate>2015-01-01 00:00:00</PriceUpdateDate>
      <ItemCode>81311</ItemCode>
      <ItemType>0</ItemType>
      <ItemName>גלידת גויה וניל משוב</ItemName>
      <ManufacturerName>גלידות נסטלה</ManufacturerName>
      <ManufactureCountry>לא ידוע</ManufactureCountry>
      <ManufacturerItemDescription>גלידת גויה וניל משובח 500 מ"ל</ManufacturerItemDescription>
      <UnitQty>מיליליטרים</UnitQty>
      <Quantity>500.00</Quantity>
      <UnitOfMeasure>100 מ"ל</UnitOfMeasure>
      <bIsWeighted>0</bIsWeighted>
      <QtyInPackage>1</QtyInPackage>
      <ItemPrice>18.90</ItemPrice>
      <UnitOfMeasurePrice>3.7800</UnitOfMeasurePrice>
      <AllowDiscount>1</AllowDiscount>
      <ItemStatus>1</ItemStatus>
      <ItemId>252052</ItemId>
    </Item>
    <Item>
      <PriceUpdateDate>2015-01-01 00:00:00</PriceUpdateDate>
      <ItemCode>7290106579316</ItemCode>
      <ItemType>0</ItemType>
      <ItemName>גלידת גויה וניל עוגי</ItemName>
      <ManufacturerName>גלידות נסטלה</ManufacturerName>
      <ManufactureCountry>לא ידוע</ManufactureCountry>
      <ManufacturerItemDescription>גלידת גויה וניל עוגיות 500 מ"ל</ManufacturerItemDescription>
      <UnitQty>מיליליטרים</UnitQty>
      <Quantity>500.00</Quantity>
      <UnitOfMeasure>100 מ"ל</UnitOfMeasure>
      <bIsWeighted>0</bIsWeighted>
      <QtyInPackage>1</QtyInPackage>
      <ItemPrice>18.90</ItemPrice>
      <UnitOfMeasurePrice>3.7800</UnitOfMeasurePrice>
      <AllowDiscount>1</AllowDiscount>
      <ItemStatus>1</ItemStatus>
      <ItemId>252055</ItemId>
    </Item>
    <Item>
      <PriceUpdateDate>2015-01-01 00:00:00</PriceUpdateDate>
      <ItemCode>79875</ItemCode>
      <ItemType>0</ItemType>
      <ItemName>גלידת גויה מייפל פקא</ItemName>
      <ManufacturerName>גלידות נסטלה</ManufacturerName>
      <ManufactureCountry>ישראל</ManufactureCountry>
      <ManufacturerItemDescription>גלידת גויה מייפל פקאן 500 מל</ManufacturerItemDescription>
      <UnitQty>מיליליטרים</UnitQty>
      <Quantity>500.00</Quantity>
      <UnitOfMeasure>100 מ"ל</UnitOfMeasure>
      <bIsWeighted>0</bIsWeighted>
      <QtyInPackage>1</QtyInPackage>
      <ItemPrice>18.90</ItemPrice>
      <UnitOfMeasurePrice>3.7800</UnitOfMeasurePrice>
      <AllowDiscount>1</AllowDiscount>
      <ItemStatus>1</ItemStatus>
      <ItemId>252056</ItemId>
    </Item>
    <Item>
      <PriceUpdateDate>2015-01-01 00:00:00</PriceUpdateDate>
      <ItemCode>7290106579330</ItemCode>
      <ItemType>0</ItemType>
      <ItemName>גלידת גויה ריבת חלב</ItemName>
      <ManufacturerName>גלידות נסטלה</ManufacturerName>
      <ManufactureCountry>לא ידוע</ManufactureCountry>
      <ManufacturerItemDescription>גלידת גויה ריבת חלב 500 מ"ל</ManufacturerItemDescription>
      <UnitQty>מיליליטרים</UnitQty>
      <Quantity>500.00</Quantity>
      <UnitOfMeasure>100 מ"ל</UnitOfMeasure>
      <bIsWeighted>0</bIsWeighted>
      <QtyInPackage>1</QtyInPackage>
      <ItemPrice>18.90</ItemPrice>
      <UnitOfMeasurePrice>3.7800</UnitOfMeasurePrice>
      <AllowDiscount>1</AllowDiscount>
      <ItemStatus>1</ItemStatus>
      <ItemId>252057</ItemId>
    </Item>
    <Item>
      <PriceUpdateDate>2015-01-01 00:00:00</PriceUpdateDate>
      <ItemCode>96619561858</ItemCode>
      <ItemType>0</ItemType>
      <ItemName>דפים למייבש כביסה 25</ItemName>
      <ManufacturerName>,</ManufacturerName>
      <ManufactureCountry>לא ידוע</ManufactureCountry>
      <ManufacturerItemDescription>דפים למייבש כביסה 250 יח קירקלנד</ManufacturerItemDescription>
      <UnitQty>Unknown </UnitQty>
      <Quantity>0.00</Quantity>
      <UnitOfMeasure>Unknown </UnitOfMeasure>
      <bIsWeighted>0</bIsWeighted>
      <QtyInPackage>1</QtyInPackage>
      <ItemPrice>29.90</ItemPrice>
      <UnitOfMeasurePrice>0.0000</UnitOfMeasurePrice>
      <AllowDiscount>1</AllowDiscount>
      <ItemStatus>1</ItemStatus>
      <ItemId>252119</ItemId>
    </Item>
    <Item>
      <PriceUpdateDate>2015-01-01 00:00:00</PriceUpdateDate>
      <ItemCode>7290103155346</ItemCode>
      <ItemType>0</ItemType>
      <ItemName>מגש קריסטל 3 יח</ItemName>
      <ManufacturerName>אינפלסטיק</ManufacturerName>
      <ManufactureCountry>לא ידוע</ManufactureCountry>
      <ManufacturerItemDescription>מגש קריסטל 3 יח</ManufacturerItemDescription>
      <UnitQty>Unknown </UnitQty>
      <Quantity>0.00</Quantity>
      <UnitOfMeasure>Unknown </UnitOfMeasure>
      <bIsWeighted>0</bIsWeighted>
      <QtyInPackage>1</QtyInPackage>
      <ItemPrice>9.90</ItemPrice>
      <UnitOfMeasurePrice>0.0000</UnitOfMeasurePrice>
      <AllowDiscount>1</AllowDiscount>
      <ItemStatus>1</ItemStatus>
      <ItemId>252147</ItemId>
    </Item>
    <Item>
      <PriceUpdateDate>2015-01-01 00:00:00</PriceUpdateDate>
      <ItemCode>4084500078796</ItemCode>
      <ItemType>0</ItemType>
      <ItemName>טבליות כביסה אריאל פ</ItemName>
      <ManufacturerName>פרוקטר</ManufacturerName>
      <ManufactureCountry>לא ידוע</ManufactureCountry>
      <ManufacturerItemDescription>טבליות כביסה אריאל פודס קולור 28 יח</ManufacturerItemDescription>
      <UnitQty>Unknown </UnitQty>
      <Quantity>0.00</Quantity>
      <UnitOfMeasure>Unknown </UnitOfMeasure>
      <bIsWeighted>0</bIsWeighted>
      <QtyInPackage>1</QtyInPackage>
      <ItemPrice>34.90</ItemPrice>
      <UnitOfMeasurePrice>0.0000</UnitOfMeasurePrice>
      <AllowDiscount>1</AllowDiscount>
      <ItemStatus>1</ItemStatus>
      <ItemId>252151</ItemId>
    </Item>
    <Item>
      <PriceUpdateDate>2015-12-24 07:05:31</PriceUpdateDate>
      <ItemCode>7290104854248</ItemCode>
      <ItemType>1</ItemType>
      <ItemName>צלחת שקופה גדולה 12</ItemName>
      <ManufacturerName>,</ManufacturerName>
      <ManufactureCountry>לא ידוע</ManufactureCountry>
      <ManufacturerItemDescription>צלחת שקופה גדולה 12 יח</ManufacturerItemDescription>
      <UnitQty>Unknown </UnitQty>
      <Quantity>0.00</Quantity>
      <UnitOfMeasure>Unknown </UnitOfMeasure>
      <bIsWeighted>0</bIsWeighted>
      <QtyInPackage>1</QtyInPackage>
      <ItemPrice>5.00</ItemPrice>
      <UnitOfMeasurePrice>0.0000</UnitOfMeasurePrice>
      <AllowDiscount>1</AllowDiscount>
      <ItemStatus>1</ItemStatus>
      <ItemId>266217</ItemId>
    </Item>
    <Item>
      <PriceUpdateDate>2016-07-04 16:25:35</PriceUpdateDate>
      <ItemCode>4770237048095</ItemCode>
      <ItemType>1</ItemType>
      <ItemName>גלידה יוגורט עם חמוצ</ItemName>
      <ManufacturerName>,</ManufacturerName>
      <ManufactureCountry>לא ידוע</ManufactureCountry>
      <ManufacturerItemDescription>גלידה יוגורט עם חמוציות בכוס</ManufacturerItemDescription>
      <UnitQty>גרמים</UnitQty>
      <Quantity>82.00</Quantity>
      <UnitOfMeasure>100 גרם</UnitOfMeasure>
      <bIsWeighted>0</bIsWeighted>
      <QtyInPackage>1</QtyInPackage>
      <ItemPrice>4.90</ItemPrice>
      <UnitOfMeasurePrice>5.9756</UnitOfMeasurePrice>
      <AllowDiscount>1</AllowDiscount>
      <ItemStatus>1</ItemStatus>
      <ItemId>268771</ItemId>
    </Item>
    <Item>
      <PriceUpdateDate>2015-01-01 00:00:00</PriceUpdateDate>
      <ItemCode>43427007504</ItemCode>
      <ItemType>0</ItemType>
      <ItemName>שקיות רשת לבישול</ItemName>
      <ManufacturerName>ליברס</ManufacturerName>
      <ManufactureCountry>לא ידוע</ManufactureCountry>
      <ManufacturerItemDescription>שקיות רשת לבישול</ManufacturerItemDescription>
      <UnitQty>לא מנהל יחידת מידה</UnitQty>
      <Quantity>0.00</Quantity>
      <UnitOfMeasure>לא מנהל יחידת מידה</UnitOfMeasure>
      <bIsWeighted>0</bIsWeighted>
      <QtyInPackage>1</QtyInPackage>
      <ItemPrice>10.90</ItemPrice>
      <UnitOfMeasurePrice>0.0000</UnitOfMeasurePrice>
      <AllowDiscount>1</AllowDiscount>
      <ItemStatus>1</ItemStatus>
      <ItemId>252171</ItemId>
    </Item>
    <Item>
      <PriceUpdateDate>2016-01-18 13:00:04</PriceUpdateDate>
      <ItemCode>43427182041</ItemCode>
      <ItemType>0</ItemType>
      <ItemName>בייגלה שמיניות 340 ג</ItemName>
      <ManufacturerName>ליברס</ManufacturerName>
      <ManufactureCountry>לא ידוע</ManufactureCountry>
      <ManufacturerItemDescription>בייגלה שמיניות 340 גרם ליברס</ManufacturerItemDescription>
      <UnitQty>גרמים</UnitQty>
      <Quantity>340.00</Quantity>
      <UnitOfMeasure>100 גרם</UnitOfMeasure>
      <bIsWeighted>0</bIsWeighted>
      <QtyInPackage>1</QtyInPackage>
      <ItemPrice>8.90</ItemPrice>
      <UnitOfMeasurePrice>2.6176</UnitOfMeasurePrice>
      <AllowDiscount>1</AllowDiscount>
      <ItemStatus>1</ItemStatus>
      <ItemId>252186</ItemId>
    </Item>
    <Item>
      <PriceUpdateDate>2016-01-18 13:00:06</PriceUpdateDate>
      <ItemCode>43427182065</ItemCode>
      <ItemType>0</ItemType>
      <ItemName>בייגלה מרובעים 340 ג</ItemName>
      <ManufacturerName>ליברס</ManufacturerName>
      <ManufactureCountry>ארצות הברית</ManufactureCountry>
      <ManufacturerItemDescription>בייגלה מרובעים 340 גרם ליברס</ManufacturerItemDescription>
      <UnitQty>גרמים</UnitQty>
      <Quantity>340.00</Quantity>
      <UnitOfMeasure>100 גרם</UnitOfMeasure>
      <bIsWeighted>0</bIsWeighted>
      <QtyInPackage>1</QtyInPackage>
      <ItemPrice>8.90</ItemPrice>
      <UnitOfMeasurePrice>2.6176</UnitOfMeasurePrice>
      <AllowDiscount>1</AllowDiscount>
      <ItemStatus>1</ItemStatus>
      <ItemId>252188</ItemId>
    </Item>
    <Item>
      <PriceUpdateDate>2015-09-17 14:46:31</PriceUpdateDate>
      <ItemCode>25675010857</ItemCode>
      <ItemType>0</ItemType>
      <ItemName>עוגיות עם שבבי שוקול</ItemName>
      <ManufacturerName>,</ManufacturerName>
      <ManufactureCountry>לא ידוע</ManufactureCountry>
      <ManufacturerItemDescription>עוגיות עם שבבי שוקולד 389 גרם</ManufacturerItemDescription>
      <UnitQty>גרמים</UnitQty>
      <Quantity>389.00</Quantity>
      <UnitOfMeasure>100 גרם</UnitOfMeasure>
      <bIsWeighted>0</bIsWeighted>
      <QtyInPackage>1</QtyInPackage>
      <ItemPrice>17.90</ItemPrice>
      <UnitOfMeasurePrice>4.6015</UnitOfMeasurePrice>
      <AllowDiscount>1</AllowDiscount>
      <ItemStatus>1</ItemStatus>
      <ItemId>252349</ItemId>
    </Item>
    <Item>
      <PriceUpdateDate>2015-09-01 13:30:02</PriceUpdateDate>
      <ItemCode>7290015347075</ItemCode>
      <ItemType>0</ItemType>
      <ItemName>שומשום 250 גרם</ItemName>
      <ManufacturerName>מיה תעשיות מזון בעמ</ManufacturerName>
      <ManufactureCountry>ישראל</ManufactureCountry>
      <ManufacturerItemDescription>שומשום 250 גרם</ManufacturerItemDescription>
      <UnitQty>גרמים</UnitQty>
      <Quantity>250.00</Quantity>
      <UnitOfMeasure>100 גרם</UnitOfMeasure>
      <bIsWeighted>0</bIsWeighted>
      <QtyInPackage>1</QtyInPackage>
      <ItemPrice>6.90</ItemPrice>
      <UnitOfMeasurePrice>2.7600</UnitOfMeasurePrice>
      <AllowDiscount>1</AllowDiscount>
      <ItemStatus>1</ItemStatus>
      <ItemId>252367</ItemId>
    </Item>
    <Item>
      <PriceUpdateDate>2016-07-08 08:59:17</PriceUpdateDate>
      <ItemCode>5756504</ItemCode>
      <ItemType>0</ItemType>
      <ItemName>צלעות בקר ברקאי</ItemName>
      <ManufacturerName>מ ב גלאט עוף למהדרין</ManufacturerName>
      <ManufactureCountry>ישראל</ManufactureCountry>
      <ManufacturerItemDescription>צלעות בקר ברקאי</ManufacturerItemDescription>
      <UnitQty>קילוגרמים</UnitQty>
      <Quantity>1.00</Quantity>
      <UnitOfMeasure>ק"ג</UnitOfMeasure>
      <bIsWeighted>1</bIsWeighted>
      <QtyInPackage>1</QtyInPackage>
      <ItemPrice>74.90</ItemPrice>
      <UnitOfMeasurePrice>74.9000</UnitOfMeasurePrice>
      <AllowDiscount>1</AllowDiscount>
      <ItemStatus>1</ItemStatus>
      <ItemId>252373</ItemId>
    </Item>
    <Item>
      <PriceUpdateDate>2015-09-21 08:15:33</PriceUpdateDate>
      <ItemCode>7290107871990</ItemCode>
      <ItemType>0</ItemType>
      <ItemName>פסטה צינורות 500 גרם</ItemName>
      <ManufacturerName>זארה</ManufacturerName>
      <ManufactureCountry>לא ידוע</ManufactureCountry>
      <ManufacturerItemDescription>פסטה צינורות 500 גרם</ManufacturerItemDescription>
      <UnitQty>גרמים</UnitQty>
      <Quantity>500.00</Quantity>
      <UnitOfMeasure>100 גרם</UnitOfMeasure>
      <bIsWeighted>0</bIsWeighted>
      <QtyInPackage>1</QtyInPackage>
      <ItemPrice>5.90</ItemPrice>
      <UnitOfMeasurePrice>1.1800</UnitOfMeasurePrice>
      <AllowDiscount>1</AllowDiscount>
      <ItemStatus>1</ItemStatus>
      <ItemId>252381</ItemId>
    </Item>
    <Item>
      <PriceUpdateDate>2015-09-01 11:11:27</PriceUpdateDate>
      <ItemCode>859859</ItemCode>
      <ItemType>0</ItemType>
      <ItemName>באק צוי</ItemName>
      <ManufacturerName>,</ManufacturerName>
      <ManufactureCountry>לא ידוע</ManufactureCountry>
      <ManufacturerItemDescription>באק צוי</ManufacturerItemDescription>
      <UnitQty>Unknown </UnitQty>
      <Quantity>0.00</Quantity>
      <UnitOfMeasure>Unknown </UnitOfMeasure>
      <bIsWeighted>0</bIsWeighted>
      <QtyInPackage>1</QtyInPackage>
      <ItemPrice>7.90</ItemPrice>
      <UnitOfMeasurePrice>0.0000</UnitOfMeasurePrice>
      <AllowDiscount>1</AllowDiscount>
      <ItemStatus>1</ItemStatus>
      <ItemId>252383</ItemId>
    </Item>
    <Item>
      <PriceUpdateDate>2015-01-01 00:00:00</PriceUpdateDate>
      <ItemCode>42000355308</ItemCode>
      <ItemType>0</ItemType>
      <ItemName>מפות קירקלנד תלת שכב</ItemName>
      <ManufacturerName>,</ManufacturerName>
      <ManufactureCountry>לא ידוע</ManufactureCountry>
      <ManufacturerItemDescription>מפות קירקלנד תלת שכבתי 6 יח במארז</ManufacturerItemDescription>
      <UnitQty>Unknown </UnitQty>
      <Quantity>0.00</Quantity>
      <UnitOfMeasure>Unknown </UnitOfMeasure>
      <bIsWeighted>0</bIsWeighted>
      <QtyInPackage>1</QtyInPackage>
      <ItemPrice>39.90</ItemPrice>
      <UnitOfMeasurePrice>0.0000</UnitOfMeasurePrice>
      <AllowDiscount>1</AllowDiscount>
      <ItemStatus>1</ItemStatus>
      <ItemId>252394</ItemId>
    </Item>
    <Item>
      <PriceUpdateDate>2015-01-01 00:00:00</PriceUpdateDate>
      <ItemCode>7290012117916</ItemCode>
      <ItemType>0</ItemType>
      <ItemName>סנו אינסטלטור 1 ליטר</ItemName>
      <ManufacturerName>סנו</ManufacturerName>
      <ManufactureCountry>לא ידוע</ManufactureCountry>
      <ManufacturerItemDescription>סנו אינסטלטור 1 ליטר</ManufacturerItemDescription>
      <UnitQty>ליטרים</UnitQty>
      <Quantity>1.00</Quantity>
      <UnitOfMeasure>ליטר    </UnitOfMeasure>
      <bIsWeighted>0</bIsWeighted>
      <QtyInPackage>1</QtyInPackage>
      <ItemPrice>17.90</ItemPrice>
      <UnitOfMeasurePrice>17.9000</UnitOfMeasurePrice>
      <AllowDiscount>1</AllowDiscount>
      <ItemStatus>1</ItemStatus>
      <ItemId>252398</ItemId>
    </Item>
    <Item>
      <PriceUpdateDate>2015-01-01 00:00:00</PriceUpdateDate>
      <ItemCode>7290015321174</ItemCode>
      <ItemType>0</ItemType>
      <ItemName>פפריקה מתוקה 300 גרם</ItemName>
      <ManufacturerName>,</ManufacturerName>
      <ManufactureCountry>לא ידוע</ManufactureCountry>
      <ManufacturerItemDescription>פפריקה מתוקה 300 גרם</ManufacturerItemDescription>
      <UnitQty>גרמים</UnitQty>
      <Quantity>300.00</Quantity>
      <UnitOfMeasure>100 גרם</UnitOfMeasure>
      <bIsWeighted>0</bIsWeighted>
      <QtyInPackage>1</QtyInPackage>
      <ItemPrice>19.90</ItemPrice>
      <UnitOfMeasurePrice>6.6333</UnitOfMeasurePrice>
      <AllowDiscount>1</AllowDiscount>
      <ItemStatus>1</ItemStatus>
      <ItemId>254855</ItemId>
    </Item>
    <Item>
      <PriceUpdateDate>2015-01-01 00:00:00</PriceUpdateDate>
      <ItemCode>7290103156466</ItemCode>
      <ItemType>0</ItemType>
      <ItemName>כפות חד פעמי 100 יח</ItemName>
      <ManufacturerName>MAZLUM</ManufacturerName>
      <ManufactureCountry>לא ידוע</ManufactureCountry>
      <ManufacturerItemDescription>כפות חד פעמי 100 יח</ManufacturerItemDescription>
      <UnitQty>Unknown </UnitQty>
      <Quantity>0.00</Quantity>
      <UnitOfMeasure>Unknown </UnitOfMeasure>
      <bIsWeighted>0</bIsWeighted>
      <QtyInPackage>1</QtyInPackage>
      <ItemPrice>3.90</ItemPrice>
      <UnitOfMeasurePrice>0.0000</UnitOfMeasurePrice>
      <AllowDiscount>1</AllowDiscount>
      <ItemStatus>1</ItemStatus>
      <ItemId>252416</ItemId>
    </Item>
    <Item>
      <PriceUpdateDate>2015-01-01 00:00:00</PriceUpdateDate>
      <ItemCode>7290103156473</ItemCode>
      <ItemType>0</ItemType>
      <ItemName>כפיות חד פעמי 100 יח</ItemName>
      <ManufacturerName>MAZLUM</ManufacturerName>
      <ManufactureCountry>לא ידוע</ManufactureCountry>
      <ManufacturerItemDescription>כפיות חד פעמי 100 יח</ManufacturerItemDescription>
      <UnitQty>Unknown </UnitQty>
      <Quantity>0.00</Quantity>
      <UnitOfMeasure>Unknown </UnitOfMeasure>
      <bIsWeighted>0</bIsWeighted>
      <QtyInPackage>1</QtyInPackage>
      <ItemPrice>3.90</ItemPrice>
      <UnitOfMeasurePrice>0.0000</UnitOfMeasurePrice>
      <AllowDiscount>1</AllowDiscount>
      <ItemStatus>1</ItemStatus>
      <ItemId>252417</ItemId>
    </Item>
    <Item>
      <PriceUpdateDate>2015-01-01 00:00:00</PriceUpdateDate>
      <ItemCode>7290100857045</ItemCode>
      <ItemType>0</ItemType>
      <ItemName>שוקולד ספלנדיד קפה</ItemName>
      <ManufacturerName>עלית</ManufacturerName>
      <ManufactureCountry>ישראל</ManufactureCountry>
      <ManufacturerItemDescription>שוקולד ספלנדיד קפה 100 גרם</ManufacturerItemDescription>
      <UnitQty>גרמים</UnitQty>
      <Quantity>100.00</Quantity>
      <UnitOfMeasure>100 גרם</UnitOfMeasure>
      <bIsWeighted>0</bIsWeighted>
      <QtyInPackage>1</QtyInPackage>
      <ItemPrice>9.90</ItemPrice>
      <UnitOfMeasurePrice>9.9000</UnitOfMeasurePrice>
      <AllowDiscount>1</AllowDiscount>
      <ItemStatus>1</ItemStatus>
      <ItemId>252425</ItemId>
    </Item>
    <Item>
      <PriceUpdateDate>2015-01-01 00:00:00</PriceUpdateDate>
      <ItemCode>8748384</ItemCode>
      <ItemType>0</ItemType>
      <ItemName>שוקולד ספלנדיד מריר</ItemName>
      <ManufacturerName>עלית</ManufacturerName>
      <ManufactureCountry>ישראל</ManufactureCountry>
      <ManufacturerItemDescription>שוקולד ספלנדיד מריר 100 גרם OU</ManufacturerItemDescription>
      <UnitQty>גרמים</UnitQty>
      <Quantity>100.00</Quantity>
      <UnitOfMeasure>100 גרם</UnitOfMeasure>
      <bIsWeighted>0</bIsWeighted>
      <QtyInPackage>1</QtyInPackage>
      <ItemPrice>9.90</ItemPrice>
      <UnitOfMeasurePrice>9.9000</UnitOfMeasurePrice>
      <AllowDiscount>1</AllowDiscount>
      <ItemStatus>1</ItemStatus>
      <ItemId>252426</ItemId>
    </Item>
    <Item>
      <PriceUpdateDate>2016-01-03 12:17:04</PriceUpdateDate>
      <ItemCode>7290106662605</ItemCode>
      <ItemType>0</ItemType>
      <ItemName>מעדן JOY שוקולד 3.9%</ItemName>
      <ManufacturerName>שטראוס</ManufacturerName>
      <ManufactureCountry>לא ידוע</ManufactureCountry>
      <ManufacturerItemDescription>מעדן JOY שוקולד 3.9% 130 גרם</ManufacturerItemDescription>
      <UnitQty>מיליליטרים</UnitQty>
      <Quantity>130.00</Quantity>
      <UnitOfMeasure>100 מ"ל</UnitOfMeasure>
      <bIsWeighted>0</bIsWeighted>
      <QtyInPackage>1</QtyInPackage>
      <ItemPrice>3.20</ItemPrice>
      <UnitOfMeasurePrice>2.4615</UnitOfMeasurePrice>
      <AllowDiscount>1</AllowDiscount>
      <ItemStatus>1</ItemStatus>
      <ItemId>266352</ItemId>
    </Item>
    <Item>
      <PriceUpdateDate>2015-01-01 00:00:00</PriceUpdateDate>
      <ItemCode>7290104067198</ItemCode>
      <ItemType>0</ItemType>
      <ItemName>שוקולד ספלנדיד תפוז</ItemName>
      <ManufacturerName>עלית</ManufacturerName>
      <ManufactureCountry>ישראל</ManufactureCountry>
      <ManufacturerItemDescription>שוקולד ספלנדיד תפוז 100 גרם OU</ManufacturerItemDescription>
      <UnitQty>גרמים</UnitQty>
      <Quantity>100.00</Quantity>
      <UnitOfMeasure>100 גרם</UnitOfMeasure>
      <bIsWeighted>0</bIsWeighted>
      <QtyInPackage>1</QtyInPackage>
      <ItemPrice>9.90</ItemPrice>
      <UnitOfMeasurePrice>9.9000</UnitOfMeasurePrice>
      <AllowDiscount>1</AllowDiscount>
      <ItemStatus>1</ItemStatus>
      <ItemId>252427</ItemId>
    </Item>
    <Item>
      <PriceUpdateDate>2015-05-14 12:45:57</PriceUpdateDate>
      <ItemCode>2026440</ItemCode>
      <ItemType>0</ItemType>
      <ItemName>פרצלס קפוא</ItemName>
      <ManufacturerName>מוצרי איכות אמריקאיי</ManufacturerName>
      <ManufactureCountry>לא ידוע</ManufactureCountry>
      <ManufacturerItemDescription>פרצלס קפוא</ManufacturerItemDescription>
      <UnitQty>Unknown </UnitQty>
      <Quantity>0.00</Quantity>
      <UnitOfMeasure>Unknown </UnitOfMeasure>
      <bIsWeighted>0</bIsWeighted>
      <QtyInPackage>1</QtyInPackage>
      <ItemPrice>14.90</ItemPrice>
      <UnitOfMeasurePrice>0.0000</UnitOfMeasurePrice>
      <AllowDiscount>1</AllowDiscount>
      <ItemStatus>1</ItemStatus>
      <ItemId>255514</ItemId>
    </Item>
    <Item>
      <PriceUpdateDate>2015-01-01 00:00:00</PriceUpdateDate>
      <ItemCode>7290105369147</ItemCode>
      <ItemType>0</ItemType>
      <ItemName>שוקולד ספלנדיד פירות</ItemName>
      <ManufacturerName>עלית</ManufacturerName>
      <ManufactureCountry>ישראל</ManufactureCountry>
      <ManufacturerItemDescription>שוקולד ספלנדיד פירות יער 100 גרם OU</ManufacturerItemDescription>
      <UnitQty>גרמים</UnitQty>
      <Quantity>100.00</Quantity>
      <UnitOfMeasure>100 גרם</UnitOfMeasure>
      <bIsWeighted>0</bIsWeighted>
      <QtyInPackage>1</QtyInPackage>
      <ItemPrice>9.90</ItemPrice>
      <UnitOfMeasurePrice>9.9000</UnitOfMeasurePrice>
      <AllowDiscount>1</AllowDiscount>
      <ItemStatus>1</ItemStatus>
      <ItemId>252428</ItemId>
    </Item>
    <Item>
      <PriceUpdateDate>2015-01-01 00:00:00</PriceUpdateDate>
      <ItemCode>7290013531681</ItemCode>
      <ItemType>0</ItemType>
      <ItemName>סירופ מיצמיץ בטעם פט</ItemName>
      <ManufacturerName>,</ManufacturerName>
      <ManufactureCountry>לא ידוע</ManufactureCountry>
      <ManufacturerItemDescription>סירופ מיצמיץ בטעם פטל 1 ליטר</ManufacturerItemDescription>
      <UnitQty>ליטרים</UnitQty>
      <Quantity>1.00</Quantity>
      <UnitOfMeasure>ליטר    </UnitOfMeasure>
      <bIsWeighted>0</bIsWeighted>
      <QtyInPackage>1</QtyInPackage>
      <ItemPrice>7.90</ItemPrice>
      <UnitOfMeasurePrice>7.9000</UnitOfMeasurePrice>
      <AllowDiscount>1</AllowDiscount>
      <ItemStatus>1</ItemStatus>
      <ItemId>252429</ItemId>
    </Item>
    <Item>
      <PriceUpdateDate>2015-01-01 00:00:00</PriceUpdateDate>
      <ItemCode>7290013531698</ItemCode>
      <ItemType>0</ItemType>
      <ItemName>סירופ מיצמיץ בטעם ענ</ItemName>
      <ManufacturerName>זנלכל</ManufacturerName>
      <ManufactureCountry>לא ידוע</ManufactureCountry>
      <ManufacturerItemDescription>סירופ מיצמיץ בטעם ענבים 1 ליטר</ManufacturerItemDescription>
      <UnitQty>ליטרים</UnitQty>
      <Quantity>1.00</Quantity>
      <UnitOfMeasure>ליטר    </UnitOfMeasure>
      <bIsWeighted>0</bIsWeighted>
      <QtyInPackage>1</QtyInPackage>
      <ItemPrice>7.90</ItemPrice>
      <UnitOfMeasurePrice>7.9000</UnitOfMeasurePrice>
      <AllowDiscount>1</AllowDiscount>
      <ItemStatus>1</ItemStatus>
      <ItemId>252430</ItemId>
    </Item>
    <Item>
      <PriceUpdateDate>2015-01-01 00:00:00</PriceUpdateDate>
      <ItemCode>7290013531704</ItemCode>
      <ItemType>0</ItemType>
      <ItemName>סירופ מיצמיץ בטעם תו</ItemName>
      <ManufacturerName>,</ManufacturerName>
      <ManufactureCountry>לא ידוע</ManufactureCountry>
      <ManufacturerItemDescription>סירופ מיצמיץ בטעם תות שדה 1 ליטר</ManufacturerItemDescription>
      <UnitQty>ליטרים</UnitQty>
      <Quantity>1.00</Quantity>
      <UnitOfMeasure>ליטר    </UnitOfMeasure>
      <bIsWeighted>0</bIsWeighted>
      <QtyInPackage>1</QtyInPackage>
      <ItemPrice>7.90</ItemPrice>
      <UnitOfMeasurePrice>7.9000</UnitOfMeasurePrice>
      <AllowDiscount>1</AllowDiscount>
      <ItemStatus>1</ItemStatus>
      <ItemId>252431</ItemId>
    </Item>
    <Item>
      <PriceUpdateDate>2015-01-01 00:00:00</PriceUpdateDate>
      <ItemCode>3335190</ItemCode>
      <ItemType>0</ItemType>
      <ItemName>עלי גפן 400 גרם</ItemName>
      <ManufacturerName>ויליגר</ManufacturerName>
      <ManufactureCountry>לא ידוע</ManufactureCountry>
      <ManufacturerItemDescription>עלי גפן 400 גרם</ManufacturerItemDescription>
      <UnitQty>גרמים</UnitQty>
      <Quantity>400.00</Quantity>
      <UnitOfMeasure>100 גרם</UnitOfMeasure>
      <bIsWeighted>0</bIsWeighted>
      <QtyInPackage>1</QtyInPackage>
      <ItemPrice>7.90</ItemPrice>
      <UnitOfMeasurePrice>1.9750</UnitOfMeasurePrice>
      <AllowDiscount>1</AllowDiscount>
      <ItemStatus>1</ItemStatus>
      <ItemId>252433</ItemId>
    </Item>
    <Item>
      <PriceUpdateDate>2016-02-18 19:25:33</PriceUpdateDate>
      <ItemCode>5900627044256</ItemCode>
      <ItemType>0</ItemType>
      <ItemName>טבליות פיניש 100 יח</ItemName>
      <ManufacturerName>,</ManufacturerName>
      <ManufactureCountry>לא ידוע</ManufactureCountry>
      <ManufacturerItemDescription>טבליות פיניש 100 יח</ManufacturerItemDescription>
      <UnitQty>Unknown </UnitQty>
      <Quantity>0.00</Quantity>
      <UnitOfMeasure>Unknown </UnitOfMeasure>
      <bIsWeighted>0</bIsWeighted>
      <QtyInPackage>1</QtyInPackage>
      <ItemPrice>64.90</ItemPrice>
      <UnitOfMeasurePrice>0.0000</UnitOfMeasurePrice>
      <AllowDiscount>1</AllowDiscount>
      <ItemStatus>1</ItemStatus>
      <ItemId>252458</ItemId>
    </Item>
    <Item>
      <PriceUpdateDate>2016-03-14 11:02:57</PriceUpdateDate>
      <ItemCode>7290013534057</ItemCode>
      <ItemType>0</ItemType>
      <ItemName>חטיף ציפס בטטלך 100</ItemName>
      <ManufacturerName>מיה תעשיות מזון בעמ</ManufacturerName>
      <ManufactureCountry>ישראל</ManufactureCountry>
      <ManufacturerItemDescription>חטיף ציפס בטטלך 100 גרם</ManufacturerItemDescription>
      <UnitQty>גרמים</UnitQty>
      <Quantity>100.00</Quantity>
      <UnitOfMeasure>100 גרם</UnitOfMeasure>
      <bIsWeighted>0</bIsWeighted>
      <QtyInPackage>1</QtyInPackage>
      <ItemPrice>9.90</ItemPrice>
      <UnitOfMeasurePrice>9.9000</UnitOfMeasurePrice>
      <AllowDiscount>1</AllowDiscount>
      <ItemStatus>1</ItemStatus>
      <ItemId>252459</ItemId>
    </Item>
    <Item>
      <PriceUpdateDate>2016-01-12 12:29:07</PriceUpdateDate>
      <ItemCode>7290106721531</ItemCode>
      <ItemType>0</ItemType>
      <ItemName>דוריטוס חמוץ מתוק 70</ItemName>
      <ManufacturerName>שטראוס</ManufacturerName>
      <ManufactureCountry>ישראל</ManufactureCountry>
      <ManufacturerItemDescription>דוריטוס חמוץ מתוק 70 גרם</ManufacturerItemDescription>
      <UnitQty>גרמים</UnitQty>
      <Quantity>70.00</Quantity>
      <UnitOfMeasure>100 גרם</UnitOfMeasure>
      <bIsWeighted>0</bIsWeighted>
      <QtyInPackage>1</QtyInPackage>
      <ItemPrice>3.20</ItemPrice>
      <UnitOfMeasurePrice>4.5714</UnitOfMeasurePrice>
      <AllowDiscount>1</AllowDiscount>
      <ItemStatus>1</ItemStatus>
      <ItemId>252461</ItemId>
    </Item>
    <Item>
      <PriceUpdateDate>2015-01-01 00:00:00</PriceUpdateDate>
      <ItemCode>7290103155384</ItemCode>
      <ItemType>0</ItemType>
      <ItemName>כוסות צבעוני 200 מ"ל</ItemName>
      <ManufacturerName>סאם גלובאל</ManufacturerName>
      <ManufactureCountry>לא ידוע</ManufactureCountry>
      <ManufacturerItemDescription>כוסות צבעוני 200 מ"ל 50 יח</ManufacturerItemDescription>
      <UnitQty>לא מנהל יחידת מידה</UnitQty>
      <Quantity>0.00</Quantity>
      <UnitOfMeasure>לא מנהל יחידת מידה</UnitOfMeasure>
      <bIsWeighted>0</bIsWeighted>
      <QtyInPackage>1</QtyInPackage>
      <ItemPrice>8.90</ItemPrice>
      <UnitOfMeasurePrice>0.0000</UnitOfMeasurePrice>
      <AllowDiscount>1</AllowDiscount>
      <ItemStatus>1</ItemStatus>
      <ItemId>252483</ItemId>
    </Item>
    <Item>
      <PriceUpdateDate>2015-01-01 00:00:00</PriceUpdateDate>
      <ItemCode>7290105435989</ItemCode>
      <ItemType>0</ItemType>
      <ItemName>חטיף אייר פופס טבעי</ItemName>
      <ManufacturerName>,</ManufacturerName>
      <ManufactureCountry>לא ידוע</ManufactureCountry>
      <ManufacturerItemDescription>חטיף אייר פופס טבעי 40 גרם</ManufacturerItemDescription>
      <UnitQty>גרמים</UnitQty>
      <Quantity>40.00</Quantity>
      <UnitOfMeasure>100 גרם</UnitOfMeasure>
      <bIsWeighted>0</bIsWeighted>
      <QtyInPackage>1</QtyInPackage>
      <ItemPrice>4.90</ItemPrice>
      <UnitOfMeasurePrice>12.2500</UnitOfMeasurePrice>
      <AllowDiscount>1</AllowDiscount>
      <ItemStatus>1</ItemStatus>
      <ItemId>252506</ItemId>
    </Item>
    <Item>
      <PriceUpdateDate>2015-01-01 00:00:00</PriceUpdateDate>
      <ItemCode>7290105436023</ItemCode>
      <ItemType>0</ItemType>
      <ItemName>חטיף אייר פופס גריל</ItemName>
      <ManufacturerName>,</ManufacturerName>
      <ManufactureCountry>לא ידוע</ManufactureCountry>
      <ManufacturerItemDescription>חטיף אייר פופס גריל 40 גרם</ManufacturerItemDescription>
      <UnitQty>גרמים</UnitQty>
      <Quantity>40.00</Quantity>
      <UnitOfMeasure>100 גרם</UnitOfMeasure>
      <bIsWeighted>0</bIsWeighted>
      <QtyInPackage>1</QtyInPackage>
      <ItemPrice>4.90</ItemPrice>
      <UnitOfMeasurePrice>12.2500</UnitOfMeasurePrice>
      <AllowDiscount>1</AllowDiscount>
      <ItemStatus>1</ItemStatus>
      <ItemId>252507</ItemId>
    </Item>
    <Item>
      <PriceUpdateDate>2015-01-01 00:00:00</PriceUpdateDate>
      <ItemCode>7290014600638</ItemCode>
      <ItemType>0</ItemType>
      <ItemName>עוגיות סנדוויץ קרמיא</ItemName>
      <ManufacturerName>,</ManufacturerName>
      <ManufactureCountry>לא ידוע</ManufactureCountry>
      <ManufacturerItemDescription>עוגיות סנדוויץ קרמיאו בטעם שוקולד</ManufacturerItemDescription>
      <UnitQty>גרמים</UnitQty>
      <Quantity>700.00</Quantity>
      <UnitOfMeasure>100 גרם</UnitOfMeasure>
      <bIsWeighted>0</bIsWeighted>
      <QtyInPackage>1</QtyInPackage>
      <ItemPrice>19.90</ItemPrice>
      <UnitOfMeasurePrice>2.8429</UnitOfMeasurePrice>
      <AllowDiscount>1</AllowDiscount>
      <ItemStatus>1</ItemStatus>
      <ItemId>252515</ItemId>
    </Item>
    <Item>
      <PriceUpdateDate>2015-01-01 00:00:00</PriceUpdateDate>
      <ItemCode>7290105962331</ItemCode>
      <ItemType>0</ItemType>
      <ItemName>סחוג חריף מאד זהבי 2</ItemName>
      <ManufacturerName>זהבי הכרם</ManufacturerName>
      <ManufactureCountry>ישראל</ManufactureCountry>
      <ManufacturerItemDescription>סחוג חריף מאד זהבי 220 גרם</ManufacturerItemDescription>
      <UnitQty>גרמים</UnitQty>
      <Quantity>220.00</Quantity>
      <UnitOfMeasure>100 גרם</UnitOfMeasure>
      <bIsWeighted>0</bIsWeighted>
      <QtyInPackage>1</QtyInPackage>
      <ItemPrice>9.90</ItemPrice>
      <UnitOfMeasurePrice>4.5000</UnitOfMeasurePrice>
      <AllowDiscount>1</AllowDiscount>
      <ItemStatus>1</ItemStatus>
      <ItemId>252520</ItemId>
    </Item>
    <Item>
      <PriceUpdateDate>2015-01-01 00:00:00</PriceUpdateDate>
      <ItemCode>4731472</ItemCode>
      <ItemType>0</ItemType>
      <ItemName>אלסבון כיף מעורב 1/3</ItemName>
      <ManufacturerName>קוסמופארם</ManufacturerName>
      <ManufactureCountry>לא ידוע</ManufactureCountry>
      <ManufacturerItemDescription>אלסבון כיף מעורב 1/3 500 מ"ל</ManufacturerItemDescription>
      <UnitQty>ליטרים</UnitQty>
      <Quantity>1.50</Quantity>
      <UnitOfMeasure>ליטר    </UnitOfMeasure>
      <bIsWeighted>0</bIsWeighted>
      <QtyInPackage>1</QtyInPackage>
      <ItemPrice>18.90</ItemPrice>
      <UnitOfMeasurePrice>12.6000</UnitOfMeasurePrice>
      <AllowDiscount>1</AllowDiscount>
      <ItemStatus>1</ItemStatus>
      <ItemId>252521</ItemId>
    </Item>
    <Item>
      <PriceUpdateDate>2015-01-01 00:00:00</PriceUpdateDate>
      <ItemCode>7290015282598</ItemCode>
      <ItemType>0</ItemType>
      <ItemName>חומוס מסעדות 200 גרם</ItemName>
      <ManufacturerName>סלטי שמיר 2006 בעמ</ManufacturerName>
      <ManufactureCountry>לא ידוע</ManufactureCountry>
      <ManufacturerItemDescription>חומוס מסעדות 200 גרם</ManufacturerItemDescription>
      <UnitQty>גרמים</UnitQty>
      <Quantity>200.00</Quantity>
      <UnitOfMeasure>100 גרם</UnitOfMeasure>
      <bIsWeighted>0</bIsWeighted>
      <QtyInPackage>1</QtyInPackage>
      <ItemPrice>6.70</ItemPrice>
      <UnitOfMeasurePrice>3.3500</UnitOfMeasurePrice>
      <AllowDiscount>1</AllowDiscount>
      <ItemStatus>1</ItemStatus>
      <ItemId>252544</ItemId>
    </Item>
    <Item>
      <PriceUpdateDate>2015-01-01 00:00:00</PriceUpdateDate>
      <ItemCode>7290015282611</ItemCode>
      <ItemType>0</ItemType>
      <ItemName>סלט ביצים 200 גרם</ItemName>
      <ManufacturerName>סלטי שמיר 2006 בעמ</ManufacturerName>
      <ManufactureCountry>לא ידוע</ManufactureCountry>
      <ManufacturerItemDescription>סלט ביצים 200 גרם</ManufacturerItemDescription>
      <UnitQty>גרמים</UnitQty>
      <Quantity>200.00</Quantity>
      <UnitOfMeasure>100 גרם</UnitOfMeasure>
      <bIsWeighted>0</bIsWeighted>
      <QtyInPackage>1</QtyInPackage>
      <ItemPrice>15.90</ItemPrice>
      <UnitOfMeasurePrice>7.9500</UnitOfMeasurePrice>
      <AllowDiscount>1</AllowDiscount>
      <ItemStatus>1</ItemStatus>
      <ItemId>252546</ItemId>
    </Item>
    <Item>
      <PriceUpdateDate>2015-01-01 00:00:00</PriceUpdateDate>
      <ItemCode>7290015282659</ItemCode>
      <ItemType>0</ItemType>
      <ItemName>פטריות בטעם כבד 200</ItemName>
      <ManufacturerName>סלטי שמיר 2006 בעמ</ManufacturerName>
      <ManufactureCountry>לא ידוע</ManufactureCountry>
      <ManufacturerItemDescription>פטריות בטעם כבד 200 גרם</ManufacturerItemDescription>
      <UnitQty>גרמים</UnitQty>
      <Quantity>200.00</Quantity>
      <UnitOfMeasure>100 גרם</UnitOfMeasure>
      <bIsWeighted>0</bIsWeighted>
      <QtyInPackage>1</QtyInPackage>
      <ItemPrice>12.90</ItemPrice>
      <UnitOfMeasurePrice>6.4500</UnitOfMeasurePrice>
      <AllowDiscount>1</AllowDiscount>
      <ItemStatus>1</ItemStatus>
      <ItemId>252550</ItemId>
    </Item>
    <Item>
      <PriceUpdateDate>2015-01-01 00:00:00</PriceUpdateDate>
      <ItemCode>7290015282666</ItemCode>
      <ItemType>0</ItemType>
      <ItemName>סלט טונה בריאות 200</ItemName>
      <ManufacturerName>סלטי שמיר 2006 בעמ</ManufacturerName>
      <ManufactureCountry>לא ידוע</ManufactureCountry>
      <ManufacturerItemDescription>סלט טונה בריאות 200 גרם</ManufacturerItemDescription>
      <UnitQty>גרמים</UnitQty>
      <Quantity>200.00</Quantity>
      <UnitOfMeasure>100 גרם</UnitOfMeasure>
      <bIsWeighted>0</bIsWeighted>
      <QtyInPackage>1</QtyInPackage>
      <ItemPrice>17.90</ItemPrice>
      <UnitOfMeasurePrice>8.9500</UnitOfMeasurePrice>
      <AllowDiscount>1</AllowDiscount>
      <ItemStatus>1</ItemStatus>
      <ItemId>252551</ItemId>
    </Item>
    <Item>
      <PriceUpdateDate>2015-01-01 00:00:00</PriceUpdateDate>
      <ItemCode>7290015282673</ItemCode>
      <ItemType>0</ItemType>
      <ItemName>חציל במיונז ביתי 200</ItemName>
      <ManufacturerName>סלטי שמיר 2006 בעמ</ManufacturerName>
      <ManufactureCountry>לא ידוע</ManufactureCountry>
      <ManufacturerItemDescription>חציל במיונז ביתי 200 גרם</ManufacturerItemDescription>
      <UnitQty>גרמים</UnitQty>
      <Quantity>200.00</Quantity>
      <UnitOfMeasure>100 גרם</UnitOfMeasure>
      <bIsWeighted>0</bIsWeighted>
      <QtyInPackage>1</QtyInPackage>
      <ItemPrice>8.30</ItemPrice>
      <UnitOfMeasurePrice>4.1500</UnitOfMeasurePrice>
      <AllowDiscount>1</AllowDiscount>
      <ItemStatus>1</ItemStatus>
      <ItemId>252553</ItemId>
    </Item>
    <Item>
      <PriceUpdateDate>2015-01-01 00:00:00</PriceUpdateDate>
      <ItemCode>7290015282697</ItemCode>
      <ItemType>0</ItemType>
      <ItemName>כרוב אדום 200 גרם</ItemName>
      <ManufacturerName>סלטי שמיר 2006 בעמ</ManufacturerName>
      <ManufactureCountry>לא ידוע</ManufactureCountry>
      <ManufacturerItemDescription>כרוב אדום 200 גרם</ManufacturerItemDescription>
      <UnitQty>גרמים</UnitQty>
      <Quantity>200.00</Quantity>
      <UnitOfMeasure>100 גרם</UnitOfMeasure>
      <bIsWeighted>0</bIsWeighted>
      <QtyInPackage>1</QtyInPackage>
      <ItemPrice>8.30</ItemPrice>
      <UnitOfMeasurePrice>4.1500</UnitOfMeasurePrice>
      <AllowDiscount>1</AllowDiscount>
      <ItemStatus>1</ItemStatus>
      <ItemId>252555</ItemId>
    </Item>
    <Item>
      <PriceUpdateDate>2015-01-01 00:00:00</PriceUpdateDate>
      <ItemCode>7290015282710</ItemCode>
      <ItemType>0</ItemType>
      <ItemName>קוביות סלק ביתי 200</ItemName>
      <ManufacturerName>סלטי שמיר 2006 בעמ</ManufacturerName>
      <ManufactureCountry>לא ידוע</ManufactureCountry>
      <ManufacturerItemDescription>קוביות סלק ביתי 200 גרם</ManufacturerItemDescription>
      <UnitQty>גרמים</UnitQty>
      <Quantity>200.00</Quantity>
      <UnitOfMeasure>100 גרם</UnitOfMeasure>
      <bIsWeighted>0</bIsWeighted>
      <QtyInPackage>1</QtyInPackage>
      <ItemPrice>8.30</ItemPrice>
      <UnitOfMeasurePrice>4.1500</UnitOfMeasurePrice>
      <AllowDiscount>1</AllowDiscount>
      <ItemStatus>1</ItemStatus>
      <ItemId>252557</ItemId>
    </Item>
    <Item>
      <PriceUpdateDate>2015-01-01 00:00:00</PriceUpdateDate>
      <ItemCode>7290015282727</ItemCode>
      <ItemType>0</ItemType>
      <ItemName>טבעות גזר פיקנטי 200</ItemName>
      <ManufacturerName>סלטי שמיר 2006 בעמ</ManufacturerName>
      <ManufactureCountry>לא ידוע</ManufactureCountry>
      <ManufacturerItemDescription>טבעות גזר פיקנטי 200 גרם</ManufacturerItemDescription>
      <UnitQty>גרמים</UnitQty>
      <Quantity>200.00</Quantity>
      <UnitOfMeasure>100 גרם</UnitOfMeasure>
      <bIsWeighted>0</bIsWeighted>
      <QtyInPackage>1</QtyInPackage>
      <ItemPrice>8.30</ItemPrice>
      <UnitOfMeasurePrice>4.1500</UnitOfMeasurePrice>
      <AllowDiscount>1</AllowDiscount>
      <ItemStatus>1</ItemStatus>
      <ItemId>252558</ItemId>
    </Item>
    <Item>
      <PriceUpdateDate>2015-01-01 00:00:00</PriceUpdateDate>
      <ItemCode>7290015282734</ItemCode>
      <ItemType>0</ItemType>
      <ItemName>מטבוחה ביתית 200 גרם</ItemName>
      <ManufacturerName>סלטי שמיר 2006 בעמ</ManufacturerName>
      <ManufactureCountry>לא ידוע</ManufactureCountry>
      <ManufacturerItemDescription>מטבוחה ביתית 200 גרם</ManufacturerItemDescription>
      <UnitQty>גרמים</UnitQty>
      <Quantity>200.00</Quantity>
      <UnitOfMeasure>100 גרם</UnitOfMeasure>
      <bIsWeighted>0</bIsWeighted>
      <QtyInPackage>1</QtyInPackage>
      <ItemPrice>12.90</ItemPrice>
      <UnitOfMeasurePrice>6.4500</UnitOfMeasurePrice>
      <AllowDiscount>1</AllowDiscount>
      <ItemStatus>1</ItemStatus>
      <ItemId>252559</ItemId>
    </Item>
    <Item>
      <PriceUpdateDate>2015-01-01 00:00:00</PriceUpdateDate>
      <ItemCode>484525</ItemCode>
      <ItemType>0</ItemType>
      <ItemName>עלית הארק 40% 750 מ"</ItemName>
      <ManufacturerName>יקב הגליל שווק בעמ</ManufacturerName>
      <ManufactureCountry>לא ידוע</ManufactureCountry>
      <ManufacturerItemDescription>עלית הארק 40% 750 מ"ל</ManufacturerItemDescription>
      <UnitQty>מיליליטרים</UnitQty>
      <Quantity>750.00</Quantity>
      <UnitOfMeasure>100 מ"ל</UnitOfMeasure>
      <bIsWeighted>0</bIsWeighted>
      <QtyInPackage>1</QtyInPackage>
      <ItemPrice>57.90</ItemPrice>
      <UnitOfMeasurePrice>7.7200</UnitOfMeasurePrice>
      <AllowDiscount>1</AllowDiscount>
      <ItemStatus>1</ItemStatus>
      <ItemId>252574</ItemId>
    </Item>
    <Item>
      <PriceUpdateDate>2015-01-01 00:00:00</PriceUpdateDate>
      <ItemCode>2706731</ItemCode>
      <ItemType>0</ItemType>
      <ItemName>רצועות פילה נילוס בו</ItemName>
      <ManufacturerName>דלידג</ManufacturerName>
      <ManufactureCountry>לא ידוע</ManufactureCountry>
      <ManufacturerItemDescription>רצועות פילה נילוס בואקום</ManufacturerItemDescription>
      <UnitQty>קילוגרמים</UnitQty>
      <Quantity>1.00</Quantity>
      <UnitOfMeasure>ק"ג</UnitOfMeasure>
      <bIsWeighted>1</bIsWeighted>
      <QtyInPackage>לא ידוע</QtyInPackage>
      <ItemPrice>44.90</ItemPrice>
      <UnitOfMeasurePrice>44.9000</UnitOfMeasurePrice>
      <AllowDiscount>1</AllowDiscount>
      <ItemStatus>1</ItemStatus>
      <ItemId>252580</ItemId>
    </Item>
    <Item>
      <PriceUpdateDate>2015-01-01 00:00:00</PriceUpdateDate>
      <ItemCode>835811001966</ItemCode>
      <ItemType>0</ItemType>
      <ItemName>תבנית ח"פ עבה רוסטר</ItemName>
      <ManufacturerName>,</ManufacturerName>
      <ManufactureCountry>לא ידוע</ManufactureCountry>
      <ManufacturerItemDescription>תבנית ח"פ עבה רוסטר 4 יח</ManufacturerItemDescription>
      <UnitQty>Unknown </UnitQty>
      <Quantity>0.00</Quantity>
      <UnitOfMeasure>Unknown </UnitOfMeasure>
      <bIsWeighted>0</bIsWeighted>
      <QtyInPackage>1</QtyInPackage>
      <ItemPrice>8.90</ItemPrice>
      <UnitOfMeasurePrice>0.0000</UnitOfMeasurePrice>
      <AllowDiscount>1</AllowDiscount>
      <ItemStatus>1</ItemStatus>
      <ItemId>252619</ItemId>
    </Item>
    <Item>
      <PriceUpdateDate>2015-01-01 00:00:00</PriceUpdateDate>
      <ItemCode>835811001959</ItemCode>
      <ItemType>0</ItemType>
      <ItemName>תבנית ח"פ עבה רוסטר</ItemName>
      <ManufacturerName>,</ManufacturerName>
      <ManufactureCountry>לא ידוע</ManufactureCountry>
      <ManufacturerItemDescription>תבנית ח"פ עבה רוסטר בינוני  3 יח</ManufacturerItemDescription>
      <UnitQty>Unknown </UnitQty>
      <Quantity>0.00</Quantity>
      <UnitOfMeasure>Unknown </UnitOfMeasure>
      <bIsWeighted>0</bIsWeighted>
      <QtyInPackage>1</QtyInPackage>
      <ItemPrice>8.90</ItemPrice>
      <UnitOfMeasurePrice>0.0000</UnitOfMeasurePrice>
      <AllowDiscount>1</AllowDiscount>
      <ItemStatus>1</ItemStatus>
      <ItemId>252620</ItemId>
    </Item>
    <Item>
      <PriceUpdateDate>2015-01-01 00:00:00</PriceUpdateDate>
      <ItemCode>835811001973</ItemCode>
      <ItemType>0</ItemType>
      <ItemName>תבנית ח"פ עבה עמוקה</ItemName>
      <ManufacturerName>,</ManufacturerName>
      <ManufactureCountry>לא ידוע</ManufactureCountry>
      <ManufacturerItemDescription>תבנית ח"פ עבה עמוקה 3 יח</ManufacturerItemDescription>
      <UnitQty>Unknown </UnitQty>
      <Quantity>0.00</Quantity>
      <UnitOfMeasure>Unknown </UnitOfMeasure>
      <bIsWeighted>0</bIsWeighted>
      <QtyInPackage>1</QtyInPackage>
      <ItemPrice>8.90</ItemPrice>
      <UnitOfMeasurePrice>0.0000</UnitOfMeasurePrice>
      <AllowDiscount>1</AllowDiscount>
      <ItemStatus>1</ItemStatus>
      <ItemId>252621</ItemId>
    </Item>
    <Item>
      <PriceUpdateDate>2015-01-01 00:00:00</PriceUpdateDate>
      <ItemCode>835811001997</ItemCode>
      <ItemType>0</ItemType>
      <ItemName>תבנית ח"פ עבה לחלה 4</ItemName>
      <ManufacturerName>,</ManufacturerName>
      <ManufactureCountry>לא ידוע</ManufactureCountry>
      <ManufacturerItemDescription>תבנית ח"פ עבה לחלה 4 יח</ManufacturerItemDescription>
      <UnitQty>Unknown </UnitQty>
      <Quantity>0.00</Quantity>
      <UnitOfMeasure>Unknown </UnitOfMeasure>
      <bIsWeighted>0</bIsWeighted>
      <QtyInPackage>1</QtyInPackage>
      <ItemPrice>8.90</ItemPrice>
      <UnitOfMeasurePrice>0.0000</UnitOfMeasurePrice>
      <AllowDiscount>1</AllowDiscount>
      <ItemStatus>1</ItemStatus>
      <ItemId>252622</ItemId>
    </Item>
    <Item>
      <PriceUpdateDate>2015-01-01 00:00:00</PriceUpdateDate>
      <ItemCode>835811001980</ItemCode>
      <ItemType>0</ItemType>
      <ItemName>תבנית ח"פ עבה למאפינ</ItemName>
      <ManufacturerName>,</ManufacturerName>
      <ManufactureCountry>לא ידוע</ManufactureCountry>
      <ManufacturerItemDescription>תבנית ח"פ עבה למאפינס 7 יח</ManufacturerItemDescription>
      <UnitQty>Unknown </UnitQty>
      <Quantity>0.00</Quantity>
      <UnitOfMeasure>Unknown </UnitOfMeasure>
      <bIsWeighted>0</bIsWeighted>
      <QtyInPackage>1</QtyInPackage>
      <ItemPrice>8.90</ItemPrice>
      <UnitOfMeasurePrice>0.0000</UnitOfMeasurePrice>
      <AllowDiscount>1</AllowDiscount>
      <ItemStatus>1</ItemStatus>
      <ItemId>252623</ItemId>
    </Item>
    <Item>
      <PriceUpdateDate>2015-12-02 10:25:03</PriceUpdateDate>
      <ItemCode>8076809537100</ItemCode>
      <ItemType>0</ItemType>
      <ItemName>פסטה ברילה סלמנטיני</ItemName>
      <ManufacturerName>ברילה</ManufacturerName>
      <ManufactureCountry>איטליה</ManufactureCountry>
      <ManufacturerItemDescription>פסטה ברילה סלמנטיני 500 גרם</ManufacturerItemDescription>
      <UnitQty>גרמים</UnitQty>
      <Quantity>500.00</Quantity>
      <UnitOfMeasure>100 גרם</UnitOfMeasure>
      <bIsWeighted>0</bIsWeighted>
      <QtyInPackage>1</QtyInPackage>
      <ItemPrice>4.90</ItemPrice>
      <UnitOfMeasurePrice>0.9800</UnitOfMeasurePrice>
      <AllowDiscount>1</AllowDiscount>
      <ItemStatus>1</ItemStatus>
      <ItemId>252626</ItemId>
    </Item>
    <Item>
      <PriceUpdateDate>2016-05-23 16:28:33</PriceUpdateDate>
      <ItemCode>7290011108359</ItemCode>
      <ItemType>0</ItemType>
      <ItemName>סלט קולסלאו  400 גרם</ItemName>
      <ManufacturerName>,</ManufacturerName>
      <ManufactureCountry>לא ידוע</ManufactureCountry>
      <ManufacturerItemDescription>סלט קולסלאו  400 גרם מהדרין</ManufacturerItemDescription>
      <UnitQty>גרמים</UnitQty>
      <Quantity>400.00</Quantity>
      <UnitOfMeasure>100 גרם</UnitOfMeasure>
      <bIsWeighted>0</bIsWeighted>
      <QtyInPackage>1</QtyInPackage>
      <ItemPrice>10.90</ItemPrice>
      <UnitOfMeasurePrice>2.7250</UnitOfMeasurePrice>
      <AllowDiscount>1</AllowDiscount>
      <ItemStatus>1</ItemStatus>
      <ItemId>252648</ItemId>
    </Item>
    <Item>
      <PriceUpdateDate>2016-05-23 16:28:34</PriceUpdateDate>
      <ItemCode>7290011108298</ItemCode>
      <ItemType>0</ItemType>
      <ItemName>סלט כרוב 1 ק"ג מהדרי</ItemName>
      <ManufacturerName>,</ManufacturerName>
      <ManufactureCountry>לא ידוע</ManufactureCountry>
      <ManufacturerItemDescription>סלט כרוב 1 ק"ג מהדרין</ManufacturerItemDescription>
      <UnitQty>קילוגרמים</UnitQty>
      <Quantity>1.00</Quantity>
      <UnitOfMeasure>ק"ג     </UnitOfMeasure>
      <bIsWeighted>0</bIsWeighted>
      <QtyInPackage>1</QtyInPackage>
      <ItemPrice>15.90</ItemPrice>
      <UnitOfMeasurePrice>15.9000</UnitOfMeasurePrice>
      <AllowDiscount>1</AllowDiscount>
      <ItemStatus>1</ItemStatus>
      <ItemId>252649</ItemId>
    </Item>
    <Item>
      <PriceUpdateDate>2016-05-23 16:28:35</PriceUpdateDate>
      <ItemCode>7290011108311</ItemCode>
      <ItemType>0</ItemType>
      <ItemName>סלט כרוב אדום 1 ק"ג</ItemName>
      <ManufacturerName>,</ManufacturerName>
      <ManufactureCountry>לא ידוע</ManufactureCountry>
      <ManufacturerItemDescription>סלט כרוב אדום 1 ק"ג מהדרין</ManufacturerItemDescription>
      <UnitQty>קילוגרמים</UnitQty>
      <Quantity>1.00</Quantity>
      <UnitOfMeasure>ק"ג     </UnitOfMeasure>
      <bIsWeighted>0</bIsWeighted>
      <QtyInPackage>1</QtyInPackage>
      <ItemPrice>15.90</ItemPrice>
      <UnitOfMeasurePrice>15.9000</UnitOfMeasurePrice>
      <AllowDiscount>1</AllowDiscount>
      <ItemStatus>1</ItemStatus>
      <ItemId>252650</ItemId>
    </Item>
    <Item>
      <PriceUpdateDate>2016-05-23 16:28:35</PriceUpdateDate>
      <ItemCode>7290011108328</ItemCode>
      <ItemType>0</ItemType>
      <ItemName>סלט כרוב אדום 400 גר</ItemName>
      <ManufacturerName>,</ManufacturerName>
      <ManufactureCountry>לא ידוע</ManufactureCountry>
      <ManufacturerItemDescription>סלט כרוב אדום 400 גרם מהדרין</ManufacturerItemDescription>
      <UnitQty>גרמים</UnitQty>
      <Quantity>400.00</Quantity>
      <UnitOfMeasure>100 גרם</UnitOfMeasure>
      <bIsWeighted>0</bIsWeighted>
      <QtyInPackage>1</QtyInPackage>
      <ItemPrice>10.90</ItemPrice>
      <UnitOfMeasurePrice>2.7250</UnitOfMeasurePrice>
      <AllowDiscount>1</AllowDiscount>
      <ItemStatus>1</ItemStatus>
      <ItemId>252651</ItemId>
    </Item>
    <Item>
      <PriceUpdateDate>2016-05-23 16:28:36</PriceUpdateDate>
      <ItemCode>7290011108304</ItemCode>
      <ItemType>0</ItemType>
      <ItemName>סלט כרוב לבן 400 גרם</ItemName>
      <ManufacturerName>,</ManufacturerName>
      <ManufactureCountry>לא ידוע</ManufactureCountry>
      <ManufacturerItemDescription>סלט כרוב לבן 400 גרם מהדרין</ManufacturerItemDescription>
      <UnitQty>גרמים</UnitQty>
      <Quantity>400.00</Quantity>
      <UnitOfMeasure>100 גרם</UnitOfMeasure>
      <bIsWeighted>0</bIsWeighted>
      <QtyInPackage>1</QtyInPackage>
      <ItemPrice>10.90</ItemPrice>
      <UnitOfMeasurePrice>2.7250</UnitOfMeasurePrice>
      <AllowDiscount>1</AllowDiscount>
      <ItemStatus>1</ItemStatus>
      <ItemId>252652</ItemId>
    </Item>
    <Item>
      <PriceUpdateDate>2015-01-01 00:00:00</PriceUpdateDate>
      <ItemCode>7290104283956</ItemCode>
      <ItemType>0</ItemType>
      <ItemName>מברשת שיער יוקרתי</ItemName>
      <ManufacturerName>,</ManufacturerName>
      <ManufactureCountry>לא ידוע</ManufactureCountry>
      <ManufacturerItemDescription>מברשת שיער יוקרתי</ManufacturerItemDescription>
      <UnitQty>Unknown </UnitQty>
      <Quantity>0.00</Quantity>
      <UnitOfMeasure>Unknown </UnitOfMeasure>
      <bIsWeighted>0</bIsWeighted>
      <QtyInPackage>1</QtyInPackage>
      <ItemPrice>17.90</ItemPrice>
      <UnitOfMeasurePrice>0.0000</UnitOfMeasurePrice>
      <AllowDiscount>1</AllowDiscount>
      <ItemStatus>1</ItemStatus>
      <ItemId>252673</ItemId>
    </Item>
    <Item>
      <PriceUpdateDate>2015-01-01 00:00:00</PriceUpdateDate>
      <ItemCode>2697152</ItemCode>
      <ItemType>0</ItemType>
      <ItemName>לחם בראשית 1.4 ק"ג</ItemName>
      <ManufacturerName>,</ManufacturerName>
      <ManufactureCountry>לא ידוע</ManufactureCountry>
      <ManufacturerItemDescription>לחם בראשית 1.4 ק"ג</ManufacturerItemDescription>
      <UnitQty>קילוגרמים</UnitQty>
      <Quantity>1.40</Quantity>
      <UnitOfMeasure>ק"ג     </UnitOfMeasure>
      <bIsWeighted>0</bIsWeighted>
      <QtyInPackage>1</QtyInPackage>
      <ItemPrice>14.90</ItemPrice>
      <UnitOfMeasurePrice>10.6429</UnitOfMeasurePrice>
      <AllowDiscount>1</AllowDiscount>
      <ItemStatus>1</ItemStatus>
      <ItemId>252677</ItemId>
    </Item>
    <Item>
      <PriceUpdateDate>2015-11-08 11:10:25</PriceUpdateDate>
      <ItemCode>7290010760794</ItemCode>
      <ItemType>0</ItemType>
      <ItemName>עוגיות מלוחות 350 גר</ItemName>
      <ManufacturerName>,</ManufacturerName>
      <ManufactureCountry>לא ידוע</ManufactureCountry>
      <ManufacturerItemDescription>עוגיות שקד 350 גרם</ManufacturerItemDescription>
      <UnitQty>גרמים</UnitQty>
      <Quantity>350.00</Quantity>
      <UnitOfMeasure>100 גרם</UnitOfMeasure>
      <bIsWeighted>0</bIsWeighted>
      <QtyInPackage>1</QtyInPackage>
      <ItemPrice>11.90</ItemPrice>
      <UnitOfMeasurePrice>3.4000</UnitOfMeasurePrice>
      <AllowDiscount>1</AllowDiscount>
      <ItemStatus>1</ItemStatus>
      <ItemId>252679</ItemId>
    </Item>
    <Item>
      <PriceUpdateDate>2015-01-01 00:00:00</PriceUpdateDate>
      <ItemCode>7290014466265</ItemCode>
      <ItemType>0</ItemType>
      <ItemName>יין גמלא פינו נואר 7</ItemName>
      <ManufacturerName>יקב רמת הגולן</ManufacturerName>
      <ManufactureCountry>לא ידוע</ManufactureCountry>
      <ManufacturerItemDescription>יין גמלא פינו נואר 750 מ"ל</ManufacturerItemDescription>
      <UnitQty>מיליליטרים</UnitQty>
      <Quantity>750.00</Quantity>
      <UnitOfMeasure>100 מ"ל</UnitOfMeasure>
      <bIsWeighted>0</bIsWeighted>
      <QtyInPackage>1</QtyInPackage>
      <ItemPrice>48.90</ItemPrice>
      <UnitOfMeasurePrice>6.5200</UnitOfMeasurePrice>
      <AllowDiscount>1</AllowDiscount>
      <ItemStatus>1</ItemStatus>
      <ItemId>252693</ItemId>
    </Item>
    <Item>
      <PriceUpdateDate>2015-01-01 00:00:00</PriceUpdateDate>
      <ItemCode>5431630</ItemCode>
      <ItemType>0</ItemType>
      <ItemName>מארז זוג עוגת גבינה</ItemName>
      <ManufacturerName>תנובה</ManufacturerName>
      <ManufactureCountry>לא ידוע</ManufactureCountry>
      <ManufacturerItemDescription>מארז זוג עוגת גבינה פירורים לייט</ManufacturerItemDescription>
      <UnitQty>Unknown </UnitQty>
      <Quantity>0.00</Quantity>
      <UnitOfMeasure>Unknown </UnitOfMeasure>
      <bIsWeighted>0</bIsWeighted>
      <QtyInPackage>1</QtyInPackage>
      <ItemPrice>11.90</ItemPrice>
      <UnitOfMeasurePrice>0.0000</UnitOfMeasurePrice>
      <AllowDiscount>1</AllowDiscount>
      <ItemStatus>1</ItemStatus>
      <ItemId>252928</ItemId>
    </Item>
    <Item>
      <PriceUpdateDate>2015-01-01 00:00:00</PriceUpdateDate>
      <ItemCode>7290014002944</ItemCode>
      <ItemType>0</ItemType>
      <ItemName>תה פירות חליטת פירות</ItemName>
      <ManufacturerName>,</ManufacturerName>
      <ManufactureCountry>לא ידוע</ManufactureCountry>
      <ManufacturerItemDescription>תה פירות חליטת פירות וצמחים הגן הקסום</ManufacturerItemDescription>
      <UnitQty>גרמים</UnitQty>
      <Quantity>50.00</Quantity>
      <UnitOfMeasure>100 גרם</UnitOfMeasure>
      <bIsWeighted>0</bIsWeighted>
      <QtyInPackage>1</QtyInPackage>
      <ItemPrice>15.90</ItemPrice>
      <UnitOfMeasurePrice>31.8000</UnitOfMeasurePrice>
      <AllowDiscount>1</AllowDiscount>
      <ItemStatus>1</ItemStatus>
      <ItemId>252705</ItemId>
    </Item>
    <Item>
      <PriceUpdateDate>2015-01-01 00:00:00</PriceUpdateDate>
      <ItemCode>7290014016279</ItemCode>
      <ItemType>0</ItemType>
      <ItemName>פיצה מרגריטה ללא גלו</ItemName>
      <ManufacturerName>,</ManufacturerName>
      <ManufactureCountry>לא ידוע</ManufactureCountry>
      <ManufacturerItemDescription>פיצה מרגריטה ללא גלוטן</ManufacturerItemDescription>
      <UnitQty>Unknown </UnitQty>
      <Quantity>0.00</Quantity>
      <UnitOfMeasure>Unknown </UnitOfMeasure>
      <bIsWeighted>0</bIsWeighted>
      <QtyInPackage>1</QtyInPackage>
      <ItemPrice>19.90</ItemPrice>
      <UnitOfMeasurePrice>0.0000</UnitOfMeasurePrice>
      <AllowDiscount>1</AllowDiscount>
      <ItemStatus>1</ItemStatus>
      <ItemId>252710</ItemId>
    </Item>
    <Item>
      <PriceUpdateDate>2015-01-01 00:00:00</PriceUpdateDate>
      <ItemCode>7290014016286</ItemCode>
      <ItemType>0</ItemType>
      <ItemName>פיצה מרגריטה עם זיתי</ItemName>
      <ManufacturerName>,</ManufacturerName>
      <ManufactureCountry>לא ידוע</ManufactureCountry>
      <ManufacturerItemDescription>פיצה מרגריטה עם זיתים ללא גלוטן</ManufacturerItemDescription>
      <UnitQty>Unknown </UnitQty>
      <Quantity>0.00</Quantity>
      <UnitOfMeasure>Unknown </UnitOfMeasure>
      <bIsWeighted>0</bIsWeighted>
      <QtyInPackage>1</QtyInPackage>
      <ItemPrice>19.90</ItemPrice>
      <UnitOfMeasurePrice>0.0000</UnitOfMeasurePrice>
      <AllowDiscount>1</AllowDiscount>
      <ItemStatus>1</ItemStatus>
      <ItemId>252711</ItemId>
    </Item>
    <Item>
      <PriceUpdateDate>2015-01-01 00:00:00</PriceUpdateDate>
      <ItemCode>7290014016439</ItemCode>
      <ItemType>0</ItemType>
      <ItemName>בורקס גבינה 500 גרם</ItemName>
      <ManufacturerName>,</ManufacturerName>
      <ManufactureCountry>לא ידוע</ManufactureCountry>
      <ManufacturerItemDescription>בורקס גבינה 500 גרם ללא גלוטן</ManufacturerItemDescription>
      <UnitQty>גרמים</UnitQty>
      <Quantity>500.00</Quantity>
      <UnitOfMeasure>100 גרם</UnitOfMeasure>
      <bIsWeighted>0</bIsWeighted>
      <QtyInPackage>1</QtyInPackage>
      <ItemPrice>19.90</ItemPrice>
      <UnitOfMeasurePrice>3.9800</UnitOfMeasurePrice>
      <AllowDiscount>1</AllowDiscount>
      <ItemStatus>1</ItemStatus>
      <ItemId>252712</ItemId>
    </Item>
    <Item>
      <PriceUpdateDate>2015-01-01 00:00:00</PriceUpdateDate>
      <ItemCode>7290014016446</ItemCode>
      <ItemType>0</ItemType>
      <ItemName>בורקס תפו"א 500 גרם</ItemName>
      <ManufacturerName>,</ManufacturerName>
      <ManufactureCountry>לא ידוע</ManufactureCountry>
      <ManufacturerItemDescription>בורקס תפו"א 500 גרם ללא גלוטן</ManufacturerItemDescription>
      <UnitQty>גרמים</UnitQty>
      <Quantity>500.00</Quantity>
      <UnitOfMeasure>100 גרם</UnitOfMeasure>
      <bIsWeighted>0</bIsWeighted>
      <QtyInPackage>1</QtyInPackage>
      <ItemPrice>19.90</ItemPrice>
      <UnitOfMeasurePrice>3.9800</UnitOfMeasurePrice>
      <AllowDiscount>1</AllowDiscount>
      <ItemStatus>1</ItemStatus>
      <ItemId>252713</ItemId>
    </Item>
    <Item>
      <PriceUpdateDate>2015-01-01 00:00:00</PriceUpdateDate>
      <ItemCode>7290014016453</ItemCode>
      <ItemType>0</ItemType>
      <ItemName>בצק עלים 500 גרם ללא</ItemName>
      <ManufacturerName>,</ManufacturerName>
      <ManufactureCountry>לא ידוע</ManufactureCountry>
      <ManufacturerItemDescription>בצק עלים 500 גרם ללא גלוטן</ManufacturerItemDescription>
      <UnitQty>גרמים</UnitQty>
      <Quantity>500.00</Quantity>
      <UnitOfMeasure>100 גרם</UnitOfMeasure>
      <bIsWeighted>0</bIsWeighted>
      <QtyInPackage>1</QtyInPackage>
      <ItemPrice>19.90</ItemPrice>
      <UnitOfMeasurePrice>3.9800</UnitOfMeasurePrice>
      <AllowDiscount>1</AllowDiscount>
      <ItemStatus>1</ItemStatus>
      <ItemId>252714</ItemId>
    </Item>
    <Item>
      <PriceUpdateDate>2015-11-08 11:10:24</PriceUpdateDate>
      <ItemCode>7290010760787</ItemCode>
      <ItemType>0</ItemType>
      <ItemName>עוגיות שקד 300 גרם</ItemName>
      <ManufacturerName>,</ManufacturerName>
      <ManufactureCountry>לא ידוע</ManufactureCountry>
      <ManufacturerItemDescription>עוגיות שקד 300 גרם</ManufacturerItemDescription>
      <UnitQty>גרמים</UnitQty>
      <Quantity>300.00</Quantity>
      <UnitOfMeasure>100 גרם</UnitOfMeasure>
      <bIsWeighted>0</bIsWeighted>
      <QtyInPackage>1</QtyInPackage>
      <ItemPrice>11.90</ItemPrice>
      <UnitOfMeasurePrice>3.9667</UnitOfMeasurePrice>
      <AllowDiscount>1</AllowDiscount>
      <ItemStatus>1</ItemStatus>
      <ItemId>252717</ItemId>
    </Item>
    <Item>
      <PriceUpdateDate>2015-01-01 00:00:00</PriceUpdateDate>
      <ItemCode>7290106660410</ItemCode>
      <ItemType>0</ItemType>
      <ItemName>רביולי תרד וגבינה 40</ItemName>
      <ManufacturerName>שטראוס</ManufacturerName>
      <ManufactureCountry>ישראל</ManufactureCountry>
      <ManufacturerItemDescription>רביולי תרד וגבינה 400 גרם</ManufacturerItemDescription>
      <UnitQty>גרמים</UnitQty>
      <Quantity>400.00</Quantity>
      <UnitOfMeasure>100 גרם</UnitOfMeasure>
      <bIsWeighted>0</bIsWeighted>
      <QtyInPackage>1</QtyInPackage>
      <ItemPrice>19.90</ItemPrice>
      <UnitOfMeasurePrice>4.9750</UnitOfMeasurePrice>
      <AllowDiscount>1</AllowDiscount>
      <ItemStatus>1</ItemStatus>
      <ItemId>252720</ItemId>
    </Item>
    <Item>
      <PriceUpdateDate>2015-10-28 16:01:18</PriceUpdateDate>
      <ItemCode>7290104855429</ItemCode>
      <ItemType>0</ItemType>
      <ItemName>גביע איכותי 500 מ"ל</ItemName>
      <ManufacturerName>צח ליין</ManufacturerName>
      <ManufactureCountry>לא ידוע</ManufactureCountry>
      <ManufacturerItemDescription>גביע 500 מ"ל 20 יח</ManufacturerItemDescription>
      <UnitQty>Unknown </UnitQty>
      <Quantity>0.00</Quantity>
      <UnitOfMeasure>Unknown </UnitOfMeasure>
      <bIsWeighted>0</bIsWeighted>
      <QtyInPackage>1</QtyInPackage>
      <ItemPrice>19.90</ItemPrice>
      <UnitOfMeasurePrice>0.0000</UnitOfMeasurePrice>
      <AllowDiscount>1</AllowDiscount>
      <ItemStatus>1</ItemStatus>
      <ItemId>265685</ItemId>
    </Item>
    <Item>
      <PriceUpdateDate>2016-07-13 10:10:32</PriceUpdateDate>
      <ItemCode>7290014011069</ItemCode>
      <ItemType>0</ItemType>
      <ItemName>חזרת ביתית 360 גרם ל</ItemName>
      <ManufacturerName>,</ManufacturerName>
      <ManufactureCountry>לא ידוע</ManufactureCountry>
      <ManufacturerItemDescription>חזרת ביתית 360 גרם ללא סוכר רובינס</ManufacturerItemDescription>
      <UnitQty>גרמים</UnitQty>
      <Quantity>360.00</Quantity>
      <UnitOfMeasure>100 גרם</UnitOfMeasure>
      <bIsWeighted>0</bIsWeighted>
      <QtyInPackage>1</QtyInPackage>
      <ItemPrice>9.90</ItemPrice>
      <UnitOfMeasurePrice>2.7500</UnitOfMeasurePrice>
      <AllowDiscount>1</AllowDiscount>
      <ItemStatus>1</ItemStatus>
      <ItemId>268856</ItemId>
    </Item>
    <Item>
      <PriceUpdateDate>2015-08-02 17:40:45</PriceUpdateDate>
      <ItemCode>7290107640664</ItemCode>
      <ItemType>0</ItemType>
      <ItemName>קליק בייגלה חלב 75 ג</ItemName>
      <ManufacturerName>,</ManufacturerName>
      <ManufactureCountry>לא ידוע</ManufactureCountry>
      <ManufacturerItemDescription>קליק בייגלה חלב 75 גרם</ManufacturerItemDescription>
      <UnitQty>גרמים</UnitQty>
      <Quantity>75.00</Quantity>
      <UnitOfMeasure>100 גרם</UnitOfMeasure>
      <bIsWeighted>0</bIsWeighted>
      <QtyInPackage>1</QtyInPackage>
      <ItemPrice>3.90</ItemPrice>
      <UnitOfMeasurePrice>5.2000</UnitOfMeasurePrice>
      <AllowDiscount>1</AllowDiscount>
      <ItemStatus>1</ItemStatus>
      <ItemId>264744</ItemId>
    </Item>
    <Item>
      <PriceUpdateDate>2015-01-01 00:00:00</PriceUpdateDate>
      <ItemCode>7290015150095</ItemCode>
      <ItemType>0</ItemType>
      <ItemName>תה ויסוצקידס ענבים 2</ItemName>
      <ManufacturerName>ויסוצקי</ManufacturerName>
      <ManufactureCountry>לא ידוע</ManufactureCountry>
      <ManufacturerItemDescription>תה ויסוצקידס ענבים 20 שקיקים</ManufacturerItemDescription>
      <UnitQty>Unknown </UnitQty>
      <Quantity>0.00</Quantity>
      <UnitOfMeasure>Unknown </UnitOfMeasure>
      <bIsWeighted>0</bIsWeighted>
      <QtyInPackage>1</QtyInPackage>
      <ItemPrice>16.90</ItemPrice>
      <UnitOfMeasurePrice>0.0000</UnitOfMeasurePrice>
      <AllowDiscount>1</AllowDiscount>
      <ItemStatus>1</ItemStatus>
      <ItemId>252730</ItemId>
    </Item>
    <Item>
      <PriceUpdateDate>2015-01-01 00:00:00</PriceUpdateDate>
      <ItemCode>7290015150101</ItemCode>
      <ItemType>0</ItemType>
      <ItemName>תה ויסוצקידס נענע</ItemName>
      <ManufacturerName>ויסוצקי</ManufacturerName>
      <ManufactureCountry>לא ידוע</ManufactureCountry>
      <ManufacturerItemDescription>תה ויסוצקידס נענע 20 שקיקים</ManufacturerItemDescription>
      <UnitQty>Unknown </UnitQty>
      <Quantity>0.00</Quantity>
      <UnitOfMeasure>Unknown </UnitOfMeasure>
      <bIsWeighted>0</bIsWeighted>
      <QtyInPackage>1</QtyInPackage>
      <ItemPrice>16.90</ItemPrice>
      <UnitOfMeasurePrice>0.0000</UnitOfMeasurePrice>
      <AllowDiscount>1</AllowDiscount>
      <ItemStatus>1</ItemStatus>
      <ItemId>252731</ItemId>
    </Item>
    <Item>
      <PriceUpdateDate>2015-01-01 00:00:00</PriceUpdateDate>
      <ItemCode>7290014002074</ItemCode>
      <ItemType>0</ItemType>
      <ItemName>תה ויסוצקידס פטל</ItemName>
      <ManufacturerName>ויסוצקי</ManufacturerName>
      <ManufactureCountry>לא ידוע</ManufactureCountry>
      <ManufacturerItemDescription>תה ויסוצקידס פטל 20 שקיקים</ManufacturerItemDescription>
      <UnitQty>Unknown </UnitQty>
      <Quantity>0.00</Quantity>
      <UnitOfMeasure>Unknown </UnitOfMeasure>
      <bIsWeighted>0</bIsWeighted>
      <QtyInPackage>1</QtyInPackage>
      <ItemPrice>16.90</ItemPrice>
      <UnitOfMeasurePrice>0.0000</UnitOfMeasurePrice>
      <AllowDiscount>1</AllowDiscount>
      <ItemStatus>1</ItemStatus>
      <ItemId>252732</ItemId>
    </Item>
    <Item>
      <PriceUpdateDate>2015-01-01 00:00:00</PriceUpdateDate>
      <ItemCode>189215</ItemCode>
      <ItemType>0</ItemType>
      <ItemName>מטלית הקסם לרצפה ניק</ItemName>
      <ManufacturerName>חוגלה קימברלי</ManufacturerName>
      <ManufactureCountry>סין</ManufactureCountry>
      <ManufacturerItemDescription>מטלית הקסם לרצפה ניקול</ManufacturerItemDescription>
      <UnitQty>Unknown </UnitQty>
      <Quantity>0.00</Quantity>
      <UnitOfMeasure>Unknown </UnitOfMeasure>
      <bIsWeighted>0</bIsWeighted>
      <QtyInPackage>1</QtyInPackage>
      <ItemPrice>12.90</ItemPrice>
      <UnitOfMeasurePrice>0.0000</UnitOfMeasurePrice>
      <AllowDiscount>1</AllowDiscount>
      <ItemStatus>1</ItemStatus>
      <ItemId>252751</ItemId>
    </Item>
    <Item>
      <PriceUpdateDate>2015-01-01 00:00:00</PriceUpdateDate>
      <ItemCode>191393</ItemCode>
      <ItemType>0</ItemType>
      <ItemName>טישו מולט שביעייה</ItemName>
      <ManufacturerName>חוגלה קימברלי</ManufacturerName>
      <ManufactureCountry>ישראל</ManufactureCountry>
      <ManufacturerItemDescription>טישו מולט שביעייה</ManufacturerItemDescription>
      <UnitQty>גרמים</UnitQty>
      <Quantity>823.00</Quantity>
      <UnitOfMeasure>100 גרם</UnitOfMeasure>
      <bIsWeighted>0</bIsWeighted>
      <QtyInPackage>7</QtyInPackage>
      <ItemPrice>16.90</ItemPrice>
      <UnitOfMeasurePrice>2.0535</UnitOfMeasurePrice>
      <AllowDiscount>1</AllowDiscount>
      <ItemStatus>1</ItemStatus>
      <ItemId>252752</ItemId>
    </Item>
    <Item>
      <PriceUpdateDate>2015-01-01 00:00:00</PriceUpdateDate>
      <ItemCode>7290100924389</ItemCode>
      <ItemType>0</ItemType>
      <ItemName>מארז נוזל אסלות סוד</ItemName>
      <ManufacturerName>,</ManufacturerName>
      <ManufactureCountry>לא ידוע</ManufactureCountry>
      <ManufacturerItemDescription>מארז נוזל אסלות סוד אוקינוס + כדוריות</ManufacturerItemDescription>
      <UnitQty>Unknown </UnitQty>
      <Quantity>0.00</Quantity>
      <UnitOfMeasure>Unknown </UnitOfMeasure>
      <bIsWeighted>0</bIsWeighted>
      <QtyInPackage>1</QtyInPackage>
      <ItemPrice>17.90</ItemPrice>
      <UnitOfMeasurePrice>0.0000</UnitOfMeasurePrice>
      <AllowDiscount>1</AllowDiscount>
      <ItemStatus>1</ItemStatus>
      <ItemId>252743</ItemId>
    </Item>
    <Item>
      <PriceUpdateDate>2015-01-01 00:00:00</PriceUpdateDate>
      <ItemCode>7290100924440</ItemCode>
      <ItemType>0</ItemType>
      <ItemName>מארז נוזל אסלות סוד</ItemName>
      <ManufacturerName>,</ManufacturerName>
      <ManufactureCountry>לא ידוע</ManufactureCountry>
      <ManufacturerItemDescription>מארז נוזל אסלות סוד אורנים + כדוריות</ManufacturerItemDescription>
      <UnitQty>Unknown </UnitQty>
      <Quantity>0.00</Quantity>
      <UnitOfMeasure>Unknown </UnitOfMeasure>
      <bIsWeighted>0</bIsWeighted>
      <QtyInPackage>1</QtyInPackage>
      <ItemPrice>17.90</ItemPrice>
      <UnitOfMeasurePrice>0.0000</UnitOfMeasurePrice>
      <AllowDiscount>1</AllowDiscount>
      <ItemStatus>1</ItemStatus>
      <ItemId>252744</ItemId>
    </Item>
    <Item>
      <PriceUpdateDate>2015-01-01 00:00:00</PriceUpdateDate>
      <ItemCode>191539</ItemCode>
      <ItemType>0</ItemType>
      <ItemName>טישו צבעוני חמישיות</ItemName>
      <ManufacturerName>חוגלה קימברלי</ManufacturerName>
      <ManufactureCountry>ישראל</ManufactureCountry>
      <ManufacturerItemDescription>טישו צבעוני חמישיות</ManufacturerItemDescription>
      <UnitQty>גרמים</UnitQty>
      <Quantity>593.00</Quantity>
      <UnitOfMeasure>100 גרם</UnitOfMeasure>
      <bIsWeighted>0</bIsWeighted>
      <QtyInPackage>5</QtyInPackage>
      <ItemPrice>11.90</ItemPrice>
      <UnitOfMeasurePrice>2.0067</UnitOfMeasurePrice>
      <AllowDiscount>1</AllowDiscount>
      <ItemStatus>1</ItemStatus>
      <ItemId>252753</ItemId>
    </Item>
    <Item>
      <PriceUpdateDate>2015-01-01 00:00:00</PriceUpdateDate>
      <ItemCode>193014</ItemCode>
      <ItemType>0</ItemType>
      <ItemName>מגן תחתון אינטרלוד 5</ItemName>
      <ManufacturerName>חוגלה קימברלי</ManufacturerName>
      <ManufactureCountry>צ'כיה</ManufactureCountry>
      <ManufacturerItemDescription>מגן תחתון אינטרלוד 50 יח</ManufacturerItemDescription>
      <UnitQty>Unknown </UnitQty>
      <Quantity>0.00</Quantity>
      <UnitOfMeasure>Unknown </UnitOfMeasure>
      <bIsWeighted>0</bIsWeighted>
      <QtyInPackage>1</QtyInPackage>
      <ItemPrice>9.90</ItemPrice>
      <UnitOfMeasurePrice>0.0000</UnitOfMeasurePrice>
      <AllowDiscount>1</AllowDiscount>
      <ItemStatus>1</ItemStatus>
      <ItemId>252754</ItemId>
    </Item>
    <Item>
      <PriceUpdateDate>2015-01-01 00:00:00</PriceUpdateDate>
      <ItemCode>193083</ItemCode>
      <ItemType>0</ItemType>
      <ItemName>תחבושות נובה לי 28 י</ItemName>
      <ManufacturerName>חוגלה קימברלי</ManufacturerName>
      <ManufactureCountry>צ'כיה</ManufactureCountry>
      <ManufacturerItemDescription>תחבושות נובה לי 28 יח</ManufacturerItemDescription>
      <UnitQty>Unknown </UnitQty>
      <Quantity>0.00</Quantity>
      <UnitOfMeasure>Unknown </UnitOfMeasure>
      <bIsWeighted>0</bIsWeighted>
      <QtyInPackage>1</QtyInPackage>
      <ItemPrice>8.90</ItemPrice>
      <UnitOfMeasurePrice>0.0000</UnitOfMeasurePrice>
      <AllowDiscount>1</AllowDiscount>
      <ItemStatus>1</ItemStatus>
      <ItemId>252755</ItemId>
    </Item>
    <Item>
      <PriceUpdateDate>2015-01-01 00:00:00</PriceUpdateDate>
      <ItemCode>193175</ItemCode>
      <ItemType>0</ItemType>
      <ItemName>תחבושות לילי אינטי מ</ItemName>
      <ManufacturerName>חוגלה קימברלי</ManufacturerName>
      <ManufactureCountry>לא ידוע</ManufactureCountry>
      <ManufacturerItemDescription>תחבושות לילי אינטי מקופלות</ManufacturerItemDescription>
      <UnitQty>Unknown </UnitQty>
      <Quantity>0.00</Quantity>
      <UnitOfMeasure>Unknown </UnitOfMeasure>
      <bIsWeighted>0</bIsWeighted>
      <QtyInPackage>1</QtyInPackage>
      <ItemPrice>8.90</ItemPrice>
      <UnitOfMeasurePrice>0.0000</UnitOfMeasurePrice>
      <AllowDiscount>1</AllowDiscount>
      <ItemStatus>1</ItemStatus>
      <ItemId>252756</ItemId>
    </Item>
    <Item>
      <PriceUpdateDate>2015-01-01 00:00:00</PriceUpdateDate>
      <ItemCode>193205</ItemCode>
      <ItemType>0</ItemType>
      <ItemName>תחבושות לילי לילה</ItemName>
      <ManufacturerName>חוגלה קימברלי</ManufacturerName>
      <ManufactureCountry>בלגיה</ManufactureCountry>
      <ManufacturerItemDescription>תחבושות לילי לילה</ManufacturerItemDescription>
      <UnitQty>Unknown </UnitQty>
      <Quantity>0.00</Quantity>
      <UnitOfMeasure>Unknown </UnitOfMeasure>
      <bIsWeighted>0</bIsWeighted>
      <QtyInPackage>1</QtyInPackage>
      <ItemPrice>11.90</ItemPrice>
      <UnitOfMeasurePrice>0.0000</UnitOfMeasurePrice>
      <AllowDiscount>1</AllowDiscount>
      <ItemStatus>1</ItemStatus>
      <ItemId>252758</ItemId>
    </Item>
    <Item>
      <PriceUpdateDate>2015-01-01 00:00:00</PriceUpdateDate>
      <ItemCode>193472</ItemCode>
      <ItemType>0</ItemType>
      <ItemName>מגן תחתון לילי נטורל</ItemName>
      <ManufacturerName>חוגלה קימברלי</ManufacturerName>
      <ManufactureCountry>בלגיה</ManufactureCountry>
      <ManufacturerItemDescription>מגן תחתון לילי נטורל נורמל</ManufacturerItemDescription>
      <UnitQty>Unknown </UnitQty>
      <Quantity>0.00</Quantity>
      <UnitOfMeasure>Unknown </UnitOfMeasure>
      <bIsWeighted>0</bIsWeighted>
      <QtyInPackage>1</QtyInPackage>
      <ItemPrice>11.90</ItemPrice>
      <UnitOfMeasurePrice>0.0000</UnitOfMeasurePrice>
      <AllowDiscount>1</AllowDiscount>
      <ItemStatus>1</ItemStatus>
      <ItemId>252759</ItemId>
    </Item>
    <Item>
      <PriceUpdateDate>2015-01-01 00:00:00</PriceUpdateDate>
      <ItemCode>193540</ItemCode>
      <ItemType>0</ItemType>
      <ItemName>מגן תחתון לילי נטורל</ItemName>
      <ManufacturerName>חוגלה קימברלי</ManufacturerName>
      <ManufactureCountry>בלגיה</ManufactureCountry>
      <ManufacturerItemDescription>מגן תחתון לילי נטורל לונג</ManufacturerItemDescription>
      <UnitQty>Unknown </UnitQty>
      <Quantity>0.00</Quantity>
      <UnitOfMeasure>Unknown </UnitOfMeasure>
      <bIsWeighted>0</bIsWeighted>
      <QtyInPackage>1</QtyInPackage>
      <ItemPrice>11.90</ItemPrice>
      <UnitOfMeasurePrice>0.0000</UnitOfMeasurePrice>
      <AllowDiscount>1</AllowDiscount>
      <ItemStatus>1</ItemStatus>
      <ItemId>252760</ItemId>
    </Item>
    <Item>
      <PriceUpdateDate>2015-01-01 00:00:00</PriceUpdateDate>
      <ItemCode>193649</ItemCode>
      <ItemType>0</ItemType>
      <ItemName>תחבושות לילי נורמל +</ItemName>
      <ManufacturerName>חוגלה קימברלי</ManufacturerName>
      <ManufactureCountry>בלגיה</ManufactureCountry>
      <ManufacturerItemDescription>תחבושות לילי נורמל +</ManufacturerItemDescription>
      <UnitQty>Unknown </UnitQty>
      <Quantity>0.00</Quantity>
      <UnitOfMeasure>Unknown </UnitOfMeasure>
      <bIsWeighted>0</bIsWeighted>
      <QtyInPackage>1</QtyInPackage>
      <ItemPrice>11.90</ItemPrice>
      <UnitOfMeasurePrice>0.0000</UnitOfMeasurePrice>
      <AllowDiscount>1</AllowDiscount>
      <ItemStatus>1</ItemStatus>
      <ItemId>252761</ItemId>
    </Item>
    <Item>
      <PriceUpdateDate>2015-01-01 00:00:00</PriceUpdateDate>
      <ItemCode>193656</ItemCode>
      <ItemType>0</ItemType>
      <ItemName>תחבושות לילי סופר+</ItemName>
      <ManufacturerName>חוגלה קימברלי</ManufacturerName>
      <ManufactureCountry>בלגיה</ManufactureCountry>
      <ManufacturerItemDescription>תחבושות לילי סופר+</ManufacturerItemDescription>
      <UnitQty>Unknown </UnitQty>
      <Quantity>0.00</Quantity>
      <UnitOfMeasure>Unknown </UnitOfMeasure>
      <bIsWeighted>0</bIsWeighted>
      <QtyInPackage>1</QtyInPackage>
      <ItemPrice>11.90</ItemPrice>
      <UnitOfMeasurePrice>0.0000</UnitOfMeasurePrice>
      <AllowDiscount>1</AllowDiscount>
      <ItemStatus>1</ItemStatus>
      <ItemId>252762</ItemId>
    </Item>
    <Item>
      <PriceUpdateDate>2015-01-01 00:00:00</PriceUpdateDate>
      <ItemCode>195537</ItemCode>
      <ItemType>0</ItemType>
      <ItemName>מארז מגבונים האגיס ל</ItemName>
      <ManufacturerName>חוגלה קימברלי</ManufacturerName>
      <ManufactureCountry>ישראל</ManufactureCountry>
      <ManufacturerItemDescription>מארז מגבונים האגיס ללא בישום רביעיה</ManufacturerItemDescription>
      <UnitQty>Unknown </UnitQty>
      <Quantity>0.00</Quantity>
      <UnitOfMeasure>Unknown </UnitOfMeasure>
      <bIsWeighted>0</bIsWeighted>
      <QtyInPackage>4</QtyInPackage>
      <ItemPrice>18.90</ItemPrice>
      <UnitOfMeasurePrice>0.0000</UnitOfMeasurePrice>
      <AllowDiscount>1</AllowDiscount>
      <ItemStatus>1</ItemStatus>
      <ItemId>252765</ItemId>
    </Item>
    <Item>
      <PriceUpdateDate>2015-01-01 00:00:00</PriceUpdateDate>
      <ItemCode>195544</ItemCode>
      <ItemType>0</ItemType>
      <ItemName>מארז מגבונים האגיס מ</ItemName>
      <ManufacturerName>חוגלה קימברלי</ManufacturerName>
      <ManufactureCountry>ישראל</ManufactureCountry>
      <ManufacturerItemDescription>מארז מגבונים האגיס מבושם רביעיה</ManufacturerItemDescription>
      <UnitQty>Unknown </UnitQty>
      <Quantity>0.00</Quantity>
      <UnitOfMeasure>Unknown </UnitOfMeasure>
      <bIsWeighted>0</bIsWeighted>
      <QtyInPackage>4</QtyInPackage>
      <ItemPrice>18.90</ItemPrice>
      <UnitOfMeasurePrice>0.0000</UnitOfMeasurePrice>
      <AllowDiscount>1</AllowDiscount>
      <ItemStatus>1</ItemStatus>
      <ItemId>252766</ItemId>
    </Item>
    <Item>
      <PriceUpdateDate>2015-01-01 00:00:00</PriceUpdateDate>
      <ItemCode>204086</ItemCode>
      <ItemType>0</ItemType>
      <ItemName>ניקול כרית קרצוף 1+2</ItemName>
      <ManufacturerName>חוגלה קימברלי</ManufacturerName>
      <ManufactureCountry>ארצות הברית</ManufactureCountry>
      <ManufacturerItemDescription>ניקול כרית קרצוף 1+2חינם</ManufacturerItemDescription>
      <UnitQty>Unknown </UnitQty>
      <Quantity>0.00</Quantity>
      <UnitOfMeasure>Unknown </UnitOfMeasure>
      <bIsWeighted>0</bIsWeighted>
      <QtyInPackage>1</QtyInPackage>
      <ItemPrice>10.90</ItemPrice>
      <UnitOfMeasurePrice>0.0000</UnitOfMeasurePrice>
      <AllowDiscount>1</AllowDiscount>
      <ItemStatus>1</ItemStatus>
      <ItemId>252767</ItemId>
    </Item>
    <Item>
      <PriceUpdateDate>2015-01-01 00:00:00</PriceUpdateDate>
      <ItemCode>204215</ItemCode>
      <ItemType>0</ItemType>
      <ItemName>כריות יפניות ניקול 6</ItemName>
      <ManufacturerName>חוגלה קימברלי</ManufacturerName>
      <ManufactureCountry>ישראל</ManufactureCountry>
      <ManufacturerItemDescription>כריות יפניות ניקול 6 יח</ManufacturerItemDescription>
      <UnitQty>Unknown </UnitQty>
      <Quantity>0.00</Quantity>
      <UnitOfMeasure>Unknown </UnitOfMeasure>
      <bIsWeighted>0</bIsWeighted>
      <QtyInPackage>6</QtyInPackage>
      <ItemPrice>10.90</ItemPrice>
      <UnitOfMeasurePrice>0.0000</UnitOfMeasurePrice>
      <AllowDiscount>1</AllowDiscount>
      <ItemStatus>1</ItemStatus>
      <ItemId>252768</ItemId>
    </Item>
    <Item>
      <PriceUpdateDate>2015-01-01 00:00:00</PriceUpdateDate>
      <ItemCode>204253</ItemCode>
      <ItemType>0</ItemType>
      <ItemName>מטלית ניקול רב שימוש</ItemName>
      <ManufacturerName>נ אורים</ManufacturerName>
      <ManufactureCountry>ישראל</ManufactureCountry>
      <ManufacturerItemDescription>מטלית ניקול רב שימושי 9 יח</ManufacturerItemDescription>
      <UnitQty>Unknown </UnitQty>
      <Quantity>0.00</Quantity>
      <UnitOfMeasure>Unknown </UnitOfMeasure>
      <bIsWeighted>0</bIsWeighted>
      <QtyInPackage>9</QtyInPackage>
      <ItemPrice>10.90</ItemPrice>
      <UnitOfMeasurePrice>0.0000</UnitOfMeasurePrice>
      <AllowDiscount>1</AllowDiscount>
      <ItemStatus>1</ItemStatus>
      <ItemId>252769</ItemId>
    </Item>
    <Item>
      <PriceUpdateDate>2015-01-01 00:00:00</PriceUpdateDate>
      <ItemCode>262161</ItemCode>
      <ItemType>0</ItemType>
      <ItemName>נייר טואלט מולט לב א</ItemName>
      <ManufacturerName>חוגלה קימברלי</ManufacturerName>
      <ManufactureCountry>לא ידוע</ManufactureCountry>
      <ManufacturerItemDescription>נ. טואלט מולט לב אדום 40 גליל</ManufacturerItemDescription>
      <UnitQty>גרמים</UnitQty>
      <Quantity>3160.00</Quantity>
      <UnitOfMeasure>100 גרם</UnitOfMeasure>
      <bIsWeighted>0</bIsWeighted>
      <QtyInPackage>1</QtyInPackage>
      <ItemPrice>28.90</ItemPrice>
      <UnitOfMeasurePrice>0.9146</UnitOfMeasurePrice>
      <AllowDiscount>1</AllowDiscount>
      <ItemStatus>1</ItemStatus>
      <ItemId>252771</ItemId>
    </Item>
    <Item>
      <PriceUpdateDate>2015-01-01 00:00:00</PriceUpdateDate>
      <ItemCode>5029053510811</ItemCode>
      <ItemType>0</ItemType>
      <ItemName>תחבושות קוטקס נורמל</ItemName>
      <ManufacturerName>חוגלה קימברלי</ManufacturerName>
      <ManufactureCountry>תורכיה</ManufactureCountry>
      <ManufacturerItemDescription>תחבושות קוטקס נורמל +</ManufacturerItemDescription>
      <UnitQty>Unknown </UnitQty>
      <Quantity>0.00</Quantity>
      <UnitOfMeasure>Unknown </UnitOfMeasure>
      <bIsWeighted>0</bIsWeighted>
      <QtyInPackage>1</QtyInPackage>
      <ItemPrice>14.90</ItemPrice>
      <UnitOfMeasurePrice>0.0000</UnitOfMeasurePrice>
      <AllowDiscount>1</AllowDiscount>
      <ItemStatus>1</ItemStatus>
      <ItemId>252772</ItemId>
    </Item>
    <Item>
      <PriceUpdateDate>2015-01-01 00:00:00</PriceUpdateDate>
      <ItemCode>5029053510828</ItemCode>
      <ItemType>0</ItemType>
      <ItemName>תחבושות קוטקס סופר+</ItemName>
      <ManufacturerName>חוגלה קימברלי</ManufacturerName>
      <ManufactureCountry>תורכיה</ManufactureCountry>
      <ManufacturerItemDescription>תחבושות קוטקס סופר+</ManufacturerItemDescription>
      <UnitQty>Unknown </UnitQty>
      <Quantity>0.00</Quantity>
      <UnitOfMeasure>Unknown </UnitOfMeasure>
      <bIsWeighted>0</bIsWeighted>
      <QtyInPackage>1</QtyInPackage>
      <ItemPrice>14.90</ItemPrice>
      <UnitOfMeasurePrice>0.0000</UnitOfMeasurePrice>
      <AllowDiscount>1</AllowDiscount>
      <ItemStatus>1</ItemStatus>
      <ItemId>252773</ItemId>
    </Item>
    <Item>
      <PriceUpdateDate>2015-01-01 00:00:00</PriceUpdateDate>
      <ItemCode>5029053523446</ItemCode>
      <ItemType>0</ItemType>
      <ItemName>תחבושות קוטקס נייט</ItemName>
      <ManufacturerName>חוגלה קימברלי</ManufacturerName>
      <ManufactureCountry>תורכיה</ManufactureCountry>
      <ManufacturerItemDescription>תחבושות קוטקס נייט</ManufacturerItemDescription>
      <UnitQty>Unknown </UnitQty>
      <Quantity>0.00</Quantity>
      <UnitOfMeasure>Unknown </UnitOfMeasure>
      <bIsWeighted>0</bIsWeighted>
      <QtyInPackage>1</QtyInPackage>
      <ItemPrice>14.90</ItemPrice>
      <UnitOfMeasurePrice>0.0000</UnitOfMeasurePrice>
      <AllowDiscount>1</AllowDiscount>
      <ItemStatus>1</ItemStatus>
      <ItemId>252774</ItemId>
    </Item>
    <Item>
      <PriceUpdateDate>2015-01-01 00:00:00</PriceUpdateDate>
      <ItemCode>187853</ItemCode>
      <ItemType>0</ItemType>
      <ItemName>נייר טואלט לילי לבן</ItemName>
      <ManufacturerName>חוגלה קימברלי</ManufacturerName>
      <ManufactureCountry>לא ידוע</ManufactureCountry>
      <ManufacturerItemDescription>נ. טואלט לילי לבן 40 גלילים</ManufacturerItemDescription>
      <UnitQty>מטרים</UnitQty>
      <Quantity>1969.00</Quantity>
      <UnitOfMeasure>מטר</UnitOfMeasure>
      <bIsWeighted>0</bIsWeighted>
      <QtyInPackage>1</QtyInPackage>
      <ItemPrice>36.90</ItemPrice>
      <UnitOfMeasurePrice>0.0187</UnitOfMeasurePrice>
      <AllowDiscount>1</AllowDiscount>
      <ItemStatus>1</ItemStatus>
      <ItemId>252775</ItemId>
    </Item>
    <Item>
      <PriceUpdateDate>2015-01-01 00:00:00</PriceUpdateDate>
      <ItemCode>187907</ItemCode>
      <ItemType>0</ItemType>
      <ItemName>מארז נייר טואלט לח ש</ItemName>
      <ManufacturerName>חוגלה קימברלי</ManufacturerName>
      <ManufactureCountry>ישראל</ManufactureCountry>
      <ManufacturerItemDescription>מארז נייר טואלט לח שלישייה</ManufacturerItemDescription>
      <UnitQty>לא מנהל יחידת מידה</UnitQty>
      <Quantity>0.00</Quantity>
      <UnitOfMeasure>לא מנהל יחידת מידה</UnitOfMeasure>
      <bIsWeighted>0</bIsWeighted>
      <QtyInPackage>1</QtyInPackage>
      <ItemPrice>14.90</ItemPrice>
      <UnitOfMeasurePrice>0.0000</UnitOfMeasurePrice>
      <AllowDiscount>1</AllowDiscount>
      <ItemStatus>1</ItemStatus>
      <ItemId>252776</ItemId>
    </Item>
    <Item>
      <PriceUpdateDate>2015-01-01 00:00:00</PriceUpdateDate>
      <ItemCode>191652</ItemCode>
      <ItemType>0</ItemType>
      <ItemName>טישו קלינקס שלישיות</ItemName>
      <ManufacturerName>חוגלה קימברלי</ManufacturerName>
      <ManufactureCountry>ישראל</ManufactureCountry>
      <ManufacturerItemDescription>טישו קלינקס שלישיות</ManufacturerItemDescription>
      <UnitQty>Unknown </UnitQty>
      <Quantity>0.00</Quantity>
      <UnitOfMeasure>Unknown </UnitOfMeasure>
      <bIsWeighted>0</bIsWeighted>
      <QtyInPackage>1</QtyInPackage>
      <ItemPrice>8.90</ItemPrice>
      <UnitOfMeasurePrice>0.0000</UnitOfMeasurePrice>
      <AllowDiscount>1</AllowDiscount>
      <ItemStatus>1</ItemStatus>
      <ItemId>252777</ItemId>
    </Item>
    <Item>
      <PriceUpdateDate>2015-01-01 00:00:00</PriceUpdateDate>
      <ItemCode>188386</ItemCode>
      <ItemType>0</ItemType>
      <ItemName>מגבות נייר ניקול 12</ItemName>
      <ManufacturerName>חוגלה קימברלי</ManufacturerName>
      <ManufactureCountry>ישראל</ManufactureCountry>
      <ManufacturerItemDescription>מגבות נייר ניקול 12 גלילים</ManufacturerItemDescription>
      <UnitQty>Unknown </UnitQty>
      <Quantity>0.00</Quantity>
      <UnitOfMeasure>Unknown </UnitOfMeasure>
      <bIsWeighted>0</bIsWeighted>
      <QtyInPackage>1</QtyInPackage>
      <ItemPrice>16.90</ItemPrice>
      <UnitOfMeasurePrice>0.0000</UnitOfMeasurePrice>
      <AllowDiscount>1</AllowDiscount>
      <ItemStatus>1</ItemStatus>
      <ItemId>252779</ItemId>
    </Item>
    <Item>
      <PriceUpdateDate>2015-01-01 00:00:00</PriceUpdateDate>
      <ItemCode>189659</ItemCode>
      <ItemType>0</ItemType>
      <ItemName>מטליות לחות לרצפה ני</ItemName>
      <ManufacturerName>חוגלה קימברלי</ManufacturerName>
      <ManufactureCountry>ישראל</ManufactureCountry>
      <ManufacturerItemDescription>מטליות לחות לרצפה ניקול</ManufacturerItemDescription>
      <UnitQty>Unknown </UnitQty>
      <Quantity>0.00</Quantity>
      <UnitOfMeasure>Unknown </UnitOfMeasure>
      <bIsWeighted>0</bIsWeighted>
      <QtyInPackage>1</QtyInPackage>
      <ItemPrice>12.90</ItemPrice>
      <UnitOfMeasurePrice>0.0000</UnitOfMeasurePrice>
      <AllowDiscount>1</AllowDiscount>
      <ItemStatus>1</ItemStatus>
      <ItemId>252781</ItemId>
    </Item>
    <Item>
      <PriceUpdateDate>2015-01-01 00:00:00</PriceUpdateDate>
      <ItemCode>193076</ItemCode>
      <ItemType>0</ItemType>
      <ItemName>מטליות לרצפה ניקול ש</ItemName>
      <ManufacturerName>חוגלה קימברלי</ManufacturerName>
      <ManufactureCountry>לא ידוע</ManufactureCountry>
      <ManufacturerItemDescription>מטליות לרצפה ניקול שלישיה</ManufacturerItemDescription>
      <UnitQty>Unknown </UnitQty>
      <Quantity>0.00</Quantity>
      <UnitOfMeasure>Unknown </UnitOfMeasure>
      <bIsWeighted>0</bIsWeighted>
      <QtyInPackage>1</QtyInPackage>
      <ItemPrice>10.90</ItemPrice>
      <UnitOfMeasurePrice>0.0000</UnitOfMeasurePrice>
      <AllowDiscount>1</AllowDiscount>
      <ItemStatus>1</ItemStatus>
      <ItemId>252782</ItemId>
    </Item>
    <Item>
      <PriceUpdateDate>2015-01-01 00:00:00</PriceUpdateDate>
      <ItemCode>189871</ItemCode>
      <ItemType>0</ItemType>
      <ItemName>אשפתון מתכלה ניקול 6</ItemName>
      <ManufacturerName>חוגלה קימברלי</ManufacturerName>
      <ManufactureCountry>ישראל</ManufactureCountry>
      <ManufacturerItemDescription>אשפתון מתכלה ניקול 60 יח</ManufacturerItemDescription>
      <UnitQty>Unknown </UnitQty>
      <Quantity>0.00</Quantity>
      <UnitOfMeasure>Unknown </UnitOfMeasure>
      <bIsWeighted>0</bIsWeighted>
      <QtyInPackage>1</QtyInPackage>
      <ItemPrice>19.90</ItemPrice>
      <UnitOfMeasurePrice>0.0000</UnitOfMeasurePrice>
      <AllowDiscount>1</AllowDiscount>
      <ItemStatus>1</ItemStatus>
      <ItemId>252784</ItemId>
    </Item>
    <Item>
      <PriceUpdateDate>2015-01-01 00:00:00</PriceUpdateDate>
      <ItemCode>263359</ItemCode>
      <ItemType>0</ItemType>
      <ItemName>חיתולי האגיס ניו בור</ItemName>
      <ManufacturerName>חוגלה קימברלי</ManufacturerName>
      <ManufactureCountry>תורכיה</ManufactureCountry>
      <ManufacturerItemDescription>חיתולי האגיס ניו בורן מידה 1</ManufacturerItemDescription>
      <UnitQty>Unknown </UnitQty>
      <Quantity>0.00</Quantity>
      <UnitOfMeasure>Unknown </UnitOfMeasure>
      <bIsWeighted>0</bIsWeighted>
      <QtyInPackage>1</QtyInPackage>
      <ItemPrice>29.40</ItemPrice>
      <UnitOfMeasurePrice>0.0000</UnitOfMeasurePrice>
      <AllowDiscount>1</AllowDiscount>
      <ItemStatus>1</ItemStatus>
      <ItemId>252785</ItemId>
    </Item>
    <Item>
      <PriceUpdateDate>2015-01-01 00:00:00</PriceUpdateDate>
      <ItemCode>199566</ItemCode>
      <ItemType>0</ItemType>
      <ItemName>חיתולי האגיס אריזת ח</ItemName>
      <ManufacturerName>חוגלה קימברלי</ManufacturerName>
      <ManufactureCountry>לא ידוע</ManufactureCountry>
      <ManufacturerItemDescription>חיתולי האגיס אריזת חסכון מידה 3</ManufacturerItemDescription>
      <UnitQty>Unknown </UnitQty>
      <Quantity>0.00</Quantity>
      <UnitOfMeasure>Unknown </UnitOfMeasure>
      <bIsWeighted>0</bIsWeighted>
      <QtyInPackage>1</QtyInPackage>
      <ItemPrice>57.90</ItemPrice>
      <UnitOfMeasurePrice>0.0000</UnitOfMeasurePrice>
      <AllowDiscount>1</AllowDiscount>
      <ItemStatus>1</ItemStatus>
      <ItemId>252786</ItemId>
    </Item>
    <Item>
      <PriceUpdateDate>2015-01-01 00:00:00</PriceUpdateDate>
      <ItemCode>199597</ItemCode>
      <ItemType>0</ItemType>
      <ItemName>חיתולי האגיס אריזת ח</ItemName>
      <ManufacturerName>חוגלה קימברלי</ManufacturerName>
      <ManufactureCountry>לא ידוע</ManufactureCountry>
      <ManufacturerItemDescription>חיתולי האגיס אריזת חסכון מידה 4</ManufacturerItemDescription>
      <UnitQty>Unknown </UnitQty>
      <Quantity>0.00</Quantity>
      <UnitOfMeasure>Unknown </UnitOfMeasure>
      <bIsWeighted>0</bIsWeighted>
      <QtyInPackage>1</QtyInPackage>
      <ItemPrice>57.90</ItemPrice>
      <UnitOfMeasurePrice>0.0000</UnitOfMeasurePrice>
      <AllowDiscount>1</AllowDiscount>
      <ItemStatus>1</ItemStatus>
      <ItemId>252787</ItemId>
    </Item>
    <Item>
      <PriceUpdateDate>2015-01-01 00:00:00</PriceUpdateDate>
      <ItemCode>199764</ItemCode>
      <ItemType>0</ItemType>
      <ItemName>חיתולי האגיס אריזת ח</ItemName>
      <ManufacturerName>חוגלה קימברלי</ManufacturerName>
      <ManufactureCountry>לא ידוע</ManufactureCountry>
      <ManufacturerItemDescription>חיתולי האגיס אריזת חסכון מידה 4+</ManufacturerItemDescription>
      <UnitQty>Unknown </UnitQty>
      <Quantity>0.00</Quantity>
      <UnitOfMeasure>Unknown </UnitOfMeasure>
      <bIsWeighted>0</bIsWeighted>
      <QtyInPackage>1</QtyInPackage>
      <ItemPrice>57.90</ItemPrice>
      <UnitOfMeasurePrice>0.0000</UnitOfMeasurePrice>
      <AllowDiscount>1</AllowDiscount>
      <ItemStatus>1</ItemStatus>
      <ItemId>252788</ItemId>
    </Item>
    <Item>
      <PriceUpdateDate>2015-01-01 00:00:00</PriceUpdateDate>
      <ItemCode>199948</ItemCode>
      <ItemType>0</ItemType>
      <ItemName>חיתולי האגיס אריזת ח</ItemName>
      <ManufacturerName>חוגלה קימברלי</ManufacturerName>
      <ManufactureCountry>לא ידוע</ManufactureCountry>
      <ManufacturerItemDescription>חיתולי האגיס אריזת חסכון מידה 5</ManufacturerItemDescription>
      <UnitQty>Unknown </UnitQty>
      <Quantity>0.00</Quantity>
      <UnitOfMeasure>Unknown </UnitOfMeasure>
      <bIsWeighted>0</bIsWeighted>
      <QtyInPackage>1</QtyInPackage>
      <ItemPrice>57.90</ItemPrice>
      <UnitOfMeasurePrice>0.0000</UnitOfMeasurePrice>
      <AllowDiscount>1</AllowDiscount>
      <ItemStatus>1</ItemStatus>
      <ItemId>252789</ItemId>
    </Item>
    <Item>
      <PriceUpdateDate>2016-02-02 08:37:48</PriceUpdateDate>
      <ItemCode>188621</ItemCode>
      <ItemType>0</ItemType>
      <ItemName>טיטולים אריזת חסכון</ItemName>
      <ManufacturerName>חוגלה קימברלי</ManufacturerName>
      <ManufactureCountry>לא ידוע</ManufactureCountry>
      <ManufacturerItemDescription>טיטולים אריזת חסכון מידה 3</ManufacturerItemDescription>
      <UnitQty>Unknown </UnitQty>
      <Quantity>0.00</Quantity>
      <UnitOfMeasure>Unknown </UnitOfMeasure>
      <bIsWeighted>0</bIsWeighted>
      <QtyInPackage>1</QtyInPackage>
      <ItemPrice>34.90</ItemPrice>
      <UnitOfMeasurePrice>0.0000</UnitOfMeasurePrice>
      <AllowDiscount>1</AllowDiscount>
      <ItemStatus>1</ItemStatus>
      <ItemId>252791</ItemId>
    </Item>
    <Item>
      <PriceUpdateDate>2016-02-02 08:37:48</PriceUpdateDate>
      <ItemCode>198439</ItemCode>
      <ItemType>0</ItemType>
      <ItemName>טיטולים אריזת חסכון</ItemName>
      <ManufacturerName>חוגלה קימברלי</ManufacturerName>
      <ManufactureCountry>לא ידוע</ManufactureCountry>
      <ManufacturerItemDescription>טיטולים אריזת חסכון מידה 4</ManufacturerItemDescription>
      <UnitQty>Unknown </UnitQty>
      <Quantity>0.00</Quantity>
      <UnitOfMeasure>Unknown </UnitOfMeasure>
      <bIsWeighted>0</bIsWeighted>
      <QtyInPackage>1</QtyInPackage>
      <ItemPrice>34.90</ItemPrice>
      <UnitOfMeasurePrice>0.0000</UnitOfMeasurePrice>
      <AllowDiscount>1</AllowDiscount>
      <ItemStatus>1</ItemStatus>
      <ItemId>252792</ItemId>
    </Item>
    <Item>
      <PriceUpdateDate>2016-02-02 08:37:48</PriceUpdateDate>
      <ItemCode>200514</ItemCode>
      <ItemType>0</ItemType>
      <ItemName>טיטולים אריזת חסכון</ItemName>
      <ManufacturerName>חוגלה קימברלי</ManufacturerName>
      <ManufactureCountry>לא ידוע</ManufactureCountry>
      <ManufacturerItemDescription>טיטולים אריזת חסכון מידה 4+</ManufacturerItemDescription>
      <UnitQty>Unknown </UnitQty>
      <Quantity>0.00</Quantity>
      <UnitOfMeasure>Unknown </UnitOfMeasure>
      <bIsWeighted>0</bIsWeighted>
      <QtyInPackage>1</QtyInPackage>
      <ItemPrice>34.90</ItemPrice>
      <UnitOfMeasurePrice>0.0000</UnitOfMeasurePrice>
      <AllowDiscount>1</AllowDiscount>
      <ItemStatus>1</ItemStatus>
      <ItemId>252793</ItemId>
    </Item>
    <Item>
      <PriceUpdateDate>2016-02-02 08:37:49</PriceUpdateDate>
      <ItemCode>200521</ItemCode>
      <ItemType>0</ItemType>
      <ItemName>טיטולים אריזת חסכון</ItemName>
      <ManufacturerName>חוגלה קימברלי</ManufacturerName>
      <ManufactureCountry>לא ידוע</ManufactureCountry>
      <ManufacturerItemDescription>טיטולים אריזת חסכון מידה 5</ManufacturerItemDescription>
      <UnitQty>Unknown </UnitQty>
      <Quantity>0.00</Quantity>
      <UnitOfMeasure>Unknown </UnitOfMeasure>
      <bIsWeighted>0</bIsWeighted>
      <QtyInPackage>1</QtyInPackage>
      <ItemPrice>34.90</ItemPrice>
      <UnitOfMeasurePrice>0.0000</UnitOfMeasurePrice>
      <AllowDiscount>1</AllowDiscount>
      <ItemStatus>1</ItemStatus>
      <ItemId>252794</ItemId>
    </Item>
    <Item>
      <PriceUpdateDate>2016-02-02 08:37:49</PriceUpdateDate>
      <ItemCode>200538</ItemCode>
      <ItemType>0</ItemType>
      <ItemName>טיטולים אריזת חסכון</ItemName>
      <ManufacturerName>חוגלה קימברלי</ManufacturerName>
      <ManufactureCountry>לא ידוע</ManufactureCountry>
      <ManufacturerItemDescription>טיטולים אריזת חסכון מידה 6</ManufacturerItemDescription>
      <UnitQty>Unknown </UnitQty>
      <Quantity>0.00</Quantity>
      <UnitOfMeasure>Unknown </UnitOfMeasure>
      <bIsWeighted>0</bIsWeighted>
      <QtyInPackage>1</QtyInPackage>
      <ItemPrice>34.90</ItemPrice>
      <UnitOfMeasurePrice>0.0000</UnitOfMeasurePrice>
      <AllowDiscount>1</AllowDiscount>
      <ItemStatus>1</ItemStatus>
      <ItemId>252795</ItemId>
    </Item>
    <Item>
      <PriceUpdateDate>2015-01-01 00:00:00</PriceUpdateDate>
      <ItemCode>188553</ItemCode>
      <ItemType>0</ItemType>
      <ItemName>מגן תחתון קוטקס נורמ</ItemName>
      <ManufacturerName>חוגלה קימברלי</ManufacturerName>
      <ManufactureCountry>סין</ManufactureCountry>
      <ManufacturerItemDescription>מגן תחתון קוטקס נורמל</ManufacturerItemDescription>
      <UnitQty>Unknown </UnitQty>
      <Quantity>0.00</Quantity>
      <UnitOfMeasure>Unknown </UnitOfMeasure>
      <bIsWeighted>0</bIsWeighted>
      <QtyInPackage>1</QtyInPackage>
      <ItemPrice>14.90</ItemPrice>
      <UnitOfMeasurePrice>0.0000</UnitOfMeasurePrice>
      <AllowDiscount>1</AllowDiscount>
      <ItemStatus>1</ItemStatus>
      <ItemId>252797</ItemId>
    </Item>
    <Item>
      <PriceUpdateDate>2015-01-01 00:00:00</PriceUpdateDate>
      <ItemCode>188591</ItemCode>
      <ItemType>0</ItemType>
      <ItemName>מגן תחתון קוטקס יאנג</ItemName>
      <ManufacturerName>חוגלה קימברלי</ManufacturerName>
      <ManufactureCountry>סין</ManufactureCountry>
      <ManufacturerItemDescription>מגן תחתון קוטקס יאנג</ManufacturerItemDescription>
      <UnitQty>Unknown </UnitQty>
      <Quantity>0.00</Quantity>
      <UnitOfMeasure>Unknown </UnitOfMeasure>
      <bIsWeighted>0</bIsWeighted>
      <QtyInPackage>1</QtyInPackage>
      <ItemPrice>11.90</ItemPrice>
      <UnitOfMeasurePrice>0.0000</UnitOfMeasurePrice>
      <AllowDiscount>1</AllowDiscount>
      <ItemStatus>1</ItemStatus>
      <ItemId>252798</ItemId>
    </Item>
    <Item>
      <PriceUpdateDate>2015-01-01 00:00:00</PriceUpdateDate>
      <ItemCode>199313</ItemCode>
      <ItemType>0</ItemType>
      <ItemName>תחבושות קוטקס יאנג</ItemName>
      <ManufacturerName>חוגלה קימברלי</ManufacturerName>
      <ManufactureCountry>תורכיה</ManufactureCountry>
      <ManufacturerItemDescription>תחבושות קוטקס יאנג</ManufacturerItemDescription>
      <UnitQty>Unknown </UnitQty>
      <Quantity>0.00</Quantity>
      <UnitOfMeasure>Unknown </UnitOfMeasure>
      <bIsWeighted>0</bIsWeighted>
      <QtyInPackage>1</QtyInPackage>
      <ItemPrice>14.90</ItemPrice>
      <UnitOfMeasurePrice>0.0000</UnitOfMeasurePrice>
      <AllowDiscount>1</AllowDiscount>
      <ItemStatus>1</ItemStatus>
      <ItemId>252799</ItemId>
    </Item>
    <Item>
      <PriceUpdateDate>2015-01-01 00:00:00</PriceUpdateDate>
      <ItemCode>188751</ItemCode>
      <ItemType>0</ItemType>
      <ItemName>נייר טואלט לילי פסטל</ItemName>
      <ManufacturerName>,</ManufacturerName>
      <ManufactureCountry>לא ידוע</ManufactureCountry>
      <ManufacturerItemDescription>נ. טואלט לילי פסטל 40 גלילים</ManufacturerItemDescription>
      <UnitQty>מטרים</UnitQty>
      <Quantity>1969.00</Quantity>
      <UnitOfMeasure>מטר</UnitOfMeasure>
      <bIsWeighted>0</bIsWeighted>
      <QtyInPackage>1</QtyInPackage>
      <ItemPrice>39.90</ItemPrice>
      <UnitOfMeasurePrice>0.0203</UnitOfMeasurePrice>
      <AllowDiscount>1</AllowDiscount>
      <ItemStatus>1</ItemStatus>
      <ItemId>252801</ItemId>
    </Item>
    <Item>
      <PriceUpdateDate>2015-01-01 00:00:00</PriceUpdateDate>
      <ItemCode>7290107280655</ItemCode>
      <ItemType>0</ItemType>
      <ItemName>אבקת כביסה סנו מקסימ</ItemName>
      <ManufacturerName>סנו</ManufacturerName>
      <ManufactureCountry>לא ידוע</ManufactureCountry>
      <ManufacturerItemDescription>א.כביסה סנו מקסימה בייבי 3.25 ק"ג</ManufacturerItemDescription>
      <UnitQty>קילוגרמים</UnitQty>
      <Quantity>3.25</Quantity>
      <UnitOfMeasure>ק"ג     </UnitOfMeasure>
      <bIsWeighted>0</bIsWeighted>
      <QtyInPackage>1</QtyInPackage>
      <ItemPrice>29.90</ItemPrice>
      <UnitOfMeasurePrice>9.2000</UnitOfMeasurePrice>
      <AllowDiscount>1</AllowDiscount>
      <ItemStatus>1</ItemStatus>
      <ItemId>253826</ItemId>
    </Item>
    <Item>
      <PriceUpdateDate>2015-01-01 00:00:00</PriceUpdateDate>
      <ItemCode>7290106722019</ItemCode>
      <ItemType>0</ItemType>
      <ItemName>מארז חטיפי אנרגי מצו</ItemName>
      <ManufacturerName>,</ManufacturerName>
      <ManufactureCountry>לא ידוע</ManufactureCountry>
      <ManufacturerItemDescription>מארז חטיפי אנרגי מצופה שוקולד 24 יח</ManufacturerItemDescription>
      <UnitQty>גרמים</UnitQty>
      <Quantity>720.00</Quantity>
      <UnitOfMeasure>100 גרם</UnitOfMeasure>
      <bIsWeighted>0</bIsWeighted>
      <QtyInPackage>1</QtyInPackage>
      <ItemPrice>39.90</ItemPrice>
      <UnitOfMeasurePrice>5.5417</UnitOfMeasurePrice>
      <AllowDiscount>1</AllowDiscount>
      <ItemStatus>1</ItemStatus>
      <ItemId>252808</ItemId>
    </Item>
    <Item>
      <PriceUpdateDate>2015-01-01 00:00:00</PriceUpdateDate>
      <ItemCode>7290106722002</ItemCode>
      <ItemType>0</ItemType>
      <ItemName>מארז חטיפי אנרגי מרי</ItemName>
      <ManufacturerName>,</ManufacturerName>
      <ManufactureCountry>לא ידוע</ManufactureCountry>
      <ManufacturerItemDescription>מארז חטיפי אנרגי מריר 24 יח</ManufacturerItemDescription>
      <UnitQty>גרמים</UnitQty>
      <Quantity>624.00</Quantity>
      <UnitOfMeasure>100 גרם</UnitOfMeasure>
      <bIsWeighted>0</bIsWeighted>
      <QtyInPackage>1</QtyInPackage>
      <ItemPrice>39.90</ItemPrice>
      <UnitOfMeasurePrice>6.3942</UnitOfMeasurePrice>
      <AllowDiscount>1</AllowDiscount>
      <ItemStatus>1</ItemStatus>
      <ItemId>252809</ItemId>
    </Item>
    <Item>
      <PriceUpdateDate>2015-10-27 08:28:58</PriceUpdateDate>
      <ItemCode>7290015640381</ItemCode>
      <ItemType>0</ItemType>
      <ItemName>מארז נוזל כלים 3*750</ItemName>
      <ManufacturerName>,</ManufacturerName>
      <ManufactureCountry>לא ידוע</ManufactureCountry>
      <ManufacturerItemDescription>מארז נוזל כלים 3*750 מ"ל מגיק</ManufacturerItemDescription>
      <UnitQty>ליטרים</UnitQty>
      <Quantity>1.50</Quantity>
      <UnitOfMeasure>ליטר    </UnitOfMeasure>
      <bIsWeighted>0</bIsWeighted>
      <QtyInPackage>1</QtyInPackage>
      <ItemPrice>12.90</ItemPrice>
      <UnitOfMeasurePrice>8.6000</UnitOfMeasurePrice>
      <AllowDiscount>1</AllowDiscount>
      <ItemStatus>1</ItemStatus>
      <ItemId>252811</ItemId>
    </Item>
    <Item>
      <PriceUpdateDate>2015-01-01 00:00:00</PriceUpdateDate>
      <ItemCode>7290107280174</ItemCode>
      <ItemType>0</ItemType>
      <ItemName>תחליב רחצה קרמה וניל</ItemName>
      <ManufacturerName>,</ManufacturerName>
      <ManufactureCountry>לא ידוע</ManufactureCountry>
      <ManufacturerItemDescription>תחליב רחצה קרמה וניל 500 מ"ל</ManufacturerItemDescription>
      <UnitQty>מיליליטרים</UnitQty>
      <Quantity>500.00</Quantity>
      <UnitOfMeasure>100 מ"ל</UnitOfMeasure>
      <bIsWeighted>0</bIsWeighted>
      <QtyInPackage>1</QtyInPackage>
      <ItemPrice>15.90</ItemPrice>
      <UnitOfMeasurePrice>3.1800</UnitOfMeasurePrice>
      <AllowDiscount>1</AllowDiscount>
      <ItemStatus>1</ItemStatus>
      <ItemId>252814</ItemId>
    </Item>
    <Item>
      <PriceUpdateDate>2015-01-01 00:00:00</PriceUpdateDate>
      <ItemCode>2319986</ItemCode>
      <ItemType>0</ItemType>
      <ItemName>פיסטוק חלבי 150 גרם</ItemName>
      <ManufacturerName>מיה תעשיות מזון בעמ</ManufacturerName>
      <ManufactureCountry>ישראל</ManufactureCountry>
      <ManufacturerItemDescription>פיסטוק חלבי 150 גרם</ManufacturerItemDescription>
      <UnitQty>גרמים</UnitQty>
      <Quantity>150.00</Quantity>
      <UnitOfMeasure>100 גרם</UnitOfMeasure>
      <bIsWeighted>0</bIsWeighted>
      <QtyInPackage>1</QtyInPackage>
      <ItemPrice>13.90</ItemPrice>
      <UnitOfMeasurePrice>9.2667</UnitOfMeasurePrice>
      <AllowDiscount>1</AllowDiscount>
      <ItemStatus>1</ItemStatus>
      <ItemId>252845</ItemId>
    </Item>
    <Item>
      <PriceUpdateDate>2016-03-08 11:15:55</PriceUpdateDate>
      <ItemCode>838948001687</ItemCode>
      <ItemType>0</ItemType>
      <ItemName>ממרח פסטו עגבניות ופ</ItemName>
      <ManufacturerName>,</ManufacturerName>
      <ManufactureCountry>לא ידוע</ManufactureCountry>
      <ManufacturerItemDescription>ממרח פסטו עגבניות ופלפל חריף 190 גרם</ManufacturerItemDescription>
      <UnitQty>גרמים</UnitQty>
      <Quantity>190.00</Quantity>
      <UnitOfMeasure>100 גרם</UnitOfMeasure>
      <bIsWeighted>0</bIsWeighted>
      <QtyInPackage>1</QtyInPackage>
      <ItemPrice>8.90</ItemPrice>
      <UnitOfMeasurePrice>4.6842</UnitOfMeasurePrice>
      <AllowDiscount>1</AllowDiscount>
      <ItemStatus>1</ItemStatus>
      <ItemId>252846</ItemId>
    </Item>
    <Item>
      <PriceUpdateDate>2016-03-08 11:15:55</PriceUpdateDate>
      <ItemCode>838948001717</ItemCode>
      <ItemType>0</ItemType>
      <ItemName>ממרח פסטו עגבניות ופ</ItemName>
      <ManufacturerName>,</ManufacturerName>
      <ManufactureCountry>לא ידוע</ManufactureCountry>
      <ManufacturerItemDescription>ממרח פסטו עגבניות ופלפל 190 גרם</ManufacturerItemDescription>
      <UnitQty>גרמים</UnitQty>
      <Quantity>190.00</Quantity>
      <UnitOfMeasure>100 גרם</UnitOfMeasure>
      <bIsWeighted>0</bIsWeighted>
      <QtyInPackage>1</QtyInPackage>
      <ItemPrice>8.90</ItemPrice>
      <UnitOfMeasurePrice>4.6842</UnitOfMeasurePrice>
      <AllowDiscount>1</AllowDiscount>
      <ItemStatus>1</ItemStatus>
      <ItemId>252847</ItemId>
    </Item>
    <Item>
      <PriceUpdateDate>2016-03-08 11:15:55</PriceUpdateDate>
      <ItemCode>838948001700</ItemCode>
      <ItemType>0</ItemType>
      <ItemName>ממרח פסטו זיתים ועגב</ItemName>
      <ManufacturerName>,</ManufacturerName>
      <ManufactureCountry>לא ידוע</ManufactureCountry>
      <ManufacturerItemDescription>ממרח פסטו זיתים ועגבניות 190 גרם</ManufacturerItemDescription>
      <UnitQty>גרמים</UnitQty>
      <Quantity>190.00</Quantity>
      <UnitOfMeasure>100 גרם</UnitOfMeasure>
      <bIsWeighted>0</bIsWeighted>
      <QtyInPackage>1</QtyInPackage>
      <ItemPrice>8.90</ItemPrice>
      <UnitOfMeasurePrice>4.6842</UnitOfMeasurePrice>
      <AllowDiscount>1</AllowDiscount>
      <ItemStatus>1</ItemStatus>
      <ItemId>252848</ItemId>
    </Item>
    <Item>
      <PriceUpdateDate>2016-03-08 11:15:55</PriceUpdateDate>
      <ItemCode>838948001694</ItemCode>
      <ItemType>0</ItemType>
      <ItemName>ממרח פסטו עגבניות מי</ItemName>
      <ManufacturerName>,</ManufacturerName>
      <ManufactureCountry>לא ידוע</ManufactureCountry>
      <ManufacturerItemDescription>ממרח פסטו עגבניות מיובשות 190 גרם</ManufacturerItemDescription>
      <UnitQty>גרמים</UnitQty>
      <Quantity>190.00</Quantity>
      <UnitOfMeasure>100 גרם</UnitOfMeasure>
      <bIsWeighted>0</bIsWeighted>
      <QtyInPackage>1</QtyInPackage>
      <ItemPrice>8.90</ItemPrice>
      <UnitOfMeasurePrice>4.6842</UnitOfMeasurePrice>
      <AllowDiscount>1</AllowDiscount>
      <ItemStatus>1</ItemStatus>
      <ItemId>252849</ItemId>
    </Item>
    <Item>
      <PriceUpdateDate>2016-03-08 11:15:55</PriceUpdateDate>
      <ItemCode>838948008204</ItemCode>
      <ItemType>0</ItemType>
      <ItemName>ממרח פסטו בזילקום ופ</ItemName>
      <ManufacturerName>,</ManufacturerName>
      <ManufactureCountry>לא ידוע</ManufactureCountry>
      <ManufacturerItemDescription>ממרח פסטו בזילקום ופלפל חריף 190 גרם</ManufacturerItemDescription>
      <UnitQty>גרמים</UnitQty>
      <Quantity>190.00</Quantity>
      <UnitOfMeasure>100 גרם</UnitOfMeasure>
      <bIsWeighted>0</bIsWeighted>
      <QtyInPackage>1</QtyInPackage>
      <ItemPrice>8.90</ItemPrice>
      <UnitOfMeasurePrice>4.6842</UnitOfMeasurePrice>
      <AllowDiscount>1</AllowDiscount>
      <ItemStatus>1</ItemStatus>
      <ItemId>252850</ItemId>
    </Item>
    <Item>
      <PriceUpdateDate>2015-11-29 17:16:13</PriceUpdateDate>
      <ItemCode>7290013906991</ItemCode>
      <ItemType>0</ItemType>
      <ItemName>סלמי מהדרין 400 גרם</ItemName>
      <ManufacturerName>טירת צבי</ManufacturerName>
      <ManufactureCountry>לא ידוע</ManufactureCountry>
      <ManufacturerItemDescription>סלמי מהדרין 400 גרם</ManufacturerItemDescription>
      <UnitQty>גרמים</UnitQty>
      <Quantity>400.00</Quantity>
      <UnitOfMeasure>100 גרם</UnitOfMeasure>
      <bIsWeighted>0</bIsWeighted>
      <QtyInPackage>1</QtyInPackage>
      <ItemPrice>14.90</ItemPrice>
      <UnitOfMeasurePrice>3.7250</UnitOfMeasurePrice>
      <AllowDiscount>1</AllowDiscount>
      <ItemStatus>1</ItemStatus>
      <ItemId>265959</ItemId>
    </Item>
    <Item>
      <PriceUpdateDate>2015-01-01 00:00:00</PriceUpdateDate>
      <ItemCode>6779304</ItemCode>
      <ItemType>0</ItemType>
      <ItemName>יין קריניאן יבש 1 לי</ItemName>
      <ManufacturerName>,</ManufacturerName>
      <ManufactureCountry>לא ידוע</ManufactureCountry>
      <ManufacturerItemDescription>יין קריניאן יבש 1 ליטר</ManufacturerItemDescription>
      <UnitQty>ליטרים</UnitQty>
      <Quantity>1.00</Quantity>
      <UnitOfMeasure>ליטר    </UnitOfMeasure>
      <bIsWeighted>0</bIsWeighted>
      <QtyInPackage>1</QtyInPackage>
      <ItemPrice>13.90</ItemPrice>
      <UnitOfMeasurePrice>13.9000</UnitOfMeasurePrice>
      <AllowDiscount>1</AllowDiscount>
      <ItemStatus>1</ItemStatus>
      <ItemId>252858</ItemId>
    </Item>
    <Item>
      <PriceUpdateDate>2015-01-01 00:00:00</PriceUpdateDate>
      <ItemCode>6779502</ItemCode>
      <ItemType>0</ItemType>
      <ItemName>יין חברוני לבן 750 מ</ItemName>
      <ManufacturerName>,</ManufacturerName>
      <ManufactureCountry>לא ידוע</ManufactureCountry>
      <ManufacturerItemDescription>יין חברוני לבן 750 מ"ל</ManufacturerItemDescription>
      <UnitQty>מיליליטרים</UnitQty>
      <Quantity>750.00</Quantity>
      <UnitOfMeasure>100 מ"ל</UnitOfMeasure>
      <bIsWeighted>0</bIsWeighted>
      <QtyInPackage>1</QtyInPackage>
      <ItemPrice>14.90</ItemPrice>
      <UnitOfMeasurePrice>1.9867</UnitOfMeasurePrice>
      <AllowDiscount>1</AllowDiscount>
      <ItemStatus>1</ItemStatus>
      <ItemId>252859</ItemId>
    </Item>
    <Item>
      <PriceUpdateDate>2015-08-23 10:17:18</PriceUpdateDate>
      <ItemCode>6779526</ItemCode>
      <ItemType>0</ItemType>
      <ItemName>יין אדום שטו היקב 1</ItemName>
      <ManufacturerName>,</ManufacturerName>
      <ManufactureCountry>לא ידוע</ManufactureCountry>
      <ManufacturerItemDescription>יין אדום שטו היקב 1 ליטר</ManufacturerItemDescription>
      <UnitQty>ליטרים</UnitQty>
      <Quantity>1.00</Quantity>
      <UnitOfMeasure>ליטר    </UnitOfMeasure>
      <bIsWeighted>0</bIsWeighted>
      <QtyInPackage>1</QtyInPackage>
      <ItemPrice>15.90</ItemPrice>
      <UnitOfMeasurePrice>15.9000</UnitOfMeasurePrice>
      <AllowDiscount>1</AllowDiscount>
      <ItemStatus>1</ItemStatus>
      <ItemId>252861</ItemId>
    </Item>
    <Item>
      <PriceUpdateDate>2015-01-01 00:00:00</PriceUpdateDate>
      <ItemCode>6779533</ItemCode>
      <ItemType>0</ItemType>
      <ItemName>יין חברון אדום לקידו</ItemName>
      <ManufacturerName>,</ManufacturerName>
      <ManufactureCountry>לא ידוע</ManufactureCountry>
      <ManufacturerItemDescription>יין חברון אדום לקידוש 750 מ"ל</ManufacturerItemDescription>
      <UnitQty>מיליליטרים</UnitQty>
      <Quantity>750.00</Quantity>
      <UnitOfMeasure>100 מ"ל</UnitOfMeasure>
      <bIsWeighted>0</bIsWeighted>
      <QtyInPackage>1</QtyInPackage>
      <ItemPrice>12.90</ItemPrice>
      <UnitOfMeasurePrice>1.7200</UnitOfMeasurePrice>
      <AllowDiscount>1</AllowDiscount>
      <ItemStatus>1</ItemStatus>
      <ItemId>252862</ItemId>
    </Item>
    <Item>
      <PriceUpdateDate>2015-01-01 00:00:00</PriceUpdateDate>
      <ItemCode>6779366</ItemCode>
      <ItemType>0</ItemType>
      <ItemName>יין רזרב לבן 750 מ"ל</ItemName>
      <ManufacturerName>,</ManufacturerName>
      <ManufactureCountry>לא ידוע</ManufactureCountry>
      <ManufacturerItemDescription>יין רזרב לבן 750 מ"ל</ManufacturerItemDescription>
      <UnitQty>מיליליטרים</UnitQty>
      <Quantity>750.00</Quantity>
      <UnitOfMeasure>100 מ"ל</UnitOfMeasure>
      <bIsWeighted>0</bIsWeighted>
      <QtyInPackage>1</QtyInPackage>
      <ItemPrice>9.90</ItemPrice>
      <UnitOfMeasurePrice>1.3200</UnitOfMeasurePrice>
      <AllowDiscount>1</AllowDiscount>
      <ItemStatus>1</ItemStatus>
      <ItemId>252865</ItemId>
    </Item>
    <Item>
      <PriceUpdateDate>2015-01-01 00:00:00</PriceUpdateDate>
      <ItemCode>6779397</ItemCode>
      <ItemType>0</ItemType>
      <ItemName>יין האבות ריזלינג 75</ItemName>
      <ManufacturerName>,</ManufacturerName>
      <ManufactureCountry>לא ידוע</ManufactureCountry>
      <ManufacturerItemDescription>יין האבות ריזלינג 750 מ"ל</ManufacturerItemDescription>
      <UnitQty>מיליליטרים</UnitQty>
      <Quantity>750.00</Quantity>
      <UnitOfMeasure>100 מ"ל</UnitOfMeasure>
      <bIsWeighted>0</bIsWeighted>
      <QtyInPackage>1</QtyInPackage>
      <ItemPrice>16.90</ItemPrice>
      <UnitOfMeasurePrice>2.2533</UnitOfMeasurePrice>
      <AllowDiscount>1</AllowDiscount>
      <ItemStatus>1</ItemStatus>
      <ItemId>252866</ItemId>
    </Item>
    <Item>
      <PriceUpdateDate>2015-01-01 00:00:00</PriceUpdateDate>
      <ItemCode>6779625</ItemCode>
      <ItemType>0</ItemType>
      <ItemName>יין מוסקט המבורג 750</ItemName>
      <ManufacturerName>,</ManufacturerName>
      <ManufactureCountry>לא ידוע</ManufactureCountry>
      <ManufacturerItemDescription>יין מוסקט המבורג 750 מ"ל</ManufacturerItemDescription>
      <UnitQty>מיליליטרים</UnitQty>
      <Quantity>750.00</Quantity>
      <UnitOfMeasure>100 מ"ל</UnitOfMeasure>
      <bIsWeighted>0</bIsWeighted>
      <QtyInPackage>1</QtyInPackage>
      <ItemPrice>16.90</ItemPrice>
      <UnitOfMeasurePrice>2.2533</UnitOfMeasurePrice>
      <AllowDiscount>1</AllowDiscount>
      <ItemStatus>1</ItemStatus>
      <ItemId>252867</ItemId>
    </Item>
    <Item>
      <PriceUpdateDate>2015-01-01 00:00:00</PriceUpdateDate>
      <ItemCode>7290014600652</ItemCode>
      <ItemType>0</ItemType>
      <ItemName>מארז גליליות שמנת 10</ItemName>
      <ManufacturerName>,</ManufacturerName>
      <ManufactureCountry>לא ידוע</ManufactureCountry>
      <ManufacturerItemDescription>מארז גליליות שמנת 10 יח  750 גרם</ManufacturerItemDescription>
      <UnitQty>גרמים</UnitQty>
      <Quantity>750.00</Quantity>
      <UnitOfMeasure>100 גרם</UnitOfMeasure>
      <bIsWeighted>0</bIsWeighted>
      <QtyInPackage>1</QtyInPackage>
      <ItemPrice>19.90</ItemPrice>
      <UnitOfMeasurePrice>2.6533</UnitOfMeasurePrice>
      <AllowDiscount>1</AllowDiscount>
      <ItemStatus>1</ItemStatus>
      <ItemId>252920</ItemId>
    </Item>
    <Item>
      <PriceUpdateDate>2015-01-01 00:00:00</PriceUpdateDate>
      <ItemCode>7290106722101</ItemCode>
      <ItemType>0</ItemType>
      <ItemName>באגט קראנצ טבעי 300</ItemName>
      <ManufacturerName>עלית</ManufacturerName>
      <ManufactureCountry>ישראל</ManufactureCountry>
      <ManufacturerItemDescription>פיתה קראנצ טבעי 300 גרם</ManufacturerItemDescription>
      <UnitQty>גרמים</UnitQty>
      <Quantity>300.00</Quantity>
      <UnitOfMeasure>100 גרם</UnitOfMeasure>
      <bIsWeighted>0</bIsWeighted>
      <QtyInPackage>1</QtyInPackage>
      <ItemPrice>12.50</ItemPrice>
      <UnitOfMeasurePrice>4.1667</UnitOfMeasurePrice>
      <AllowDiscount>1</AllowDiscount>
      <ItemStatus>1</ItemStatus>
      <ItemId>252922</ItemId>
    </Item>
    <Item>
      <PriceUpdateDate>2015-01-01 00:00:00</PriceUpdateDate>
      <ItemCode>7290106722095</ItemCode>
      <ItemType>0</ItemType>
      <ItemName>באגט קראנצ שום 300 ג</ItemName>
      <ManufacturerName>שטראוס</ManufacturerName>
      <ManufactureCountry>ישראל</ManufactureCountry>
      <ManufacturerItemDescription>פיתה קראנצ שום 300 גרם</ManufacturerItemDescription>
      <UnitQty>גרמים</UnitQty>
      <Quantity>300.00</Quantity>
      <UnitOfMeasure>100 גרם</UnitOfMeasure>
      <bIsWeighted>0</bIsWeighted>
      <QtyInPackage>1</QtyInPackage>
      <ItemPrice>12.50</ItemPrice>
      <UnitOfMeasurePrice>4.1667</UnitOfMeasurePrice>
      <AllowDiscount>1</AllowDiscount>
      <ItemStatus>1</ItemStatus>
      <ItemId>252923</ItemId>
    </Item>
    <Item>
      <PriceUpdateDate>2015-01-01 00:00:00</PriceUpdateDate>
      <ItemCode>7290106656512</ItemCode>
      <ItemType>0</ItemType>
      <ItemName>בפלות טורטית 360 גרם</ItemName>
      <ManufacturerName>עלית</ManufacturerName>
      <ManufactureCountry>לא ידוע</ManufactureCountry>
      <ManufacturerItemDescription>בפלות טורטית 360 גרם בד"צ</ManufacturerItemDescription>
      <UnitQty>גרמים</UnitQty>
      <Quantity>360.00</Quantity>
      <UnitOfMeasure>100 גרם</UnitOfMeasure>
      <bIsWeighted>0</bIsWeighted>
      <QtyInPackage>1</QtyInPackage>
      <ItemPrice>15.90</ItemPrice>
      <UnitOfMeasurePrice>4.4167</UnitOfMeasurePrice>
      <AllowDiscount>1</AllowDiscount>
      <ItemStatus>1</ItemStatus>
      <ItemId>252925</ItemId>
    </Item>
    <Item>
      <PriceUpdateDate>2015-01-01 00:00:00</PriceUpdateDate>
      <ItemCode>536743</ItemCode>
      <ItemType>0</ItemType>
      <ItemName>קריספי סטיקס תירס 50</ItemName>
      <ManufacturerName>זוגלובק</ManufacturerName>
      <ManufactureCountry>לא ידוע</ManufactureCountry>
      <ManufacturerItemDescription>קריספי סטיקס תירס 500 גרם</ManufacturerItemDescription>
      <UnitQty>גרמים</UnitQty>
      <Quantity>500.00</Quantity>
      <UnitOfMeasure>100 גרם</UnitOfMeasure>
      <bIsWeighted>0</bIsWeighted>
      <QtyInPackage>1</QtyInPackage>
      <ItemPrice>14.90</ItemPrice>
      <UnitOfMeasurePrice>2.9800</UnitOfMeasurePrice>
      <AllowDiscount>1</AllowDiscount>
      <ItemStatus>1</ItemStatus>
      <ItemId>252929</ItemId>
    </Item>
    <Item>
      <PriceUpdateDate>2015-01-01 00:00:00</PriceUpdateDate>
      <ItemCode>536750</ItemCode>
      <ItemType>0</ItemType>
      <ItemName>קריספי סטיקס גזר ובט</ItemName>
      <ManufacturerName>זוגלובק</ManufacturerName>
      <ManufactureCountry>לא ידוע</ManufactureCountry>
      <ManufacturerItemDescription>קריספי סטיקס גזר ובטטה 500 גרם</ManufacturerItemDescription>
      <UnitQty>גרמים</UnitQty>
      <Quantity>500.00</Quantity>
      <UnitOfMeasure>100 גרם</UnitOfMeasure>
      <bIsWeighted>0</bIsWeighted>
      <QtyInPackage>1</QtyInPackage>
      <ItemPrice>14.90</ItemPrice>
      <UnitOfMeasurePrice>2.9800</UnitOfMeasurePrice>
      <AllowDiscount>1</AllowDiscount>
      <ItemStatus>1</ItemStatus>
      <ItemId>252930</ItemId>
    </Item>
    <Item>
      <PriceUpdateDate>2015-11-01 11:08:56</PriceUpdateDate>
      <ItemCode>7290014555020</ItemCode>
      <ItemType>0</ItemType>
      <ItemName>מטהר אויר נטול גז 40</ItemName>
      <ManufacturerName>,</ManufacturerName>
      <ManufactureCountry>לא ידוע</ManufactureCountry>
      <ManufacturerItemDescription>מטהר אויר נטול גז 400 מ"ל ירוק</ManufacturerItemDescription>
      <UnitQty>מיליליטרים</UnitQty>
      <Quantity>400.00</Quantity>
      <UnitOfMeasure>100 מ"ל</UnitOfMeasure>
      <bIsWeighted>0</bIsWeighted>
      <QtyInPackage>1</QtyInPackage>
      <ItemPrice>6.90</ItemPrice>
      <UnitOfMeasurePrice>1.7250</UnitOfMeasurePrice>
      <AllowDiscount>1</AllowDiscount>
      <ItemStatus>1</ItemStatus>
      <ItemId>252934</ItemId>
    </Item>
    <Item>
      <PriceUpdateDate>2015-11-01 11:08:57</PriceUpdateDate>
      <ItemCode>7290014555037</ItemCode>
      <ItemType>0</ItemType>
      <ItemName>מטהר אויר נטול גז 40</ItemName>
      <ManufacturerName>,</ManufacturerName>
      <ManufactureCountry>לא ידוע</ManufactureCountry>
      <ManufacturerItemDescription>מטהר אויר נטול גז 400 מ"ל ורוד</ManufacturerItemDescription>
      <UnitQty>מיליליטרים</UnitQty>
      <Quantity>400.00</Quantity>
      <UnitOfMeasure>100 מ"ל</UnitOfMeasure>
      <bIsWeighted>0</bIsWeighted>
      <QtyInPackage>1</QtyInPackage>
      <ItemPrice>6.90</ItemPrice>
      <UnitOfMeasurePrice>1.7250</UnitOfMeasurePrice>
      <AllowDiscount>1</AllowDiscount>
      <ItemStatus>1</ItemStatus>
      <ItemId>252935</ItemId>
    </Item>
    <Item>
      <PriceUpdateDate>2015-11-01 11:08:57</PriceUpdateDate>
      <ItemCode>7290014555044</ItemCode>
      <ItemType>0</ItemType>
      <ItemName>מטהר אויר נטול גז 40</ItemName>
      <ManufacturerName>,</ManufacturerName>
      <ManufactureCountry>לא ידוע</ManufactureCountry>
      <ManufacturerItemDescription>מטהר אויר נטול גז 400 מ"ל סגול</ManufacturerItemDescription>
      <UnitQty>מיליליטרים</UnitQty>
      <Quantity>400.00</Quantity>
      <UnitOfMeasure>100 מ"ל</UnitOfMeasure>
      <bIsWeighted>0</bIsWeighted>
      <QtyInPackage>1</QtyInPackage>
      <ItemPrice>6.90</ItemPrice>
      <UnitOfMeasurePrice>1.7250</UnitOfMeasurePrice>
      <AllowDiscount>1</AllowDiscount>
      <ItemStatus>1</ItemStatus>
      <ItemId>252936</ItemId>
    </Item>
    <Item>
      <PriceUpdateDate>2015-01-01 00:00:00</PriceUpdateDate>
      <ItemCode>7290019297598</ItemCode>
      <ItemType>0</ItemType>
      <ItemName>סוכריות גומי חמצוצים</ItemName>
      <ManufacturerName>דין שיווק</ManufacturerName>
      <ManufactureCountry>לא ידוע</ManufactureCountry>
      <ManufacturerItemDescription>סוכריות גומי חמצוצים אבטיח 288 גרם</ManufacturerItemDescription>
      <UnitQty>גרמים</UnitQty>
      <Quantity>0.00</Quantity>
      <UnitOfMeasure>100 גרם</UnitOfMeasure>
      <bIsWeighted>0</bIsWeighted>
      <QtyInPackage>1</QtyInPackage>
      <ItemPrice>9.00</ItemPrice>
      <UnitOfMeasurePrice>0.0000</UnitOfMeasurePrice>
      <AllowDiscount>1</AllowDiscount>
      <ItemStatus>1</ItemStatus>
      <ItemId>252938</ItemId>
    </Item>
    <Item>
      <PriceUpdateDate>2015-01-01 00:00:00</PriceUpdateDate>
      <ItemCode>7290019297574</ItemCode>
      <ItemType>0</ItemType>
      <ItemName>סוכריות גומי חמצוצים</ItemName>
      <ManufacturerName>דין שיווק</ManufacturerName>
      <ManufactureCountry>לא ידוע</ManufactureCountry>
      <ManufacturerItemDescription>סוכריות גומי חמצוצים אפרסק 288 גרם</ManufacturerItemDescription>
      <UnitQty>גרמים</UnitQty>
      <Quantity>0.00</Quantity>
      <UnitOfMeasure>100 גרם</UnitOfMeasure>
      <bIsWeighted>0</bIsWeighted>
      <QtyInPackage>1</QtyInPackage>
      <ItemPrice>9.00</ItemPrice>
      <UnitOfMeasurePrice>0.0000</UnitOfMeasurePrice>
      <AllowDiscount>1</AllowDiscount>
      <ItemStatus>1</ItemStatus>
      <ItemId>252940</ItemId>
    </Item>
    <Item>
      <PriceUpdateDate>2015-01-01 00:00:00</PriceUpdateDate>
      <ItemCode>2319764</ItemCode>
      <ItemType>0</ItemType>
      <ItemName>משמש מיובש 200 גרם</ItemName>
      <ManufacturerName>מיה תעשיות מזון בעמ</ManufacturerName>
      <ManufactureCountry>ישראל</ManufactureCountry>
      <ManufacturerItemDescription>משמש מיובש 200 גרם</ManufacturerItemDescription>
      <UnitQty>גרמים</UnitQty>
      <Quantity>200.00</Quantity>
      <UnitOfMeasure>100 גרם</UnitOfMeasure>
      <bIsWeighted>0</bIsWeighted>
      <QtyInPackage>1</QtyInPackage>
      <ItemPrice>13.90</ItemPrice>
      <UnitOfMeasurePrice>6.9500</UnitOfMeasurePrice>
      <AllowDiscount>1</AllowDiscount>
      <ItemStatus>1</ItemStatus>
      <ItemId>252960</ItemId>
    </Item>
    <Item>
      <PriceUpdateDate>2015-01-01 00:00:00</PriceUpdateDate>
      <ItemCode>2692553</ItemCode>
      <ItemType>0</ItemType>
      <ItemName>שמן זית זיתולה עץ הז</ItemName>
      <ManufacturerName>שמן תעשיות</ManufacturerName>
      <ManufactureCountry>לא ידוע</ManufactureCountry>
      <ManufacturerItemDescription>שמן זית זיתולה עץ הזית 750 מ"ל</ManufacturerItemDescription>
      <UnitQty>מיליליטרים</UnitQty>
      <Quantity>750.00</Quantity>
      <UnitOfMeasure>100 מ"ל</UnitOfMeasure>
      <bIsWeighted>0</bIsWeighted>
      <QtyInPackage>1</QtyInPackage>
      <ItemPrice>14.90</ItemPrice>
      <UnitOfMeasurePrice>1.9867</UnitOfMeasurePrice>
      <AllowDiscount>1</AllowDiscount>
      <ItemStatus>1</ItemStatus>
      <ItemId>252990</ItemId>
    </Item>
    <Item>
      <PriceUpdateDate>2015-01-01 00:00:00</PriceUpdateDate>
      <ItemCode>7290106722446</ItemCode>
      <ItemType>0</ItemType>
      <ItemName>מאגדת שוקולד חלב פרה</ItemName>
      <ManufacturerName>,</ManufacturerName>
      <ManufactureCountry>לא ידוע</ManufactureCountry>
      <ManufacturerItemDescription>מאגדת שוקולד חלב פרה 12 יח</ManufacturerItemDescription>
      <UnitQty>קילוגרמים</UnitQty>
      <Quantity>1.20</Quantity>
      <UnitOfMeasure>ק"ג     </UnitOfMeasure>
      <bIsWeighted>0</bIsWeighted>
      <QtyInPackage>1</QtyInPackage>
      <ItemPrice>41.90</ItemPrice>
      <UnitOfMeasurePrice>34.9167</UnitOfMeasurePrice>
      <AllowDiscount>1</AllowDiscount>
      <ItemStatus>1</ItemStatus>
      <ItemId>252987</ItemId>
    </Item>
    <Item>
      <PriceUpdateDate>2015-01-01 00:00:00</PriceUpdateDate>
      <ItemCode>7290106722439</ItemCode>
      <ItemType>0</ItemType>
      <ItemName>מאגדת שוקולד מריר פר</ItemName>
      <ManufacturerName>,</ManufacturerName>
      <ManufactureCountry>לא ידוע</ManufactureCountry>
      <ManufacturerItemDescription>מאגדת שוקולד מריר פרה 12 יח</ManufacturerItemDescription>
      <UnitQty>קילוגרמים</UnitQty>
      <Quantity>1.20</Quantity>
      <UnitOfMeasure>ק"ג     </UnitOfMeasure>
      <bIsWeighted>0</bIsWeighted>
      <QtyInPackage>1</QtyInPackage>
      <ItemPrice>41.90</ItemPrice>
      <UnitOfMeasurePrice>34.9167</UnitOfMeasurePrice>
      <AllowDiscount>1</AllowDiscount>
      <ItemStatus>1</ItemStatus>
      <ItemId>252988</ItemId>
    </Item>
    <Item>
      <PriceUpdateDate>2015-01-01 00:00:00</PriceUpdateDate>
      <ItemCode>3574660410563</ItemCode>
      <ItemType>0</ItemType>
      <ItemName>פלסטרים בנד אייד 20</ItemName>
      <ManufacturerName>,</ManufacturerName>
      <ManufactureCountry>לא ידוע</ManufactureCountry>
      <ManufacturerItemDescription>פלסטרים בנד אייד 20 יח</ManufacturerItemDescription>
      <UnitQty>Unknown </UnitQty>
      <Quantity>0.00</Quantity>
      <UnitOfMeasure>Unknown </UnitOfMeasure>
      <bIsWeighted>0</bIsWeighted>
      <QtyInPackage>1</QtyInPackage>
      <ItemPrice>11.90</ItemPrice>
      <UnitOfMeasurePrice>0.0000</UnitOfMeasurePrice>
      <AllowDiscount>1</AllowDiscount>
      <ItemStatus>1</ItemStatus>
      <ItemId>253008</ItemId>
    </Item>
    <Item>
      <PriceUpdateDate>2015-01-01 00:00:00</PriceUpdateDate>
      <ItemCode>6712981</ItemCode>
      <ItemType>0</ItemType>
      <ItemName>משחת שיניים קולגייט</ItemName>
      <ManufacturerName>קולגייט פלמוליב</ManufacturerName>
      <ManufactureCountry>ישראל</ManufactureCountry>
      <ManufacturerItemDescription>משחת שיניים קולגייט לילדים ספיידרמן 6+</ManufacturerItemDescription>
      <UnitQty>גרמים</UnitQty>
      <Quantity>50.00</Quantity>
      <UnitOfMeasure>100 גרם</UnitOfMeasure>
      <bIsWeighted>0</bIsWeighted>
      <QtyInPackage>1</QtyInPackage>
      <ItemPrice>9.90</ItemPrice>
      <UnitOfMeasurePrice>19.8000</UnitOfMeasurePrice>
      <AllowDiscount>1</AllowDiscount>
      <ItemStatus>1</ItemStatus>
      <ItemId>253009</ItemId>
    </Item>
    <Item>
      <PriceUpdateDate>2015-01-01 00:00:00</PriceUpdateDate>
      <ItemCode>5901483020200</ItemCode>
      <ItemType>0</ItemType>
      <ItemName>חליטת אוכמניות כחולו</ItemName>
      <ManufacturerName>,</ManufacturerName>
      <ManufactureCountry>לא ידוע</ManufactureCountry>
      <ManufacturerItemDescription>חליטת אוכמניות כחולות</ManufacturerItemDescription>
      <UnitQty>Unknown </UnitQty>
      <Quantity>0.00</Quantity>
      <UnitOfMeasure>Unknown </UnitOfMeasure>
      <bIsWeighted>0</bIsWeighted>
      <QtyInPackage>1</QtyInPackage>
      <ItemPrice>7.90</ItemPrice>
      <UnitOfMeasurePrice>0.0000</UnitOfMeasurePrice>
      <AllowDiscount>1</AllowDiscount>
      <ItemStatus>1</ItemStatus>
      <ItemId>253052</ItemId>
    </Item>
    <Item>
      <PriceUpdateDate>2015-01-01 00:00:00</PriceUpdateDate>
      <ItemCode>5901483020101</ItemCode>
      <ItemType>0</ItemType>
      <ItemName>חליטת פטל</ItemName>
      <ManufacturerName>,</ManufacturerName>
      <ManufactureCountry>לא ידוע</ManufactureCountry>
      <ManufacturerItemDescription>חליטת פטל</ManufacturerItemDescription>
      <UnitQty>Unknown </UnitQty>
      <Quantity>0.00</Quantity>
      <UnitOfMeasure>Unknown </UnitOfMeasure>
      <bIsWeighted>0</bIsWeighted>
      <QtyInPackage>1</QtyInPackage>
      <ItemPrice>7.90</ItemPrice>
      <UnitOfMeasurePrice>0.0000</UnitOfMeasurePrice>
      <AllowDiscount>1</AllowDiscount>
      <ItemStatus>1</ItemStatus>
      <ItemId>253053</ItemId>
    </Item>
    <Item>
      <PriceUpdateDate>2015-01-01 00:00:00</PriceUpdateDate>
      <ItemCode>5901483060404</ItemCode>
      <ItemType>0</ItemType>
      <ItemName>חליטת קמומיל</ItemName>
      <ManufacturerName>,</ManufacturerName>
      <ManufactureCountry>לא ידוע</ManufactureCountry>
      <ManufacturerItemDescription>חליטת קמומיל</ManufacturerItemDescription>
      <UnitQty>Unknown </UnitQty>
      <Quantity>0.00</Quantity>
      <UnitOfMeasure>Unknown </UnitOfMeasure>
      <bIsWeighted>0</bIsWeighted>
      <QtyInPackage>1</QtyInPackage>
      <ItemPrice>7.90</ItemPrice>
      <UnitOfMeasurePrice>0.0000</UnitOfMeasurePrice>
      <AllowDiscount>1</AllowDiscount>
      <ItemStatus>1</ItemStatus>
      <ItemId>253054</ItemId>
    </Item>
    <Item>
      <PriceUpdateDate>2015-01-01 00:00:00</PriceUpdateDate>
      <ItemCode>5901483010409</ItemCode>
      <ItemType>0</ItemType>
      <ItemName>חליטת אוכמניות שחורו</ItemName>
      <ManufacturerName>,</ManufacturerName>
      <ManufactureCountry>לא ידוע</ManufactureCountry>
      <ManufacturerItemDescription>חליטת אוכמניות שחורות</ManufacturerItemDescription>
      <UnitQty>Unknown </UnitQty>
      <Quantity>0.00</Quantity>
      <UnitOfMeasure>Unknown </UnitOfMeasure>
      <bIsWeighted>0</bIsWeighted>
      <QtyInPackage>1</QtyInPackage>
      <ItemPrice>7.90</ItemPrice>
      <UnitOfMeasurePrice>0.0000</UnitOfMeasurePrice>
      <AllowDiscount>1</AllowDiscount>
      <ItemStatus>1</ItemStatus>
      <ItemId>253055</ItemId>
    </Item>
    <Item>
      <PriceUpdateDate>2015-01-01 00:00:00</PriceUpdateDate>
      <ItemCode>5901483010102</ItemCode>
      <ItemType>0</ItemType>
      <ItemName>חליטת פירות יער עם ת</ItemName>
      <ManufacturerName>,</ManufacturerName>
      <ManufactureCountry>לא ידוע</ManufactureCountry>
      <ManufacturerItemDescription>חליטת פירות יער עם תפוח</ManufacturerItemDescription>
      <UnitQty>Unknown </UnitQty>
      <Quantity>0.00</Quantity>
      <UnitOfMeasure>Unknown </UnitOfMeasure>
      <bIsWeighted>0</bIsWeighted>
      <QtyInPackage>1</QtyInPackage>
      <ItemPrice>7.90</ItemPrice>
      <UnitOfMeasurePrice>0.0000</UnitOfMeasurePrice>
      <AllowDiscount>1</AllowDiscount>
      <ItemStatus>1</ItemStatus>
      <ItemId>253056</ItemId>
    </Item>
    <Item>
      <PriceUpdateDate>2015-01-01 00:00:00</PriceUpdateDate>
      <ItemCode>16000487598</ItemCode>
      <ItemType>0</ItemType>
      <ItemName>מארז חטיפי בריאות ני</ItemName>
      <ManufacturerName>,</ManufacturerName>
      <ManufactureCountry>לא ידוע</ManufactureCountry>
      <ManufacturerItemDescription>מארז חטיפי בריאות נייצר וואלי 48 יח</ManufacturerItemDescription>
      <UnitQty>לא מנהל יחידת מידה</UnitQty>
      <Quantity>0.00</Quantity>
      <UnitOfMeasure>לא מנהל יחידת מידה</UnitOfMeasure>
      <bIsWeighted>0</bIsWeighted>
      <QtyInPackage>1</QtyInPackage>
      <ItemPrice>89.90</ItemPrice>
      <UnitOfMeasurePrice>0.0000</UnitOfMeasurePrice>
      <AllowDiscount>1</AllowDiscount>
      <ItemStatus>1</ItemStatus>
      <ItemId>253070</ItemId>
    </Item>
    <Item>
      <PriceUpdateDate>2015-01-01 00:00:00</PriceUpdateDate>
      <ItemCode>7290107280563</ItemCode>
      <ItemType>0</ItemType>
      <ItemName>סנו אוקסיגן גל בייבי</ItemName>
      <ManufacturerName>סנו</ManufacturerName>
      <ManufactureCountry>לא ידוע</ManufactureCountry>
      <ManufacturerItemDescription>סנו אוקסיגן גל בייבי 3 ליטר</ManufacturerItemDescription>
      <UnitQty>ליטרים</UnitQty>
      <Quantity>3.00</Quantity>
      <UnitOfMeasure>ליטר    </UnitOfMeasure>
      <bIsWeighted>0</bIsWeighted>
      <QtyInPackage>1</QtyInPackage>
      <ItemPrice>29.90</ItemPrice>
      <UnitOfMeasurePrice>9.9667</UnitOfMeasurePrice>
      <AllowDiscount>1</AllowDiscount>
      <ItemStatus>1</ItemStatus>
      <ItemId>253082</ItemId>
    </Item>
    <Item>
      <PriceUpdateDate>2015-01-01 00:00:00</PriceUpdateDate>
      <ItemCode>151540</ItemCode>
      <ItemType>0</ItemType>
      <ItemName>פסטרמה הונגרית 300 ג</ItemName>
      <ManufacturerName>עוף טוב</ManufacturerName>
      <ManufactureCountry>ישראל</ManufactureCountry>
      <ManufacturerItemDescription>פסטרמה הונגרית 300 גרם מהדרין</ManufacturerItemDescription>
      <UnitQty>גרמים</UnitQty>
      <Quantity>300.00</Quantity>
      <UnitOfMeasure>100 גרם</UnitOfMeasure>
      <bIsWeighted>0</bIsWeighted>
      <QtyInPackage>1</QtyInPackage>
      <ItemPrice>20.90</ItemPrice>
      <UnitOfMeasurePrice>6.9667</UnitOfMeasurePrice>
      <AllowDiscount>1</AllowDiscount>
      <ItemStatus>1</ItemStatus>
      <ItemId>253107</ItemId>
    </Item>
    <Item>
      <PriceUpdateDate>2015-01-01 00:00:00</PriceUpdateDate>
      <ItemCode>7290014761292</ItemCode>
      <ItemType>0</ItemType>
      <ItemName>יופלה YYY תות 3% 500</ItemName>
      <ManufacturerName>תנובה מרכז שיתופי לש</ManufacturerName>
      <ManufactureCountry>לא ידוע</ManufactureCountry>
      <ManufacturerItemDescription>יופלה YYY תות 3% 500 גרם</ManufacturerItemDescription>
      <UnitQty>גרמים</UnitQty>
      <Quantity>500.00</Quantity>
      <UnitOfMeasure>100 גרם</UnitOfMeasure>
      <bIsWeighted>0</bIsWeighted>
      <QtyInPackage>1</QtyInPackage>
      <ItemPrice>9.90</ItemPrice>
      <UnitOfMeasurePrice>1.9800</UnitOfMeasurePrice>
      <AllowDiscount>1</AllowDiscount>
      <ItemStatus>1</ItemStatus>
      <ItemId>253111</ItemId>
    </Item>
    <Item>
      <PriceUpdateDate>2015-01-01 00:00:00</PriceUpdateDate>
      <ItemCode>7290014761254</ItemCode>
      <ItemType>0</ItemType>
      <ItemName>מארז יוגורט תנובה בי</ItemName>
      <ManufacturerName>תנובה מרכז שיתופי לש</ManufacturerName>
      <ManufactureCountry>לא ידוע</ManufactureCountry>
      <ManufacturerItemDescription>מארז יוגורט תנובה ביו 3% בד"צ</ManufacturerItemDescription>
      <UnitQty>ליטרים</UnitQty>
      <Quantity>1.20</Quantity>
      <UnitOfMeasure>ליטר    </UnitOfMeasure>
      <bIsWeighted>0</bIsWeighted>
      <QtyInPackage>1</QtyInPackage>
      <ItemPrice>12.90</ItemPrice>
      <UnitOfMeasurePrice>10.7500</UnitOfMeasurePrice>
      <AllowDiscount>1</AllowDiscount>
      <ItemStatus>1</ItemStatus>
      <ItemId>253112</ItemId>
    </Item>
    <Item>
      <PriceUpdateDate>2015-01-01 00:00:00</PriceUpdateDate>
      <ItemCode>7290014761377</ItemCode>
      <ItemType>0</ItemType>
      <ItemName>מעדן קרלו שוקולד קצפ</ItemName>
      <ManufacturerName>תנובה מרכז שיתופי לש</ManufacturerName>
      <ManufactureCountry>לא ידוע</ManufactureCountry>
      <ManufacturerItemDescription>מעדן קרלו שוקולד קצפת</ManufacturerItemDescription>
      <UnitQty>מיליליטרים</UnitQty>
      <Quantity>125.00</Quantity>
      <UnitOfMeasure>100 מ"ל</UnitOfMeasure>
      <bIsWeighted>0</bIsWeighted>
      <QtyInPackage>1</QtyInPackage>
      <ItemPrice>1.70</ItemPrice>
      <UnitOfMeasurePrice>1.3600</UnitOfMeasurePrice>
      <AllowDiscount>1</AllowDiscount>
      <ItemStatus>1</ItemStatus>
      <ItemId>253115</ItemId>
    </Item>
    <Item>
      <PriceUpdateDate>2015-01-01 00:00:00</PriceUpdateDate>
      <ItemCode>6779908</ItemCode>
      <ItemType>0</ItemType>
      <ItemName>יין חברון קל 3% כהל</ItemName>
      <ManufacturerName>,</ManufacturerName>
      <ManufactureCountry>לא ידוע</ManufactureCountry>
      <ManufacturerItemDescription>יין חברון קל 3% כהל 750 מ"ל</ManufacturerItemDescription>
      <UnitQty>מיליליטרים</UnitQty>
      <Quantity>750.00</Quantity>
      <UnitOfMeasure>100 מ"ל</UnitOfMeasure>
      <bIsWeighted>0</bIsWeighted>
      <QtyInPackage>1</QtyInPackage>
      <ItemPrice>15.90</ItemPrice>
      <UnitOfMeasurePrice>2.1200</UnitOfMeasurePrice>
      <AllowDiscount>1</AllowDiscount>
      <ItemStatus>1</ItemStatus>
      <ItemId>253134</ItemId>
    </Item>
    <Item>
      <PriceUpdateDate>2015-01-01 00:00:00</PriceUpdateDate>
      <ItemCode>7290013725691</ItemCode>
      <ItemType>0</ItemType>
      <ItemName>רוטב סויה 300 מ"ל</ItemName>
      <ManufacturerName>,</ManufacturerName>
      <ManufactureCountry>לא ידוע</ManufactureCountry>
      <ManufacturerItemDescription>רוטב סויה 300 מ"ל</ManufacturerItemDescription>
      <UnitQty>מיליליטרים</UnitQty>
      <Quantity>300.00</Quantity>
      <UnitOfMeasure>100 מ"ל</UnitOfMeasure>
      <bIsWeighted>0</bIsWeighted>
      <QtyInPackage>1</QtyInPackage>
      <ItemPrice>10.00</ItemPrice>
      <UnitOfMeasurePrice>3.3333</UnitOfMeasurePrice>
      <AllowDiscount>1</AllowDiscount>
      <ItemStatus>1</ItemStatus>
      <ItemId>253138</ItemId>
    </Item>
    <Item>
      <PriceUpdateDate>2015-01-01 00:00:00</PriceUpdateDate>
      <ItemCode>7290013725752</ItemCode>
      <ItemType>0</ItemType>
      <ItemName>נודלס דק 400 גרם</ItemName>
      <ManufacturerName>,</ManufacturerName>
      <ManufactureCountry>לא ידוע</ManufactureCountry>
      <ManufacturerItemDescription>נודלס דק 400 גרם</ManufacturerItemDescription>
      <UnitQty>גרמים</UnitQty>
      <Quantity>400.00</Quantity>
      <UnitOfMeasure>100 גרם</UnitOfMeasure>
      <bIsWeighted>0</bIsWeighted>
      <QtyInPackage>1</QtyInPackage>
      <ItemPrice>6.60</ItemPrice>
      <UnitOfMeasurePrice>1.6500</UnitOfMeasurePrice>
      <AllowDiscount>1</AllowDiscount>
      <ItemStatus>1</ItemStatus>
      <ItemId>253140</ItemId>
    </Item>
    <Item>
      <PriceUpdateDate>2015-01-01 00:00:00</PriceUpdateDate>
      <ItemCode>7290013725769</ItemCode>
      <ItemType>0</ItemType>
      <ItemName>נודלס עבה 400 גרם</ItemName>
      <ManufacturerName>,</ManufacturerName>
      <ManufactureCountry>לא ידוע</ManufactureCountry>
      <ManufacturerItemDescription>נודלס עבה 400 גרם</ManufacturerItemDescription>
      <UnitQty>גרמים</UnitQty>
      <Quantity>400.00</Quantity>
      <UnitOfMeasure>100 גרם</UnitOfMeasure>
      <bIsWeighted>0</bIsWeighted>
      <QtyInPackage>1</QtyInPackage>
      <ItemPrice>6.60</ItemPrice>
      <UnitOfMeasurePrice>1.6500</UnitOfMeasurePrice>
      <AllowDiscount>1</AllowDiscount>
      <ItemStatus>1</ItemStatus>
      <ItemId>253141</ItemId>
    </Item>
    <Item>
      <PriceUpdateDate>2015-01-01 00:00:00</PriceUpdateDate>
      <ItemCode>7290013725745</ItemCode>
      <ItemType>0</ItemType>
      <ItemName>גינגר כבוש</ItemName>
      <ManufacturerName>,</ManufacturerName>
      <ManufactureCountry>לא ידוע</ManufactureCountry>
      <ManufacturerItemDescription>גינגר כבוש</ManufacturerItemDescription>
      <UnitQty>Unknown </UnitQty>
      <Quantity>0.00</Quantity>
      <UnitOfMeasure>Unknown </UnitOfMeasure>
      <bIsWeighted>0</bIsWeighted>
      <QtyInPackage>1</QtyInPackage>
      <ItemPrice>10.10</ItemPrice>
      <UnitOfMeasurePrice>0.0000</UnitOfMeasurePrice>
      <AllowDiscount>1</AllowDiscount>
      <ItemStatus>1</ItemStatus>
      <ItemId>253143</ItemId>
    </Item>
    <Item>
      <PriceUpdateDate>2015-09-09 15:22:00</PriceUpdateDate>
      <ItemCode>8464697</ItemCode>
      <ItemType>0</ItemType>
      <ItemName>בירה מכבי בקבוק 6</ItemName>
      <ManufacturerName>טמפו</ManufacturerName>
      <ManufactureCountry>לא ידוע</ManufactureCountry>
      <ManufacturerItemDescription>בירה מכבי בקבוק 6*330 מ"ל 7.9% אלכוהול</ManufacturerItemDescription>
      <UnitQty>ליטרים</UnitQty>
      <Quantity>1.98</Quantity>
      <UnitOfMeasure>ליטר    </UnitOfMeasure>
      <bIsWeighted>0</bIsWeighted>
      <QtyInPackage>1</QtyInPackage>
      <ItemPrice>24.90</ItemPrice>
      <UnitOfMeasurePrice>12.5758</UnitOfMeasurePrice>
      <AllowDiscount>1</AllowDiscount>
      <ItemStatus>1</ItemStatus>
      <ItemId>253144</ItemId>
    </Item>
    <Item>
      <PriceUpdateDate>2015-01-01 00:00:00</PriceUpdateDate>
      <ItemCode>7290019297192</ItemCode>
      <ItemType>0</ItemType>
      <ItemName>חטיפי גרנולה עם שקדי</ItemName>
      <ManufacturerName>,</ManufacturerName>
      <ManufactureCountry>לא ידוע</ManufactureCountry>
      <ManufacturerItemDescription>חטיפי גרנולה עם שקדים ושוקולד</ManufacturerItemDescription>
      <UnitQty>Unknown </UnitQty>
      <Quantity>0.00</Quantity>
      <UnitOfMeasure>Unknown </UnitOfMeasure>
      <bIsWeighted>0</bIsWeighted>
      <QtyInPackage>1</QtyInPackage>
      <ItemPrice>9.90</ItemPrice>
      <UnitOfMeasurePrice>0.0000</UnitOfMeasurePrice>
      <AllowDiscount>1</AllowDiscount>
      <ItemStatus>1</ItemStatus>
      <ItemId>253146</ItemId>
    </Item>
    <Item>
      <PriceUpdateDate>2015-01-01 00:00:00</PriceUpdateDate>
      <ItemCode>7290019297208</ItemCode>
      <ItemType>0</ItemType>
      <ItemName>חטיפי גרנולה עם פירו</ItemName>
      <ManufacturerName>,</ManufacturerName>
      <ManufactureCountry>לא ידוע</ManufactureCountry>
      <ManufacturerItemDescription>חטיפי גרנולה עם פירות יבשים</ManufacturerItemDescription>
      <UnitQty>Unknown </UnitQty>
      <Quantity>0.00</Quantity>
      <UnitOfMeasure>Unknown </UnitOfMeasure>
      <bIsWeighted>0</bIsWeighted>
      <QtyInPackage>1</QtyInPackage>
      <ItemPrice>9.90</ItemPrice>
      <UnitOfMeasurePrice>0.0000</UnitOfMeasurePrice>
      <AllowDiscount>1</AllowDiscount>
      <ItemStatus>1</ItemStatus>
      <ItemId>253147</ItemId>
    </Item>
    <Item>
      <PriceUpdateDate>2015-01-01 00:00:00</PriceUpdateDate>
      <ItemCode>5901483071103</ItemCode>
      <ItemType>0</ItemType>
      <ItemName>חליטת חמוציות</ItemName>
      <ManufacturerName>,</ManufacturerName>
      <ManufactureCountry>לא ידוע</ManufactureCountry>
      <ManufacturerItemDescription>חליטת חמוציות</ManufacturerItemDescription>
      <UnitQty>Unknown </UnitQty>
      <Quantity>0.00</Quantity>
      <UnitOfMeasure>Unknown </UnitOfMeasure>
      <bIsWeighted>0</bIsWeighted>
      <QtyInPackage>1</QtyInPackage>
      <ItemPrice>7.90</ItemPrice>
      <UnitOfMeasurePrice>0.0000</UnitOfMeasurePrice>
      <AllowDiscount>1</AllowDiscount>
      <ItemStatus>1</ItemStatus>
      <ItemId>253162</ItemId>
    </Item>
    <Item>
      <PriceUpdateDate>2015-01-01 00:00:00</PriceUpdateDate>
      <ItemCode>5901483060206</ItemCode>
      <ItemType>0</ItemType>
      <ItemName>חליטת מנטה</ItemName>
      <ManufacturerName>,</ManufacturerName>
      <ManufactureCountry>לא ידוע</ManufactureCountry>
      <ManufacturerItemDescription>חליטת מנטה</ManufacturerItemDescription>
      <UnitQty>Unknown </UnitQty>
      <Quantity>0.00</Quantity>
      <UnitOfMeasure>Unknown </UnitOfMeasure>
      <bIsWeighted>0</bIsWeighted>
      <QtyInPackage>1</QtyInPackage>
      <ItemPrice>7.90</ItemPrice>
      <UnitOfMeasurePrice>0.0000</UnitOfMeasurePrice>
      <AllowDiscount>1</AllowDiscount>
      <ItemStatus>1</ItemStatus>
      <ItemId>253163</ItemId>
    </Item>
    <Item>
      <PriceUpdateDate>2015-01-01 00:00:00</PriceUpdateDate>
      <ItemCode>5901483060022</ItemCode>
      <ItemType>0</ItemType>
      <ItemName>חליטת מרווה</ItemName>
      <ManufacturerName>,</ManufacturerName>
      <ManufactureCountry>לא ידוע</ManufactureCountry>
      <ManufacturerItemDescription>חליטת מרווה</ManufacturerItemDescription>
      <UnitQty>Unknown </UnitQty>
      <Quantity>0.00</Quantity>
      <UnitOfMeasure>Unknown </UnitOfMeasure>
      <bIsWeighted>0</bIsWeighted>
      <QtyInPackage>1</QtyInPackage>
      <ItemPrice>7.90</ItemPrice>
      <UnitOfMeasurePrice>0.0000</UnitOfMeasurePrice>
      <AllowDiscount>1</AllowDiscount>
      <ItemStatus>1</ItemStatus>
      <ItemId>253165</ItemId>
    </Item>
    <Item>
      <PriceUpdateDate>2015-01-01 00:00:00</PriceUpdateDate>
      <ItemCode>8464468</ItemCode>
      <ItemType>0</ItemType>
      <ItemName>בירה גולדסטאר 500 מ"</ItemName>
      <ManufacturerName>טמפו</ManufacturerName>
      <ManufactureCountry>לא ידוע</ManufactureCountry>
      <ManufacturerItemDescription>בירה גולדסטאר 500 מ"ל פחית 4.9% אלכוהול</ManufacturerItemDescription>
      <UnitQty>מיליליטרים</UnitQty>
      <Quantity>500.00</Quantity>
      <UnitOfMeasure>100 מ"ל</UnitOfMeasure>
      <bIsWeighted>0</bIsWeighted>
      <QtyInPackage>1</QtyInPackage>
      <ItemPrice>7.90</ItemPrice>
      <UnitOfMeasurePrice>1.5800</UnitOfMeasurePrice>
      <AllowDiscount>1</AllowDiscount>
      <ItemStatus>1</ItemStatus>
      <ItemId>253185</ItemId>
    </Item>
    <Item>
      <PriceUpdateDate>2015-09-09 15:21:11</PriceUpdateDate>
      <ItemCode>5000213014905</ItemCode>
      <ItemType>0</ItemType>
      <ItemName>בירה גינס פחית 440 מ</ItemName>
      <ManufacturerName>קרלסברג ישראל</ManufacturerName>
      <ManufactureCountry>לא ידוע</ManufactureCountry>
      <ManufacturerItemDescription>בירה גינס פחית 440 מ"ל 4.2% אלכוהול</ManufacturerItemDescription>
      <UnitQty>מיליליטרים</UnitQty>
      <Quantity>440.00</Quantity>
      <UnitOfMeasure>100 מ"ל</UnitOfMeasure>
      <bIsWeighted>0</bIsWeighted>
      <QtyInPackage>1</QtyInPackage>
      <ItemPrice>13.90</ItemPrice>
      <UnitOfMeasurePrice>3.1591</UnitOfMeasurePrice>
      <AllowDiscount>1</AllowDiscount>
      <ItemStatus>1</ItemStatus>
      <ItemId>253187</ItemId>
    </Item>
    <Item>
      <PriceUpdateDate>2015-01-01 00:00:00</PriceUpdateDate>
      <ItemCode>5410228144755</ItemCode>
      <ItemType>0</ItemType>
      <ItemName>בירה סטלה ארטואה שיש</ItemName>
      <ManufacturerName>קרלסברג יבוא יצוא</ManufacturerName>
      <ManufactureCountry>לא ידוע</ManufactureCountry>
      <ManufacturerItemDescription>בירה סטלה ארטואה שישיה 5%  אלכוהול</ManufacturerItemDescription>
      <UnitQty>ליטרים</UnitQty>
      <Quantity>3.00</Quantity>
      <UnitOfMeasure>ליטר    </UnitOfMeasure>
      <bIsWeighted>0</bIsWeighted>
      <QtyInPackage>1</QtyInPackage>
      <ItemPrice>49.90</ItemPrice>
      <UnitOfMeasurePrice>16.6333</UnitOfMeasurePrice>
      <AllowDiscount>1</AllowDiscount>
      <ItemStatus>1</ItemStatus>
      <ItemId>253191</ItemId>
    </Item>
    <Item>
      <PriceUpdateDate>2015-08-02 17:40:45</PriceUpdateDate>
      <ItemCode>7290107640671</ItemCode>
      <ItemType>0</ItemType>
      <ItemName>קליק בייגלה לבן 75 ג</ItemName>
      <ManufacturerName>,</ManufacturerName>
      <ManufactureCountry>לא ידוע</ManufactureCountry>
      <ManufacturerItemDescription>קליק בייגלה לבן 75 גרם</ManufacturerItemDescription>
      <UnitQty>גרמים</UnitQty>
      <Quantity>75.00</Quantity>
      <UnitOfMeasure>100 גרם</UnitOfMeasure>
      <bIsWeighted>0</bIsWeighted>
      <QtyInPackage>1</QtyInPackage>
      <ItemPrice>3.90</ItemPrice>
      <UnitOfMeasurePrice>5.2000</UnitOfMeasurePrice>
      <AllowDiscount>1</AllowDiscount>
      <ItemStatus>1</ItemStatus>
      <ItemId>264745</ItemId>
    </Item>
    <Item>
      <PriceUpdateDate>2015-05-22 09:19:33</PriceUpdateDate>
      <ItemCode>8005200846535</ItemCode>
      <ItemType>0</ItemType>
      <ItemName>נסטי מוגז דיאט אפרסק</ItemName>
      <ManufacturerName>סן פלגרינו</ManufacturerName>
      <ManufactureCountry>איטליה</ManufactureCountry>
      <ManufacturerItemDescription>נסטי בטעם ענבים מלון 1.5 ליטר</ManufacturerItemDescription>
      <UnitQty>ליטרים</UnitQty>
      <Quantity>1.50</Quantity>
      <UnitOfMeasure>ליטר    </UnitOfMeasure>
      <bIsWeighted>0</bIsWeighted>
      <QtyInPackage>1</QtyInPackage>
      <ItemPrice>4.90</ItemPrice>
      <UnitOfMeasurePrice>3.2667</UnitOfMeasurePrice>
      <AllowDiscount>1</AllowDiscount>
      <ItemStatus>1</ItemStatus>
      <ItemId>255572</ItemId>
    </Item>
    <Item>
      <PriceUpdateDate>2015-01-01 00:00:00</PriceUpdateDate>
      <ItemCode>7290015339391</ItemCode>
      <ItemType>0</ItemType>
      <ItemName>לפתן חצאי משמש בסירו</ItemName>
      <ManufacturerName>,</ManufacturerName>
      <ManufactureCountry>לא ידוע</ManufactureCountry>
      <ManufacturerItemDescription>לפתן חצאי משמש בסירופ קל</ManufacturerItemDescription>
      <UnitQty>גרמים</UnitQty>
      <Quantity>850.00</Quantity>
      <UnitOfMeasure>100 גרם</UnitOfMeasure>
      <bIsWeighted>0</bIsWeighted>
      <QtyInPackage>1</QtyInPackage>
      <ItemPrice>8.90</ItemPrice>
      <UnitOfMeasurePrice>1.0471</UnitOfMeasurePrice>
      <AllowDiscount>1</AllowDiscount>
      <ItemStatus>1</ItemStatus>
      <ItemId>253195</ItemId>
    </Item>
    <Item>
      <PriceUpdateDate>2015-01-01 00:00:00</PriceUpdateDate>
      <ItemCode>3681006</ItemCode>
      <ItemType>0</ItemType>
      <ItemName>צימוק לבן 200 גרם</ItemName>
      <ManufacturerName>מיה תעשיות מזון בעמ</ManufacturerName>
      <ManufactureCountry>ישראל</ManufactureCountry>
      <ManufacturerItemDescription>צימוק לבן 200 גרם</ManufacturerItemDescription>
      <UnitQty>גרמים</UnitQty>
      <Quantity>200.00</Quantity>
      <UnitOfMeasure>100 גרם</UnitOfMeasure>
      <bIsWeighted>0</bIsWeighted>
      <QtyInPackage>1</QtyInPackage>
      <ItemPrice>8.90</ItemPrice>
      <UnitOfMeasurePrice>4.4500</UnitOfMeasurePrice>
      <AllowDiscount>1</AllowDiscount>
      <ItemStatus>1</ItemStatus>
      <ItemId>253206</ItemId>
    </Item>
    <Item>
      <PriceUpdateDate>2015-01-01 00:00:00</PriceUpdateDate>
      <ItemCode>7290012227615</ItemCode>
      <ItemType>0</ItemType>
      <ItemName>נקניקיות עוף 800 גרם</ItemName>
      <ManufacturerName>,</ManufacturerName>
      <ManufactureCountry>לא ידוע</ManufactureCountry>
      <ManufacturerItemDescription>נקניקיות עוף 800 גרם מחפוד</ManufacturerItemDescription>
      <UnitQty>גרמים</UnitQty>
      <Quantity>800.00</Quantity>
      <UnitOfMeasure>100 גרם</UnitOfMeasure>
      <bIsWeighted>0</bIsWeighted>
      <QtyInPackage>1</QtyInPackage>
      <ItemPrice>19.90</ItemPrice>
      <UnitOfMeasurePrice>2.4875</UnitOfMeasurePrice>
      <AllowDiscount>1</AllowDiscount>
      <ItemStatus>1</ItemStatus>
      <ItemId>253213</ItemId>
    </Item>
    <Item>
      <PriceUpdateDate>2015-01-01 00:00:00</PriceUpdateDate>
      <ItemCode>7290012227608</ItemCode>
      <ItemType>0</ItemType>
      <ItemName>מארז חרמון וברביקיו</ItemName>
      <ManufacturerName>,</ManufacturerName>
      <ManufactureCountry>לא ידוע</ManufactureCountry>
      <ManufacturerItemDescription>מארז חרמון וברביקיו מחפוד 2*300 גרם</ManufacturerItemDescription>
      <UnitQty>גרמים</UnitQty>
      <Quantity>600.00</Quantity>
      <UnitOfMeasure>100 גרם</UnitOfMeasure>
      <bIsWeighted>0</bIsWeighted>
      <QtyInPackage>1</QtyInPackage>
      <ItemPrice>24.90</ItemPrice>
      <UnitOfMeasurePrice>4.1500</UnitOfMeasurePrice>
      <AllowDiscount>1</AllowDiscount>
      <ItemStatus>1</ItemStatus>
      <ItemId>253214</ItemId>
    </Item>
    <Item>
      <PriceUpdateDate>2016-01-03 12:17:04</PriceUpdateDate>
      <ItemCode>7290106662612</ItemCode>
      <ItemType>0</ItemType>
      <ItemName>מעדן JOY וניל 130 גר</ItemName>
      <ManufacturerName>שטראוס</ManufacturerName>
      <ManufactureCountry>לא ידוע</ManufactureCountry>
      <ManufacturerItemDescription>מעדן JOY וניל 3.9% 130 גרם</ManufacturerItemDescription>
      <UnitQty>מיליליטרים</UnitQty>
      <Quantity>130.00</Quantity>
      <UnitOfMeasure>100 מ"ל</UnitOfMeasure>
      <bIsWeighted>0</bIsWeighted>
      <QtyInPackage>1</QtyInPackage>
      <ItemPrice>3.20</ItemPrice>
      <UnitOfMeasurePrice>2.4615</UnitOfMeasurePrice>
      <AllowDiscount>1</AllowDiscount>
      <ItemStatus>1</ItemStatus>
      <ItemId>266353</ItemId>
    </Item>
    <Item>
      <PriceUpdateDate>2015-01-01 00:00:00</PriceUpdateDate>
      <ItemCode>7290012227592</ItemCode>
      <ItemType>0</ItemType>
      <ItemName>מארז תה וחרמון מחפוד</ItemName>
      <ManufacturerName>,</ManufacturerName>
      <ManufactureCountry>לא ידוע</ManufactureCountry>
      <ManufacturerItemDescription>מארז תה וחרמון מחפוד 2*350 גרם</ManufacturerItemDescription>
      <UnitQty>גרמים</UnitQty>
      <Quantity>700.00</Quantity>
      <UnitOfMeasure>100 גרם</UnitOfMeasure>
      <bIsWeighted>0</bIsWeighted>
      <QtyInPackage>1</QtyInPackage>
      <ItemPrice>24.90</ItemPrice>
      <UnitOfMeasurePrice>3.5571</UnitOfMeasurePrice>
      <AllowDiscount>1</AllowDiscount>
      <ItemStatus>1</ItemStatus>
      <ItemId>253215</ItemId>
    </Item>
    <Item>
      <PriceUpdateDate>2015-01-01 00:00:00</PriceUpdateDate>
      <ItemCode>2013839</ItemCode>
      <ItemType>0</ItemType>
      <ItemName>נקניקיות גמבו עוף</ItemName>
      <ManufacturerName>,</ManufacturerName>
      <ManufactureCountry>לא ידוע</ManufactureCountry>
      <ManufacturerItemDescription>נקניקיות גמבו עוף במשקל</ManufacturerItemDescription>
      <UnitQty>קילוגרמים</UnitQty>
      <Quantity>1.00</Quantity>
      <UnitOfMeasure>ק"ג</UnitOfMeasure>
      <bIsWeighted>1</bIsWeighted>
      <QtyInPackage>לא ידוע</QtyInPackage>
      <ItemPrice>19.90</ItemPrice>
      <UnitOfMeasurePrice>19.9000</UnitOfMeasurePrice>
      <AllowDiscount>1</AllowDiscount>
      <ItemStatus>1</ItemStatus>
      <ItemId>253216</ItemId>
    </Item>
    <Item>
      <PriceUpdateDate>2015-01-01 00:00:00</PriceUpdateDate>
      <ItemCode>7290012850523</ItemCode>
      <ItemType>0</ItemType>
      <ItemName>מחית תפוח ובננה שישי</ItemName>
      <ManufacturerName>,</ManufacturerName>
      <ManufactureCountry>לא ידוע</ManufactureCountry>
      <ManufacturerItemDescription>מחית תפוח ובננה שישיה</ManufacturerItemDescription>
      <UnitQty>קילוגרמים</UnitQty>
      <Quantity>1.14</Quantity>
      <UnitOfMeasure>ק"ג     </UnitOfMeasure>
      <bIsWeighted>0</bIsWeighted>
      <QtyInPackage>1</QtyInPackage>
      <ItemPrice>17.90</ItemPrice>
      <UnitOfMeasurePrice>15.7018</UnitOfMeasurePrice>
      <AllowDiscount>1</AllowDiscount>
      <ItemStatus>1</ItemStatus>
      <ItemId>253243</ItemId>
    </Item>
    <Item>
      <PriceUpdateDate>2015-01-01 00:00:00</PriceUpdateDate>
      <ItemCode>7290012850530</ItemCode>
      <ItemType>0</ItemType>
      <ItemName>מחית תפוח ואפרסק שיש</ItemName>
      <ManufacturerName>,</ManufacturerName>
      <ManufactureCountry>לא ידוע</ManufactureCountry>
      <ManufacturerItemDescription>מחית תפוח ואפרסק שישיה</ManufacturerItemDescription>
      <UnitQty>קילוגרמים</UnitQty>
      <Quantity>1.14</Quantity>
      <UnitOfMeasure>ק"ג     </UnitOfMeasure>
      <bIsWeighted>0</bIsWeighted>
      <QtyInPackage>1</QtyInPackage>
      <ItemPrice>17.90</ItemPrice>
      <UnitOfMeasurePrice>15.7018</UnitOfMeasurePrice>
      <AllowDiscount>1</AllowDiscount>
      <ItemStatus>1</ItemStatus>
      <ItemId>253244</ItemId>
    </Item>
    <Item>
      <PriceUpdateDate>2015-01-01 00:00:00</PriceUpdateDate>
      <ItemCode>7290012850578</ItemCode>
      <ItemType>0</ItemType>
      <ItemName>מחית סלט פירות שישיה</ItemName>
      <ManufacturerName>,</ManufacturerName>
      <ManufactureCountry>לא ידוע</ManufactureCountry>
      <ManufacturerItemDescription>מחית סלט פירות שישיה</ManufacturerItemDescription>
      <UnitQty>קילוגרמים</UnitQty>
      <Quantity>1.14</Quantity>
      <UnitOfMeasure>ק"ג     </UnitOfMeasure>
      <bIsWeighted>0</bIsWeighted>
      <QtyInPackage>1</QtyInPackage>
      <ItemPrice>17.90</ItemPrice>
      <UnitOfMeasurePrice>15.7018</UnitOfMeasurePrice>
      <AllowDiscount>1</AllowDiscount>
      <ItemStatus>1</ItemStatus>
      <ItemId>253247</ItemId>
    </Item>
    <Item>
      <PriceUpdateDate>2016-02-18 18:36:24</PriceUpdateDate>
      <ItemCode>7290102396665</ItemCode>
      <ItemType>0</ItemType>
      <ItemName>גבינה נועם דק דק 15%</ItemName>
      <ManufacturerName>טרה</ManufacturerName>
      <ManufactureCountry>לא ידוע</ManufactureCountry>
      <ManufacturerItemDescription>גבינה נועם דק דק 15% 200 גרם</ManufacturerItemDescription>
      <UnitQty>גרמים</UnitQty>
      <Quantity>200.00</Quantity>
      <UnitOfMeasure>100 גרם</UnitOfMeasure>
      <bIsWeighted>0</bIsWeighted>
      <QtyInPackage>1</QtyInPackage>
      <ItemPrice>14.80</ItemPrice>
      <UnitOfMeasurePrice>7.4000</UnitOfMeasurePrice>
      <AllowDiscount>1</AllowDiscount>
      <ItemStatus>1</ItemStatus>
      <ItemId>265456</ItemId>
    </Item>
    <Item>
      <PriceUpdateDate>2016-03-27 12:40:52</PriceUpdateDate>
      <ItemCode>7290107640749</ItemCode>
      <ItemType>0</ItemType>
      <ItemName>קוקומן חום לבן 750 ג</ItemName>
      <ManufacturerName>יוניליוור</ManufacturerName>
      <ManufactureCountry>ישראל</ManufactureCountry>
      <ManufacturerItemDescription>קוקומן חום לבן 750 גרם מופחת סוכר</ManufacturerItemDescription>
      <UnitQty>גרמים</UnitQty>
      <Quantity>750.00</Quantity>
      <UnitOfMeasure>100 גרם</UnitOfMeasure>
      <bIsWeighted>0</bIsWeighted>
      <QtyInPackage>1</QtyInPackage>
      <ItemPrice>16.60</ItemPrice>
      <UnitOfMeasurePrice>2.2133</UnitOfMeasurePrice>
      <AllowDiscount>1</AllowDiscount>
      <ItemStatus>1</ItemStatus>
      <ItemId>267585</ItemId>
    </Item>
    <Item>
      <PriceUpdateDate>2016-03-27 22:42:13</PriceUpdateDate>
      <ItemCode>7290012738579</ItemCode>
      <ItemType>0</ItemType>
      <ItemName>מצות מקמח מלא אורגני</ItemName>
      <ManufacturerName>מצות יהודה</ManufacturerName>
      <ManufactureCountry>לא ידוע</ManufactureCountry>
      <ManufacturerItemDescription>מצות מקמח מלא אורגניי 300 גרם</ManufacturerItemDescription>
      <UnitQty>גרמים</UnitQty>
      <Quantity>300.00</Quantity>
      <UnitOfMeasure>100 גרם</UnitOfMeasure>
      <bIsWeighted>0</bIsWeighted>
      <QtyInPackage>1</QtyInPackage>
      <ItemPrice>17.90</ItemPrice>
      <UnitOfMeasurePrice>5.9667</UnitOfMeasurePrice>
      <AllowDiscount>1</AllowDiscount>
      <ItemStatus>1</ItemStatus>
      <ItemId>267594</ItemId>
    </Item>
    <Item>
      <PriceUpdateDate>2016-07-13 10:10:32</PriceUpdateDate>
      <ItemCode>7290002277996</ItemCode>
      <ItemType>1</ItemType>
      <ItemName>פילה סלמון</ItemName>
      <ManufacturerName>,</ManufacturerName>
      <ManufactureCountry>לא ידוע</ManufactureCountry>
      <ManufacturerItemDescription>פילה סלמון צילאני</ManufacturerItemDescription>
      <UnitQty>קילוגרמים</UnitQty>
      <Quantity>1.00</Quantity>
      <UnitOfMeasure>ק"ג</UnitOfMeasure>
      <bIsWeighted>1</bIsWeighted>
      <QtyInPackage>לא ידוע</QtyInPackage>
      <ItemPrice>59.90</ItemPrice>
      <UnitOfMeasurePrice>59.9000</UnitOfMeasurePrice>
      <AllowDiscount>1</AllowDiscount>
      <ItemStatus>1</ItemStatus>
      <ItemId>268857</ItemId>
    </Item>
    <Item>
      <PriceUpdateDate>2015-05-07 15:01:10</PriceUpdateDate>
      <ItemCode>7290012174841</ItemCode>
      <ItemType>0</ItemType>
      <ItemName>מארז גליליות למילוי</ItemName>
      <ManufacturerName>,</ManufacturerName>
      <ManufactureCountry>לא ידוע</ManufactureCountry>
      <ManufacturerItemDescription>מארז גליליות למילוי 22 יח</ManufacturerItemDescription>
      <UnitQty>Unknown </UnitQty>
      <Quantity>0.00</Quantity>
      <UnitOfMeasure>Unknown </UnitOfMeasure>
      <bIsWeighted>0</bIsWeighted>
      <QtyInPackage>1</QtyInPackage>
      <ItemPrice>15.90</ItemPrice>
      <UnitOfMeasurePrice>0.0000</UnitOfMeasurePrice>
      <AllowDiscount>1</AllowDiscount>
      <ItemStatus>1</ItemStatus>
      <ItemId>255465</ItemId>
    </Item>
    <Item>
      <PriceUpdateDate>2015-01-01 00:00:00</PriceUpdateDate>
      <ItemCode>74506548670</ItemCode>
      <ItemType>0</ItemType>
      <ItemName>כוסות קריסטל 300 מ"ל</ItemName>
      <ManufacturerName>,</ManufacturerName>
      <ManufactureCountry>לא ידוע</ManufactureCountry>
      <ManufacturerItemDescription>כוסות קריסטל 300 מ"ל 150 יח</ManufacturerItemDescription>
      <UnitQty>Unknown </UnitQty>
      <Quantity>0.00</Quantity>
      <UnitOfMeasure>Unknown </UnitOfMeasure>
      <bIsWeighted>0</bIsWeighted>
      <QtyInPackage>1</QtyInPackage>
      <ItemPrice>59.90</ItemPrice>
      <UnitOfMeasurePrice>0.0000</UnitOfMeasurePrice>
      <AllowDiscount>1</AllowDiscount>
      <ItemStatus>1</ItemStatus>
      <ItemId>253272</ItemId>
    </Item>
    <Item>
      <PriceUpdateDate>2015-01-01 00:00:00</PriceUpdateDate>
      <ItemCode>5411188115366</ItemCode>
      <ItemType>0</ItemType>
      <ItemName>משקה אלפרו שיבולת שו</ItemName>
      <ManufacturerName>אלפרו</ManufacturerName>
      <ManufactureCountry>בלגיה</ManufactureCountry>
      <ManufacturerItemDescription>משקה אלפרו שיבולת שועל 1 ליטר</ManufacturerItemDescription>
      <UnitQty>ליטרים</UnitQty>
      <Quantity>1.00</Quantity>
      <UnitOfMeasure>ליטר    </UnitOfMeasure>
      <bIsWeighted>0</bIsWeighted>
      <QtyInPackage>1</QtyInPackage>
      <ItemPrice>12.90</ItemPrice>
      <UnitOfMeasurePrice>12.9000</UnitOfMeasurePrice>
      <AllowDiscount>1</AllowDiscount>
      <ItemStatus>1</ItemStatus>
      <ItemId>253277</ItemId>
    </Item>
    <Item>
      <PriceUpdateDate>2015-01-01 00:00:00</PriceUpdateDate>
      <ItemCode>5411188112549</ItemCode>
      <ItemType>0</ItemType>
      <ItemName>משקה אלפרו אורז 1 לי</ItemName>
      <ManufacturerName>אלפרו</ManufacturerName>
      <ManufactureCountry>בלגיה</ManufactureCountry>
      <ManufacturerItemDescription>משקה אלפרו אורז 1 ליטר</ManufacturerItemDescription>
      <UnitQty>ליטרים</UnitQty>
      <Quantity>1.00</Quantity>
      <UnitOfMeasure>ליטר    </UnitOfMeasure>
      <bIsWeighted>0</bIsWeighted>
      <QtyInPackage>1</QtyInPackage>
      <ItemPrice>12.90</ItemPrice>
      <UnitOfMeasurePrice>12.9000</UnitOfMeasurePrice>
      <AllowDiscount>1</AllowDiscount>
      <ItemStatus>1</ItemStatus>
      <ItemId>253278</ItemId>
    </Item>
    <Item>
      <PriceUpdateDate>2015-01-01 00:00:00</PriceUpdateDate>
      <ItemCode>5411188116592</ItemCode>
      <ItemType>0</ItemType>
      <ItemName>משקה אלפרו קוקוס 1 ל</ItemName>
      <ManufacturerName>אלפרו</ManufacturerName>
      <ManufactureCountry>בלגיה</ManufactureCountry>
      <ManufacturerItemDescription>משקה אלפרו קוקוס 1 ליטר</ManufacturerItemDescription>
      <UnitQty>ליטרים</UnitQty>
      <Quantity>1.00</Quantity>
      <UnitOfMeasure>ליטר    </UnitOfMeasure>
      <bIsWeighted>0</bIsWeighted>
      <QtyInPackage>1</QtyInPackage>
      <ItemPrice>12.90</ItemPrice>
      <UnitOfMeasurePrice>12.9000</UnitOfMeasurePrice>
      <AllowDiscount>1</AllowDiscount>
      <ItemStatus>1</ItemStatus>
      <ItemId>253279</ItemId>
    </Item>
    <Item>
      <PriceUpdateDate>2015-01-01 00:00:00</PriceUpdateDate>
      <ItemCode>5411188110835</ItemCode>
      <ItemType>0</ItemType>
      <ItemName>משקה אלפרו שקדים 1 ל</ItemName>
      <ManufacturerName>אלפרו</ManufacturerName>
      <ManufactureCountry>בלגיה</ManufactureCountry>
      <ManufacturerItemDescription>משקה אלפרו שקדים 1 ליטר</ManufacturerItemDescription>
      <UnitQty>ליטרים</UnitQty>
      <Quantity>1.00</Quantity>
      <UnitOfMeasure>ליטר    </UnitOfMeasure>
      <bIsWeighted>0</bIsWeighted>
      <QtyInPackage>1</QtyInPackage>
      <ItemPrice>12.90</ItemPrice>
      <UnitOfMeasurePrice>12.9000</UnitOfMeasurePrice>
      <AllowDiscount>1</AllowDiscount>
      <ItemStatus>1</ItemStatus>
      <ItemId>253280</ItemId>
    </Item>
    <Item>
      <PriceUpdateDate>2015-01-01 00:00:00</PriceUpdateDate>
      <ItemCode>5411188110842</ItemCode>
      <ItemType>0</ItemType>
      <ItemName>משקה אלפרו אגוזים 1</ItemName>
      <ManufacturerName>אלפרו</ManufacturerName>
      <ManufactureCountry>לא ידוע</ManufactureCountry>
      <ManufacturerItemDescription>משקה אלפרו אגוזים 1 ליטר</ManufacturerItemDescription>
      <UnitQty>ליטרים</UnitQty>
      <Quantity>1.00</Quantity>
      <UnitOfMeasure>ליטר    </UnitOfMeasure>
      <bIsWeighted>0</bIsWeighted>
      <QtyInPackage>1</QtyInPackage>
      <ItemPrice>12.90</ItemPrice>
      <UnitOfMeasurePrice>12.9000</UnitOfMeasurePrice>
      <AllowDiscount>1</AllowDiscount>
      <ItemStatus>1</ItemStatus>
      <ItemId>253281</ItemId>
    </Item>
    <Item>
      <PriceUpdateDate>2015-01-01 00:00:00</PriceUpdateDate>
      <ItemCode>5411188106159</ItemCode>
      <ItemType>0</ItemType>
      <ItemName>חלב סויה אלפרו לייט</ItemName>
      <ManufacturerName>אלפרו</ManufacturerName>
      <ManufactureCountry>בלגיה</ManufactureCountry>
      <ManufacturerItemDescription>חלב סויה אלפרו לייט טבעי 1 ליטר</ManufacturerItemDescription>
      <UnitQty>ליטרים</UnitQty>
      <Quantity>1.00</Quantity>
      <UnitOfMeasure>ליטר    </UnitOfMeasure>
      <bIsWeighted>0</bIsWeighted>
      <QtyInPackage>1</QtyInPackage>
      <ItemPrice>11.90</ItemPrice>
      <UnitOfMeasurePrice>11.9000</UnitOfMeasurePrice>
      <AllowDiscount>1</AllowDiscount>
      <ItemStatus>1</ItemStatus>
      <ItemId>253282</ItemId>
    </Item>
    <Item>
      <PriceUpdateDate>2015-01-01 00:00:00</PriceUpdateDate>
      <ItemCode>5411188096108</ItemCode>
      <ItemType>0</ItemType>
      <ItemName>אלפרו לבישול ע"ב סוי</ItemName>
      <ManufacturerName>אלפרו</ManufacturerName>
      <ManufactureCountry>בלגיה</ManufactureCountry>
      <ManufacturerItemDescription>אלפרו לבישול עב סויה 250 מל</ManufacturerItemDescription>
      <UnitQty>מיליליטרים</UnitQty>
      <Quantity>250.00</Quantity>
      <UnitOfMeasure>100 מ"ל</UnitOfMeasure>
      <bIsWeighted>0</bIsWeighted>
      <QtyInPackage>1</QtyInPackage>
      <ItemPrice>8.90</ItemPrice>
      <UnitOfMeasurePrice>3.5600</UnitOfMeasurePrice>
      <AllowDiscount>1</AllowDiscount>
      <ItemStatus>1</ItemStatus>
      <ItemId>253284</ItemId>
    </Item>
    <Item>
      <PriceUpdateDate>2015-10-28 16:01:18</PriceUpdateDate>
      <ItemCode>7290104855436</ItemCode>
      <ItemType>0</ItemType>
      <ItemName>גביע 250 מ"ל 50 יח</ItemName>
      <ManufacturerName>צח ליין</ManufacturerName>
      <ManufactureCountry>לא ידוע</ManufactureCountry>
      <ManufacturerItemDescription>גביע 250 מ"ל 50 יח</ManufacturerItemDescription>
      <UnitQty>Unknown </UnitQty>
      <Quantity>0.00</Quantity>
      <UnitOfMeasure>Unknown </UnitOfMeasure>
      <bIsWeighted>0</bIsWeighted>
      <QtyInPackage>1</QtyInPackage>
      <ItemPrice>19.90</ItemPrice>
      <UnitOfMeasurePrice>0.0000</UnitOfMeasurePrice>
      <AllowDiscount>1</AllowDiscount>
      <ItemStatus>1</ItemStatus>
      <ItemId>265686</ItemId>
    </Item>
    <Item>
      <PriceUpdateDate>2015-01-01 00:00:00</PriceUpdateDate>
      <ItemCode>5411188114239</ItemCode>
      <ItemType>0</ItemType>
      <ItemName>אלפרו לבישול ע"ב אור</ItemName>
      <ManufacturerName>אלפרו</ManufacturerName>
      <ManufactureCountry>בלגיה</ManufactureCountry>
      <ManufacturerItemDescription>אלפרו לבישול עב אורז 250 מל</ManufacturerItemDescription>
      <UnitQty>מיליליטרים</UnitQty>
      <Quantity>250.00</Quantity>
      <UnitOfMeasure>100 מ"ל</UnitOfMeasure>
      <bIsWeighted>0</bIsWeighted>
      <QtyInPackage>1</QtyInPackage>
      <ItemPrice>8.90</ItemPrice>
      <UnitOfMeasurePrice>3.5600</UnitOfMeasurePrice>
      <AllowDiscount>1</AllowDiscount>
      <ItemStatus>1</ItemStatus>
      <ItemId>253285</ItemId>
    </Item>
    <Item>
      <PriceUpdateDate>2015-01-01 00:00:00</PriceUpdateDate>
      <ItemCode>54051157</ItemCode>
      <ItemType>0</ItemType>
      <ItemName>מעדן סויה אלפרו בטעם</ItemName>
      <ManufacturerName>אלפרו</ManufacturerName>
      <ManufactureCountry>בלגיה</ManufactureCountry>
      <ManufacturerItemDescription>מעדן סויה אלפרו בטעם שוקו 4 יח</ManufacturerItemDescription>
      <UnitQty>Unknown </UnitQty>
      <Quantity>0.00</Quantity>
      <UnitOfMeasure>Unknown </UnitOfMeasure>
      <bIsWeighted>0</bIsWeighted>
      <QtyInPackage>4</QtyInPackage>
      <ItemPrice>14.90</ItemPrice>
      <UnitOfMeasurePrice>0.0000</UnitOfMeasurePrice>
      <AllowDiscount>1</AllowDiscount>
      <ItemStatus>1</ItemStatus>
      <ItemId>253287</ItemId>
    </Item>
    <Item>
      <PriceUpdateDate>2015-01-01 00:00:00</PriceUpdateDate>
      <ItemCode>7290103155360</ItemCode>
      <ItemType>0</ItemType>
      <ItemName>קערה עם עיגולים בינו</ItemName>
      <ManufacturerName>HANTRONIX</ManufacturerName>
      <ManufactureCountry>לא ידוע</ManufactureCountry>
      <ManufacturerItemDescription>קערה עם עיגולים בינוני בצבעים שונים</ManufacturerItemDescription>
      <UnitQty>Unknown </UnitQty>
      <Quantity>0.00</Quantity>
      <UnitOfMeasure>Unknown </UnitOfMeasure>
      <bIsWeighted>0</bIsWeighted>
      <QtyInPackage>1</QtyInPackage>
      <ItemPrice>5.90</ItemPrice>
      <UnitOfMeasurePrice>0.0000</UnitOfMeasurePrice>
      <AllowDiscount>1</AllowDiscount>
      <ItemStatus>1</ItemStatus>
      <ItemId>253302</ItemId>
    </Item>
    <Item>
      <PriceUpdateDate>2015-01-01 00:00:00</PriceUpdateDate>
      <ItemCode>7290010193967</ItemCode>
      <ItemType>0</ItemType>
      <ItemName>קישקע ממולא 600 גרם</ItemName>
      <ManufacturerName>מ ב גלאט עוף למהדרין</ManufacturerName>
      <ManufactureCountry>ישראל</ManufactureCountry>
      <ManufacturerItemDescription>קישקע ממולא 600 גרם</ManufacturerItemDescription>
      <UnitQty>גרמים</UnitQty>
      <Quantity>600.00</Quantity>
      <UnitOfMeasure>100 גרם</UnitOfMeasure>
      <bIsWeighted>0</bIsWeighted>
      <QtyInPackage>1</QtyInPackage>
      <ItemPrice>14.90</ItemPrice>
      <UnitOfMeasurePrice>2.4833</UnitOfMeasurePrice>
      <AllowDiscount>1</AllowDiscount>
      <ItemStatus>1</ItemStatus>
      <ItemId>253316</ItemId>
    </Item>
    <Item>
      <PriceUpdateDate>2016-07-08 08:59:17</PriceUpdateDate>
      <ItemCode>5756566</ItemCode>
      <ItemType>0</ItemType>
      <ItemName>בשר לחמין ברקאי</ItemName>
      <ManufacturerName>מ ב גלאט עוף למהדרין</ManufacturerName>
      <ManufactureCountry>לא ידוע</ManufactureCountry>
      <ManufacturerItemDescription>בשר לחמין ברקאי</ManufacturerItemDescription>
      <UnitQty>קילוגרמים</UnitQty>
      <Quantity>1.00</Quantity>
      <UnitOfMeasure>ק"ג</UnitOfMeasure>
      <bIsWeighted>1</bIsWeighted>
      <QtyInPackage>לא ידוע</QtyInPackage>
      <ItemPrice>69.90</ItemPrice>
      <UnitOfMeasurePrice>69.9000</UnitOfMeasurePrice>
      <AllowDiscount>1</AllowDiscount>
      <ItemStatus>1</ItemStatus>
      <ItemId>253318</ItemId>
    </Item>
    <Item>
      <PriceUpdateDate>2015-01-01 00:00:00</PriceUpdateDate>
      <ItemCode>966192087338</ItemCode>
      <ItemType>0</ItemType>
      <ItemName>ניילון נצמד 950 מטר</ItemName>
      <ManufacturerName>,</ManufacturerName>
      <ManufactureCountry>לא ידוע</ManufactureCountry>
      <ManufacturerItemDescription>ניילון נצמד 950 מטר</ManufacturerItemDescription>
      <UnitQty>לא מנהל יחידת מידה</UnitQty>
      <Quantity>0.00</Quantity>
      <UnitOfMeasure>לא מנהל יחידת מידה</UnitOfMeasure>
      <bIsWeighted>0</bIsWeighted>
      <QtyInPackage>1</QtyInPackage>
      <ItemPrice>89.90</ItemPrice>
      <UnitOfMeasurePrice>0.0000</UnitOfMeasurePrice>
      <AllowDiscount>1</AllowDiscount>
      <ItemStatus>1</ItemStatus>
      <ItemId>253319</ItemId>
    </Item>
    <Item>
      <PriceUpdateDate>2015-09-20 12:27:40</PriceUpdateDate>
      <ItemCode>7290014407176</ItemCode>
      <ItemType>0</ItemType>
      <ItemName>עוגיות שוקולד ציפס</ItemName>
      <ManufacturerName>מאפיית א.ש.ייצור ושי</ManufacturerName>
      <ManufactureCountry>לא ידוע</ManufactureCountry>
      <ManufacturerItemDescription>עוגיות שוקולד ציפס 225 גרם ללא גלוטן</ManufacturerItemDescription>
      <UnitQty>גרמים</UnitQty>
      <Quantity>225.00</Quantity>
      <UnitOfMeasure>100 גרם</UnitOfMeasure>
      <bIsWeighted>0</bIsWeighted>
      <QtyInPackage>1</QtyInPackage>
      <ItemPrice>14.90</ItemPrice>
      <UnitOfMeasurePrice>6.6222</UnitOfMeasurePrice>
      <AllowDiscount>1</AllowDiscount>
      <ItemStatus>1</ItemStatus>
      <ItemId>253333</ItemId>
    </Item>
    <Item>
      <PriceUpdateDate>2015-09-20 12:27:41</PriceUpdateDate>
      <ItemCode>7290014407145</ItemCode>
      <ItemType>0</ItemType>
      <ItemName>שומשומיות 225 גרם לל</ItemName>
      <ManufacturerName>מאפיית א.ש.ייצור ושי</ManufacturerName>
      <ManufactureCountry>לא ידוע</ManufactureCountry>
      <ManufacturerItemDescription>שומשומיות 225 גרם ללא גלוטן</ManufacturerItemDescription>
      <UnitQty>גרמים</UnitQty>
      <Quantity>225.00</Quantity>
      <UnitOfMeasure>100 גרם</UnitOfMeasure>
      <bIsWeighted>0</bIsWeighted>
      <QtyInPackage>1</QtyInPackage>
      <ItemPrice>14.90</ItemPrice>
      <UnitOfMeasurePrice>6.6222</UnitOfMeasurePrice>
      <AllowDiscount>1</AllowDiscount>
      <ItemStatus>1</ItemStatus>
      <ItemId>253334</ItemId>
    </Item>
    <Item>
      <PriceUpdateDate>2015-01-01 00:00:00</PriceUpdateDate>
      <ItemCode>4791021003588</ItemCode>
      <ItemType>0</ItemType>
      <ItemName>תה ציילון שחור 100 ש</ItemName>
      <ManufacturerName>,</ManufacturerName>
      <ManufactureCountry>לא ידוע</ManufactureCountry>
      <ManufacturerItemDescription>תה ציילון שחור 100 שקיות</ManufacturerItemDescription>
      <UnitQty>גרמים</UnitQty>
      <Quantity>150.00</Quantity>
      <UnitOfMeasure>100 גרם</UnitOfMeasure>
      <bIsWeighted>0</bIsWeighted>
      <QtyInPackage>1</QtyInPackage>
      <ItemPrice>9.90</ItemPrice>
      <UnitOfMeasurePrice>6.6000</UnitOfMeasurePrice>
      <AllowDiscount>1</AllowDiscount>
      <ItemStatus>1</ItemStatus>
      <ItemId>253380</ItemId>
    </Item>
    <Item>
      <PriceUpdateDate>2015-01-01 00:00:00</PriceUpdateDate>
      <ItemCode>7290014761438</ItemCode>
      <ItemType>0</ItemType>
      <ItemName>גבינה בולגרית קלאסית</ItemName>
      <ManufacturerName>תנובה מרכז שיתופי לש</ManufacturerName>
      <ManufactureCountry>לא ידוע</ManufactureCountry>
      <ManufacturerItemDescription>גבינה בולגרית קלאסית 24% סמי מעדניה</ManufacturerItemDescription>
      <UnitQty>גרמים</UnitQty>
      <Quantity>200.00</Quantity>
      <UnitOfMeasure>100 גרם</UnitOfMeasure>
      <bIsWeighted>0</bIsWeighted>
      <QtyInPackage>1</QtyInPackage>
      <ItemPrice>25.90</ItemPrice>
      <UnitOfMeasurePrice>12.9500</UnitOfMeasurePrice>
      <AllowDiscount>1</AllowDiscount>
      <ItemStatus>1</ItemStatus>
      <ItemId>253381</ItemId>
    </Item>
    <Item>
      <PriceUpdateDate>2015-01-01 00:00:00</PriceUpdateDate>
      <ItemCode>7290014760516</ItemCode>
      <ItemType>0</ItemType>
      <ItemName>גבינה צפתית מסורתית</ItemName>
      <ManufacturerName>תנובה מרכז שיתופי לש</ManufacturerName>
      <ManufactureCountry>לא ידוע</ManufactureCountry>
      <ManufacturerItemDescription>גבינה צפתית מסורתית 5% סמי מעדניה</ManufacturerItemDescription>
      <UnitQty>גרמים</UnitQty>
      <Quantity>200.00</Quantity>
      <UnitOfMeasure>100 גרם</UnitOfMeasure>
      <bIsWeighted>0</bIsWeighted>
      <QtyInPackage>1</QtyInPackage>
      <ItemPrice>14.90</ItemPrice>
      <UnitOfMeasurePrice>7.4500</UnitOfMeasurePrice>
      <AllowDiscount>1</AllowDiscount>
      <ItemStatus>1</ItemStatus>
      <ItemId>253383</ItemId>
    </Item>
    <Item>
      <PriceUpdateDate>2016-01-03 12:17:04</PriceUpdateDate>
      <ItemCode>7290106662643</ItemCode>
      <ItemType>0</ItemType>
      <ItemName>מעדן JOY בטעם שוקולד</ItemName>
      <ManufacturerName>שטראוס</ManufacturerName>
      <ManufactureCountry>לא ידוע</ManufactureCountry>
      <ManufacturerItemDescription>מעדן JOY בטעם שוקולד 0% 130 גרם</ManufacturerItemDescription>
      <UnitQty>מיליליטרים</UnitQty>
      <Quantity>130.00</Quantity>
      <UnitOfMeasure>100 מ"ל</UnitOfMeasure>
      <bIsWeighted>0</bIsWeighted>
      <QtyInPackage>1</QtyInPackage>
      <ItemPrice>3.20</ItemPrice>
      <UnitOfMeasurePrice>2.4615</UnitOfMeasurePrice>
      <AllowDiscount>1</AllowDiscount>
      <ItemStatus>1</ItemStatus>
      <ItemId>266354</ItemId>
    </Item>
    <Item>
      <PriceUpdateDate>2015-01-01 00:00:00</PriceUpdateDate>
      <ItemCode>5908235081816</ItemCode>
      <ItemType>0</ItemType>
      <ItemName>קורנפלקס 1 ק"ג</ItemName>
      <ManufacturerName>,</ManufacturerName>
      <ManufactureCountry>לא ידוע</ManufactureCountry>
      <ManufacturerItemDescription>קורנפלקס 1 ק"ג חת"ס</ManufacturerItemDescription>
      <UnitQty>קילוגרמים</UnitQty>
      <Quantity>1.00</Quantity>
      <UnitOfMeasure>ק"ג     </UnitOfMeasure>
      <bIsWeighted>0</bIsWeighted>
      <QtyInPackage>1</QtyInPackage>
      <ItemPrice>9.90</ItemPrice>
      <UnitOfMeasurePrice>9.9000</UnitOfMeasurePrice>
      <AllowDiscount>1</AllowDiscount>
      <ItemStatus>1</ItemStatus>
      <ItemId>253395</ItemId>
    </Item>
    <Item>
      <PriceUpdateDate>2015-01-01 00:00:00</PriceUpdateDate>
      <ItemCode>1041949</ItemCode>
      <ItemType>0</ItemType>
      <ItemName>אגוז מלך 200 גרם</ItemName>
      <ManufacturerName>,</ManufacturerName>
      <ManufactureCountry>לא ידוע</ManufactureCountry>
      <ManufacturerItemDescription>אגוז מלך 200 גרם</ManufacturerItemDescription>
      <UnitQty>גרמים</UnitQty>
      <Quantity>200.00</Quantity>
      <UnitOfMeasure>100 גרם</UnitOfMeasure>
      <bIsWeighted>0</bIsWeighted>
      <QtyInPackage>1</QtyInPackage>
      <ItemPrice>19.90</ItemPrice>
      <UnitOfMeasurePrice>9.9500</UnitOfMeasurePrice>
      <AllowDiscount>1</AllowDiscount>
      <ItemStatus>1</ItemStatus>
      <ItemId>253510</ItemId>
    </Item>
    <Item>
      <PriceUpdateDate>2015-01-01 00:00:00</PriceUpdateDate>
      <ItemCode>7290015374002</ItemCode>
      <ItemType>0</ItemType>
      <ItemName>סיגרים במילוי בשר 1</ItemName>
      <ManufacturerName>חטיפי אלקיים בעמ</ManufacturerName>
      <ManufactureCountry>לא ידוע</ManufactureCountry>
      <ManufacturerItemDescription>סיגרים במילוי בשר 1 ק"ג</ManufacturerItemDescription>
      <UnitQty>קילוגרמים</UnitQty>
      <Quantity>1.00</Quantity>
      <UnitOfMeasure>ק"ג     </UnitOfMeasure>
      <bIsWeighted>0</bIsWeighted>
      <QtyInPackage>1</QtyInPackage>
      <ItemPrice>19.90</ItemPrice>
      <UnitOfMeasurePrice>19.9000</UnitOfMeasurePrice>
      <AllowDiscount>1</AllowDiscount>
      <ItemStatus>1</ItemStatus>
      <ItemId>253396</ItemId>
    </Item>
    <Item>
      <PriceUpdateDate>2015-01-01 00:00:00</PriceUpdateDate>
      <ItemCode>7290015374019</ItemCode>
      <ItemType>0</ItemType>
      <ItemName>סיגרים במילוי תפוא 1</ItemName>
      <ManufacturerName>חטיפי אלקיים בעמ</ManufacturerName>
      <ManufactureCountry>לא ידוע</ManufactureCountry>
      <ManufacturerItemDescription>סיגרים במילוי תפוא 1 ק"ג</ManufacturerItemDescription>
      <UnitQty>קילוגרמים</UnitQty>
      <Quantity>1.00</Quantity>
      <UnitOfMeasure>ק"ג     </UnitOfMeasure>
      <bIsWeighted>0</bIsWeighted>
      <QtyInPackage>1</QtyInPackage>
      <ItemPrice>19.90</ItemPrice>
      <UnitOfMeasurePrice>19.9000</UnitOfMeasurePrice>
      <AllowDiscount>1</AllowDiscount>
      <ItemStatus>1</ItemStatus>
      <ItemId>253397</ItemId>
    </Item>
    <Item>
      <PriceUpdateDate>2015-01-01 00:00:00</PriceUpdateDate>
      <ItemCode>7290015374033</ItemCode>
      <ItemType>0</ItemType>
      <ItemName>פסטל במילוי תפוא 1 ק</ItemName>
      <ManufacturerName>חטיפי אלקיים בעמ</ManufacturerName>
      <ManufactureCountry>לא ידוע</ManufactureCountry>
      <ManufacturerItemDescription>פסטל במילוי תפוא 1 ק"ג</ManufacturerItemDescription>
      <UnitQty>קילוגרמים</UnitQty>
      <Quantity>1.00</Quantity>
      <UnitOfMeasure>ק"ג     </UnitOfMeasure>
      <bIsWeighted>0</bIsWeighted>
      <QtyInPackage>1</QtyInPackage>
      <ItemPrice>19.90</ItemPrice>
      <UnitOfMeasurePrice>19.9000</UnitOfMeasurePrice>
      <AllowDiscount>1</AllowDiscount>
      <ItemStatus>1</ItemStatus>
      <ItemId>253398</ItemId>
    </Item>
    <Item>
      <PriceUpdateDate>2015-01-01 00:00:00</PriceUpdateDate>
      <ItemCode>7290015374040</ItemCode>
      <ItemType>0</ItemType>
      <ItemName>אגרול סיני במילוי יר</ItemName>
      <ManufacturerName>חטיפי אלקיים בעמ</ManufacturerName>
      <ManufactureCountry>לא ידוע</ManufactureCountry>
      <ManufacturerItemDescription>אגרול סיני במילוי ירקות 1 ק"ג</ManufacturerItemDescription>
      <UnitQty>קילוגרמים</UnitQty>
      <Quantity>1.00</Quantity>
      <UnitOfMeasure>ק"ג     </UnitOfMeasure>
      <bIsWeighted>0</bIsWeighted>
      <QtyInPackage>1</QtyInPackage>
      <ItemPrice>19.90</ItemPrice>
      <UnitOfMeasurePrice>19.9000</UnitOfMeasurePrice>
      <AllowDiscount>1</AllowDiscount>
      <ItemStatus>1</ItemStatus>
      <ItemId>253399</ItemId>
    </Item>
    <Item>
      <PriceUpdateDate>2015-01-01 00:00:00</PriceUpdateDate>
      <ItemCode>7290015374071</ItemCode>
      <ItemType>0</ItemType>
      <ItemName>קרפלך במילוי תפוא 1</ItemName>
      <ManufacturerName>חטיפי אלקיים בעמ</ManufacturerName>
      <ManufactureCountry>לא ידוע</ManufactureCountry>
      <ManufacturerItemDescription>קרפלך במילוי תפוא 1 ק"ג</ManufacturerItemDescription>
      <UnitQty>קילוגרמים</UnitQty>
      <Quantity>1.00</Quantity>
      <UnitOfMeasure>ק"ג     </UnitOfMeasure>
      <bIsWeighted>0</bIsWeighted>
      <QtyInPackage>1</QtyInPackage>
      <ItemPrice>19.90</ItemPrice>
      <UnitOfMeasurePrice>19.9000</UnitOfMeasurePrice>
      <AllowDiscount>1</AllowDiscount>
      <ItemStatus>1</ItemStatus>
      <ItemId>253400</ItemId>
    </Item>
    <Item>
      <PriceUpdateDate>2015-01-01 00:00:00</PriceUpdateDate>
      <ItemCode>7290015374088</ItemCode>
      <ItemType>0</ItemType>
      <ItemName>חטיפי תפו"א בטעם בשר</ItemName>
      <ManufacturerName>חטיפי אלקיים בעמ</ManufacturerName>
      <ManufactureCountry>לא ידוע</ManufactureCountry>
      <ManufacturerItemDescription>חטיפי תפו"א במילוי בטעם בשר 1 ק"ג</ManufacturerItemDescription>
      <UnitQty>קילוגרמים</UnitQty>
      <Quantity>1.00</Quantity>
      <UnitOfMeasure>ק"ג     </UnitOfMeasure>
      <bIsWeighted>0</bIsWeighted>
      <QtyInPackage>1</QtyInPackage>
      <ItemPrice>19.90</ItemPrice>
      <UnitOfMeasurePrice>19.9000</UnitOfMeasurePrice>
      <AllowDiscount>1</AllowDiscount>
      <ItemStatus>1</ItemStatus>
      <ItemId>253401</ItemId>
    </Item>
    <Item>
      <PriceUpdateDate>2015-01-01 00:00:00</PriceUpdateDate>
      <ItemCode>7290015374262</ItemCode>
      <ItemType>0</ItemType>
      <ItemName>חטיפי תפו"א במילוי ת</ItemName>
      <ManufacturerName>חטיפי אלקיים בעמ</ManufacturerName>
      <ManufactureCountry>לא ידוע</ManufactureCountry>
      <ManufacturerItemDescription>חטיפי תפו"א במילוי תירס 1 ק"ג</ManufacturerItemDescription>
      <UnitQty>קילוגרמים</UnitQty>
      <Quantity>1.00</Quantity>
      <UnitOfMeasure>ק"ג     </UnitOfMeasure>
      <bIsWeighted>0</bIsWeighted>
      <QtyInPackage>1</QtyInPackage>
      <ItemPrice>19.90</ItemPrice>
      <UnitOfMeasurePrice>19.9000</UnitOfMeasurePrice>
      <AllowDiscount>1</AllowDiscount>
      <ItemStatus>1</ItemStatus>
      <ItemId>253402</ItemId>
    </Item>
    <Item>
      <PriceUpdateDate>2015-01-01 00:00:00</PriceUpdateDate>
      <ItemCode>7290015374064</ItemCode>
      <ItemType>0</ItemType>
      <ItemName>פלאפל 1 ק"ג</ItemName>
      <ManufacturerName>חטיפי אלקיים בעמ</ManufacturerName>
      <ManufactureCountry>לא ידוע</ManufactureCountry>
      <ManufacturerItemDescription>פלאפל 1 ק"ג</ManufacturerItemDescription>
      <UnitQty>קילוגרמים</UnitQty>
      <Quantity>1.00</Quantity>
      <UnitOfMeasure>ק"ג     </UnitOfMeasure>
      <bIsWeighted>0</bIsWeighted>
      <QtyInPackage>1</QtyInPackage>
      <ItemPrice>19.90</ItemPrice>
      <UnitOfMeasurePrice>19.9000</UnitOfMeasurePrice>
      <AllowDiscount>1</AllowDiscount>
      <ItemStatus>1</ItemStatus>
      <ItemId>253403</ItemId>
    </Item>
    <Item>
      <PriceUpdateDate>2015-01-01 00:00:00</PriceUpdateDate>
      <ItemCode>7290015642255</ItemCode>
      <ItemType>0</ItemType>
      <ItemName>חומוס 400 גרם</ItemName>
      <ManufacturerName>מעדני מיקי תעשיות מז</ManufacturerName>
      <ManufactureCountry>ישראל</ManufactureCountry>
      <ManufacturerItemDescription>חומוס 400 גרם</ManufacturerItemDescription>
      <UnitQty>גרמים</UnitQty>
      <Quantity>400.00</Quantity>
      <UnitOfMeasure>100 גרם</UnitOfMeasure>
      <bIsWeighted>0</bIsWeighted>
      <QtyInPackage>1</QtyInPackage>
      <ItemPrice>6.90</ItemPrice>
      <UnitOfMeasurePrice>1.7250</UnitOfMeasurePrice>
      <AllowDiscount>1</AllowDiscount>
      <ItemStatus>1</ItemStatus>
      <ItemId>253404</ItemId>
    </Item>
    <Item>
      <PriceUpdateDate>2015-01-01 00:00:00</PriceUpdateDate>
      <ItemCode>7290015642262</ItemCode>
      <ItemType>0</ItemType>
      <ItemName>חומוס מזרחי 400 גרם</ItemName>
      <ManufacturerName>מעדני מיקי תעשיות מז</ManufacturerName>
      <ManufactureCountry>ישראל</ManufactureCountry>
      <ManufacturerItemDescription>חומוס מזרחי 400 גרם</ManufacturerItemDescription>
      <UnitQty>גרמים</UnitQty>
      <Quantity>400.00</Quantity>
      <UnitOfMeasure>100 גרם</UnitOfMeasure>
      <bIsWeighted>0</bIsWeighted>
      <QtyInPackage>1</QtyInPackage>
      <ItemPrice>6.90</ItemPrice>
      <UnitOfMeasurePrice>1.7250</UnitOfMeasurePrice>
      <AllowDiscount>1</AllowDiscount>
      <ItemStatus>1</ItemStatus>
      <ItemId>253405</ItemId>
    </Item>
    <Item>
      <PriceUpdateDate>2015-01-01 00:00:00</PriceUpdateDate>
      <ItemCode>7290015642279</ItemCode>
      <ItemType>0</ItemType>
      <ItemName>חומוס אבו גוש 400 גר</ItemName>
      <ManufacturerName>מעדני מיקי תעשיות מז</ManufacturerName>
      <ManufactureCountry>ישראל</ManufactureCountry>
      <ManufacturerItemDescription>חומוס אבו גוש 400 גרם</ManufacturerItemDescription>
      <UnitQty>גרמים</UnitQty>
      <Quantity>400.00</Quantity>
      <UnitOfMeasure>100 גרם</UnitOfMeasure>
      <bIsWeighted>0</bIsWeighted>
      <QtyInPackage>1</QtyInPackage>
      <ItemPrice>6.90</ItemPrice>
      <UnitOfMeasurePrice>1.7250</UnitOfMeasurePrice>
      <AllowDiscount>1</AllowDiscount>
      <ItemStatus>1</ItemStatus>
      <ItemId>253406</ItemId>
    </Item>
    <Item>
      <PriceUpdateDate>2015-01-01 00:00:00</PriceUpdateDate>
      <ItemCode>7290015642354</ItemCode>
      <ItemType>0</ItemType>
      <ItemName>טחינה 400 גרם</ItemName>
      <ManufacturerName>מעדני מיקי תעשיות מז</ManufacturerName>
      <ManufactureCountry>ישראל</ManufactureCountry>
      <ManufacturerItemDescription>טחינה 400 גרם</ManufacturerItemDescription>
      <UnitQty>גרמים</UnitQty>
      <Quantity>400.00</Quantity>
      <UnitOfMeasure>100 גרם</UnitOfMeasure>
      <bIsWeighted>0</bIsWeighted>
      <QtyInPackage>1</QtyInPackage>
      <ItemPrice>6.90</ItemPrice>
      <UnitOfMeasurePrice>1.7250</UnitOfMeasurePrice>
      <AllowDiscount>1</AllowDiscount>
      <ItemStatus>1</ItemStatus>
      <ItemId>253407</ItemId>
    </Item>
    <Item>
      <PriceUpdateDate>2015-01-01 00:00:00</PriceUpdateDate>
      <ItemCode>7290015642361</ItemCode>
      <ItemType>0</ItemType>
      <ItemName>טחינה אסלי 400 גרם</ItemName>
      <ManufacturerName>מעדני מיקי תעשיות מז</ManufacturerName>
      <ManufactureCountry>ישראל</ManufactureCountry>
      <ManufacturerItemDescription>טחינה אסלי 400 גרם</ManufacturerItemDescription>
      <UnitQty>גרמים</UnitQty>
      <Quantity>400.00</Quantity>
      <UnitOfMeasure>100 גרם</UnitOfMeasure>
      <bIsWeighted>0</bIsWeighted>
      <QtyInPackage>1</QtyInPackage>
      <ItemPrice>6.90</ItemPrice>
      <UnitOfMeasurePrice>1.7250</UnitOfMeasurePrice>
      <AllowDiscount>1</AllowDiscount>
      <ItemStatus>1</ItemStatus>
      <ItemId>253408</ItemId>
    </Item>
    <Item>
      <PriceUpdateDate>2015-01-01 00:00:00</PriceUpdateDate>
      <ItemCode>7290015642200</ItemCode>
      <ItemType>0</ItemType>
      <ItemName>טורקי 400 גרם</ItemName>
      <ManufacturerName>מעדני מיקי תעשיות מז</ManufacturerName>
      <ManufactureCountry>ישראל</ManufactureCountry>
      <ManufacturerItemDescription>טורקי 400 גרם</ManufacturerItemDescription>
      <UnitQty>גרמים</UnitQty>
      <Quantity>400.00</Quantity>
      <UnitOfMeasure>100 גרם</UnitOfMeasure>
      <bIsWeighted>0</bIsWeighted>
      <QtyInPackage>1</QtyInPackage>
      <ItemPrice>6.90</ItemPrice>
      <UnitOfMeasurePrice>1.7250</UnitOfMeasurePrice>
      <AllowDiscount>1</AllowDiscount>
      <ItemStatus>1</ItemStatus>
      <ItemId>253409</ItemId>
    </Item>
    <Item>
      <PriceUpdateDate>2015-01-01 00:00:00</PriceUpdateDate>
      <ItemCode>7290015642217</ItemCode>
      <ItemType>0</ItemType>
      <ItemName>מטבוחה 400 גרם</ItemName>
      <ManufacturerName>מעדני מיקי תעשיות מז</ManufacturerName>
      <ManufactureCountry>ישראל</ManufactureCountry>
      <ManufacturerItemDescription>מטבוחה 400 גרם</ManufacturerItemDescription>
      <UnitQty>גרמים</UnitQty>
      <Quantity>400.00</Quantity>
      <UnitOfMeasure>100 גרם</UnitOfMeasure>
      <bIsWeighted>0</bIsWeighted>
      <QtyInPackage>1</QtyInPackage>
      <ItemPrice>6.90</ItemPrice>
      <UnitOfMeasurePrice>1.7250</UnitOfMeasurePrice>
      <AllowDiscount>1</AllowDiscount>
      <ItemStatus>1</ItemStatus>
      <ItemId>253410</ItemId>
    </Item>
    <Item>
      <PriceUpdateDate>2015-01-01 00:00:00</PriceUpdateDate>
      <ItemCode>7290015642286</ItemCode>
      <ItemType>0</ItemType>
      <ItemName>חומוס מסבחה 400 גרם</ItemName>
      <ManufacturerName>מעדני מיקי תעשיות מז</ManufacturerName>
      <ManufactureCountry>ישראל</ManufactureCountry>
      <ManufacturerItemDescription>חומוס מסבחה 400 גרם</ManufacturerItemDescription>
      <UnitQty>גרמים</UnitQty>
      <Quantity>400.00</Quantity>
      <UnitOfMeasure>100 גרם</UnitOfMeasure>
      <bIsWeighted>0</bIsWeighted>
      <QtyInPackage>1</QtyInPackage>
      <ItemPrice>9.90</ItemPrice>
      <UnitOfMeasurePrice>2.4750</UnitOfMeasurePrice>
      <AllowDiscount>1</AllowDiscount>
      <ItemStatus>1</ItemStatus>
      <ItemId>253412</ItemId>
    </Item>
    <Item>
      <PriceUpdateDate>2015-01-01 00:00:00</PriceUpdateDate>
      <ItemCode>7290015642156</ItemCode>
      <ItemType>0</ItemType>
      <ItemName>סלט סלמון נורבגי 400</ItemName>
      <ManufacturerName>מעדני מיקי תעשיות מז</ManufacturerName>
      <ManufactureCountry>ישראל</ManufactureCountry>
      <ManufacturerItemDescription>סלט סלמון נורבגי 400 גרם</ManufacturerItemDescription>
      <UnitQty>גרמים</UnitQty>
      <Quantity>400.00</Quantity>
      <UnitOfMeasure>100 גרם</UnitOfMeasure>
      <bIsWeighted>0</bIsWeighted>
      <QtyInPackage>1</QtyInPackage>
      <ItemPrice>15.90</ItemPrice>
      <UnitOfMeasurePrice>3.9750</UnitOfMeasurePrice>
      <AllowDiscount>1</AllowDiscount>
      <ItemStatus>1</ItemStatus>
      <ItemId>253414</ItemId>
    </Item>
    <Item>
      <PriceUpdateDate>2015-01-01 00:00:00</PriceUpdateDate>
      <ItemCode>7290015642309</ItemCode>
      <ItemType>0</ItemType>
      <ItemName>פילה מטיאס 400 גרם</ItemName>
      <ManufacturerName>מעדני מיקי תעשיות מז</ManufacturerName>
      <ManufactureCountry>ישראל</ManufactureCountry>
      <ManufacturerItemDescription>פילה מטיאס 400 גרם</ManufacturerItemDescription>
      <UnitQty>גרמים</UnitQty>
      <Quantity>400.00</Quantity>
      <UnitOfMeasure>100 גרם</UnitOfMeasure>
      <bIsWeighted>0</bIsWeighted>
      <QtyInPackage>1</QtyInPackage>
      <ItemPrice>15.90</ItemPrice>
      <UnitOfMeasurePrice>3.9750</UnitOfMeasurePrice>
      <AllowDiscount>1</AllowDiscount>
      <ItemStatus>1</ItemStatus>
      <ItemId>253415</ItemId>
    </Item>
    <Item>
      <PriceUpdateDate>2015-01-01 00:00:00</PriceUpdateDate>
      <ItemCode>7290015642316</ItemCode>
      <ItemType>0</ItemType>
      <ItemName>פילה הרינג כבוש 400</ItemName>
      <ManufacturerName>מעדני מיקי תעשיות מז</ManufacturerName>
      <ManufactureCountry>ישראל</ManufactureCountry>
      <ManufacturerItemDescription>פילה הרינג כבוש 400 גרם</ManufacturerItemDescription>
      <UnitQty>גרמים</UnitQty>
      <Quantity>400.00</Quantity>
      <UnitOfMeasure>100 גרם</UnitOfMeasure>
      <bIsWeighted>0</bIsWeighted>
      <QtyInPackage>1</QtyInPackage>
      <ItemPrice>15.90</ItemPrice>
      <UnitOfMeasurePrice>3.9750</UnitOfMeasurePrice>
      <AllowDiscount>1</AllowDiscount>
      <ItemStatus>1</ItemStatus>
      <ItemId>253416</ItemId>
    </Item>
    <Item>
      <PriceUpdateDate>2015-01-01 00:00:00</PriceUpdateDate>
      <ItemCode>7290015642323</ItemCode>
      <ItemType>0</ItemType>
      <ItemName>פרובנציאל 400 גרם</ItemName>
      <ManufacturerName>מעדני מיקי תעשיות מז</ManufacturerName>
      <ManufactureCountry>ישראל</ManufactureCountry>
      <ManufacturerItemDescription>פרובנציאל 400 גרם</ManufacturerItemDescription>
      <UnitQty>גרמים</UnitQty>
      <Quantity>400.00</Quantity>
      <UnitOfMeasure>100 גרם</UnitOfMeasure>
      <bIsWeighted>0</bIsWeighted>
      <QtyInPackage>1</QtyInPackage>
      <ItemPrice>15.90</ItemPrice>
      <UnitOfMeasurePrice>3.9750</UnitOfMeasurePrice>
      <AllowDiscount>1</AllowDiscount>
      <ItemStatus>1</ItemStatus>
      <ItemId>253417</ItemId>
    </Item>
    <Item>
      <PriceUpdateDate>2015-01-01 00:00:00</PriceUpdateDate>
      <ItemCode>8493703</ItemCode>
      <ItemType>0</ItemType>
      <ItemName>בייגלה שימיניות 300</ItemName>
      <ManufacturerName>מאיר בייגל</ManufacturerName>
      <ManufactureCountry>לא ידוע</ManufactureCountry>
      <ManufacturerItemDescription>בייגלה שימיניות 300 ג  מאיר בייגל</ManufacturerItemDescription>
      <UnitQty>גרמים</UnitQty>
      <Quantity>300.00</Quantity>
      <UnitOfMeasure>100 גרם</UnitOfMeasure>
      <bIsWeighted>0</bIsWeighted>
      <QtyInPackage>1</QtyInPackage>
      <ItemPrice>3.90</ItemPrice>
      <UnitOfMeasurePrice>1.3000</UnitOfMeasurePrice>
      <AllowDiscount>1</AllowDiscount>
      <ItemStatus>1</ItemStatus>
      <ItemId>253424</ItemId>
    </Item>
    <Item>
      <PriceUpdateDate>2015-01-01 00:00:00</PriceUpdateDate>
      <ItemCode>7290106527386</ItemCode>
      <ItemType>0</ItemType>
      <ItemName>פריכיות אנרגי מצופה</ItemName>
      <ManufacturerName>שטראוס</ManufacturerName>
      <ManufactureCountry>לא ידוע</ManufactureCountry>
      <ManufacturerItemDescription>פריכיות אנרגי תחתית שוקולד חלב 80 גרם</ManufacturerItemDescription>
      <UnitQty>Unknown </UnitQty>
      <Quantity>0.00</Quantity>
      <UnitOfMeasure>Unknown </UnitOfMeasure>
      <bIsWeighted>0</bIsWeighted>
      <QtyInPackage>1</QtyInPackage>
      <ItemPrice>7.50</ItemPrice>
      <UnitOfMeasurePrice>0.0000</UnitOfMeasurePrice>
      <AllowDiscount>1</AllowDiscount>
      <ItemStatus>1</ItemStatus>
      <ItemId>253438</ItemId>
    </Item>
    <Item>
      <PriceUpdateDate>2015-01-01 00:00:00</PriceUpdateDate>
      <ItemCode>2391876</ItemCode>
      <ItemType>0</ItemType>
      <ItemName>נקניקיות מרגז 400 גר</ItemName>
      <ManufacturerName>,</ManufacturerName>
      <ManufactureCountry>לא ידוע</ManufactureCountry>
      <ManufacturerItemDescription>נקניקיות מרגז 400 גרם</ManufacturerItemDescription>
      <UnitQty>גרמים</UnitQty>
      <Quantity>400.00</Quantity>
      <UnitOfMeasure>100 גרם</UnitOfMeasure>
      <bIsWeighted>0</bIsWeighted>
      <QtyInPackage>1</QtyInPackage>
      <ItemPrice>27.90</ItemPrice>
      <UnitOfMeasurePrice>6.9750</UnitOfMeasurePrice>
      <AllowDiscount>1</AllowDiscount>
      <ItemStatus>1</ItemStatus>
      <ItemId>253463</ItemId>
    </Item>
    <Item>
      <PriceUpdateDate>2015-07-29 08:12:04</PriceUpdateDate>
      <ItemCode>2391425</ItemCode>
      <ItemType>0</ItemType>
      <ItemName>סטייקונים</ItemName>
      <ManufacturerName>,</ManufacturerName>
      <ManufactureCountry>לא ידוע</ManufactureCountry>
      <ManufacturerItemDescription>סטייקונים</ManufacturerItemDescription>
      <UnitQty>Unknown </UnitQty>
      <Quantity>0.00</Quantity>
      <UnitOfMeasure>Unknown </UnitOfMeasure>
      <bIsWeighted>0</bIsWeighted>
      <QtyInPackage>1</QtyInPackage>
      <ItemPrice>43.90</ItemPrice>
      <UnitOfMeasurePrice>0.0000</UnitOfMeasurePrice>
      <AllowDiscount>1</AllowDiscount>
      <ItemStatus>1</ItemStatus>
      <ItemId>253465</ItemId>
    </Item>
    <Item>
      <PriceUpdateDate>2015-07-29 08:12:04</PriceUpdateDate>
      <ItemCode>2391760</ItemCode>
      <ItemType>0</ItemType>
      <ItemName>קבב בקר</ItemName>
      <ManufacturerName>,</ManufacturerName>
      <ManufactureCountry>לא ידוע</ManufactureCountry>
      <ManufacturerItemDescription>קבב בקר</ManufacturerItemDescription>
      <UnitQty>Unknown </UnitQty>
      <Quantity>0.00</Quantity>
      <UnitOfMeasure>Unknown </UnitOfMeasure>
      <bIsWeighted>0</bIsWeighted>
      <QtyInPackage>1</QtyInPackage>
      <ItemPrice>28.90</ItemPrice>
      <UnitOfMeasurePrice>0.0000</UnitOfMeasurePrice>
      <AllowDiscount>1</AllowDiscount>
      <ItemStatus>1</ItemStatus>
      <ItemId>253466</ItemId>
    </Item>
    <Item>
      <PriceUpdateDate>2015-01-01 00:00:00</PriceUpdateDate>
      <ItemCode>2391364</ItemCode>
      <ItemType>0</ItemType>
      <ItemName>אנטריקוט פרוס</ItemName>
      <ManufacturerName>,</ManufacturerName>
      <ManufactureCountry>לא ידוע</ManufactureCountry>
      <ManufacturerItemDescription>אנטריקוט פרוס</ManufacturerItemDescription>
      <UnitQty>קילוגרמים</UnitQty>
      <Quantity>1.00</Quantity>
      <UnitOfMeasure>ק"ג</UnitOfMeasure>
      <bIsWeighted>1</bIsWeighted>
      <QtyInPackage>לא ידוע</QtyInPackage>
      <ItemPrice>119.90</ItemPrice>
      <UnitOfMeasurePrice>119.9000</UnitOfMeasurePrice>
      <AllowDiscount>1</AllowDiscount>
      <ItemStatus>1</ItemStatus>
      <ItemId>253468</ItemId>
    </Item>
    <Item>
      <PriceUpdateDate>2015-07-29 08:12:04</PriceUpdateDate>
      <ItemCode>2391456</ItemCode>
      <ItemType>0</ItemType>
      <ItemName>המבורגר בקר</ItemName>
      <ManufacturerName>,</ManufacturerName>
      <ManufactureCountry>לא ידוע</ManufactureCountry>
      <ManufacturerItemDescription>המבורגר בקר</ManufacturerItemDescription>
      <UnitQty>קילוגרמים</UnitQty>
      <Quantity>1.00</Quantity>
      <UnitOfMeasure>ק"ג</UnitOfMeasure>
      <bIsWeighted>1</bIsWeighted>
      <QtyInPackage>לא ידוע</QtyInPackage>
      <ItemPrice>63.90</ItemPrice>
      <UnitOfMeasurePrice>63.9000</UnitOfMeasurePrice>
      <AllowDiscount>1</AllowDiscount>
      <ItemStatus>1</ItemStatus>
      <ItemId>253469</ItemId>
    </Item>
    <Item>
      <PriceUpdateDate>2015-07-29 08:12:04</PriceUpdateDate>
      <ItemCode>2391470</ItemCode>
      <ItemType>0</ItemType>
      <ItemName>בשר כבוש</ItemName>
      <ManufacturerName>,</ManufacturerName>
      <ManufactureCountry>לא ידוע</ManufactureCountry>
      <ManufacturerItemDescription>בשר כבוש</ManufacturerItemDescription>
      <UnitQty>קילוגרמים</UnitQty>
      <Quantity>1.00</Quantity>
      <UnitOfMeasure>ק"ג</UnitOfMeasure>
      <bIsWeighted>1</bIsWeighted>
      <QtyInPackage>לא ידוע</QtyInPackage>
      <ItemPrice>82.90</ItemPrice>
      <UnitOfMeasurePrice>82.9000</UnitOfMeasurePrice>
      <AllowDiscount>1</AllowDiscount>
      <ItemStatus>1</ItemStatus>
      <ItemId>253470</ItemId>
    </Item>
    <Item>
      <PriceUpdateDate>2015-01-01 00:00:00</PriceUpdateDate>
      <ItemCode>2391791</ItemCode>
      <ItemType>0</ItemType>
      <ItemName>רולדה מתובל</ItemName>
      <ManufacturerName>,</ManufacturerName>
      <ManufactureCountry>לא ידוע</ManufactureCountry>
      <ManufacturerItemDescription>רולדה מתובל</ManufacturerItemDescription>
      <UnitQty>קילוגרמים</UnitQty>
      <Quantity>1.00</Quantity>
      <UnitOfMeasure>ק"ג</UnitOfMeasure>
      <bIsWeighted>1</bIsWeighted>
      <QtyInPackage>לא ידוע</QtyInPackage>
      <ItemPrice>42.90</ItemPrice>
      <UnitOfMeasurePrice>42.9000</UnitOfMeasurePrice>
      <AllowDiscount>1</AllowDiscount>
      <ItemStatus>1</ItemStatus>
      <ItemId>253473</ItemId>
    </Item>
    <Item>
      <PriceUpdateDate>2015-01-01 00:00:00</PriceUpdateDate>
      <ItemCode>7290014581036</ItemCode>
      <ItemType>0</ItemType>
      <ItemName>פחם דליק 2 ק"ג</ItemName>
      <ManufacturerName>,</ManufacturerName>
      <ManufactureCountry>לא ידוע</ManufactureCountry>
      <ManufacturerItemDescription>פחם דליק 2 ק"ג</ManufacturerItemDescription>
      <UnitQty>קילוגרמים</UnitQty>
      <Quantity>2.00</Quantity>
      <UnitOfMeasure>ק"ג     </UnitOfMeasure>
      <bIsWeighted>0</bIsWeighted>
      <QtyInPackage>1</QtyInPackage>
      <ItemPrice>8.90</ItemPrice>
      <UnitOfMeasurePrice>4.4500</UnitOfMeasurePrice>
      <AllowDiscount>1</AllowDiscount>
      <ItemStatus>1</ItemStatus>
      <ItemId>253479</ItemId>
    </Item>
    <Item>
      <PriceUpdateDate>2015-01-01 00:00:00</PriceUpdateDate>
      <ItemCode>7290014581340</ItemCode>
      <ItemType>0</ItemType>
      <ItemName>פחם עץ הדרים 9 ק"ג</ItemName>
      <ManufacturerName>,</ManufacturerName>
      <ManufactureCountry>לא ידוע</ManufactureCountry>
      <ManufacturerItemDescription>פחם עץ הדרים 9 ק"ג</ManufacturerItemDescription>
      <UnitQty>קילוגרמים</UnitQty>
      <Quantity>9.00</Quantity>
      <UnitOfMeasure>ק"ג     </UnitOfMeasure>
      <bIsWeighted>0</bIsWeighted>
      <QtyInPackage>1</QtyInPackage>
      <ItemPrice>39.90</ItemPrice>
      <UnitOfMeasurePrice>4.4333</UnitOfMeasurePrice>
      <AllowDiscount>1</AllowDiscount>
      <ItemStatus>1</ItemStatus>
      <ItemId>253480</ItemId>
    </Item>
    <Item>
      <PriceUpdateDate>2015-01-01 00:00:00</PriceUpdateDate>
      <ItemCode>7290015640480</ItemCode>
      <ItemType>0</ItemType>
      <ItemName>מרכך כביסה כחול מגיק</ItemName>
      <ManufacturerName>,</ManufacturerName>
      <ManufactureCountry>לא ידוע</ManufactureCountry>
      <ManufacturerItemDescription>מרכך כביסה כחול מגיק 4.8 ליטר</ManufacturerItemDescription>
      <UnitQty>ליטרים</UnitQty>
      <Quantity>4.80</Quantity>
      <UnitOfMeasure>ליטר    </UnitOfMeasure>
      <bIsWeighted>0</bIsWeighted>
      <QtyInPackage>1</QtyInPackage>
      <ItemPrice>14.90</ItemPrice>
      <UnitOfMeasurePrice>3.1042</UnitOfMeasurePrice>
      <AllowDiscount>1</AllowDiscount>
      <ItemStatus>1</ItemStatus>
      <ItemId>253482</ItemId>
    </Item>
    <Item>
      <PriceUpdateDate>2015-01-01 00:00:00</PriceUpdateDate>
      <ItemCode>7290015640497</ItemCode>
      <ItemType>0</ItemType>
      <ItemName>מרכך כביסה ורוד מגיק</ItemName>
      <ManufacturerName>,</ManufacturerName>
      <ManufactureCountry>לא ידוע</ManufactureCountry>
      <ManufacturerItemDescription>מרכך כביסה ורוד מגיק 4.8 ליטר</ManufacturerItemDescription>
      <UnitQty>ליטרים</UnitQty>
      <Quantity>4.80</Quantity>
      <UnitOfMeasure>ליטר    </UnitOfMeasure>
      <bIsWeighted>0</bIsWeighted>
      <QtyInPackage>1</QtyInPackage>
      <ItemPrice>14.90</ItemPrice>
      <UnitOfMeasurePrice>3.1042</UnitOfMeasurePrice>
      <AllowDiscount>1</AllowDiscount>
      <ItemStatus>1</ItemStatus>
      <ItemId>253483</ItemId>
    </Item>
    <Item>
      <PriceUpdateDate>2015-05-27 08:23:57</PriceUpdateDate>
      <ItemCode>8710502194825</ItemCode>
      <ItemType>0</ItemType>
      <ItemName>עוגיות שוקולד ציפס מ</ItemName>
      <ManufacturerName>,</ManufacturerName>
      <ManufactureCountry>לא ידוע</ManufactureCountry>
      <ManufacturerItemDescription>עוגיות שוקולד ציפס מרבה 150 גרם</ManufacturerItemDescription>
      <UnitQty>גרמים</UnitQty>
      <Quantity>150.00</Quantity>
      <UnitOfMeasure>100 גרם</UnitOfMeasure>
      <bIsWeighted>0</bIsWeighted>
      <QtyInPackage>1</QtyInPackage>
      <ItemPrice>4.90</ItemPrice>
      <UnitOfMeasurePrice>3.2667</UnitOfMeasurePrice>
      <AllowDiscount>1</AllowDiscount>
      <ItemStatus>1</ItemStatus>
      <ItemId>253485</ItemId>
    </Item>
    <Item>
      <PriceUpdateDate>2015-01-01 00:00:00</PriceUpdateDate>
      <ItemCode>7290013584816</ItemCode>
      <ItemType>0</ItemType>
      <ItemName>פריגת פאלפ לימונענע</ItemName>
      <ManufacturerName>פריגת</ManufacturerName>
      <ManufactureCountry>לא ידוע</ManufactureCountry>
      <ManufacturerItemDescription>פריגת פאלפ לימונענע 1.5 ליטר</ManufacturerItemDescription>
      <UnitQty>ליטרים</UnitQty>
      <Quantity>1.50</Quantity>
      <UnitOfMeasure>ליטר    </UnitOfMeasure>
      <bIsWeighted>0</bIsWeighted>
      <QtyInPackage>1</QtyInPackage>
      <ItemPrice>5.90</ItemPrice>
      <UnitOfMeasurePrice>3.9333</UnitOfMeasurePrice>
      <AllowDiscount>1</AllowDiscount>
      <ItemStatus>1</ItemStatus>
      <ItemId>253486</ItemId>
    </Item>
    <Item>
      <PriceUpdateDate>2015-01-01 00:00:00</PriceUpdateDate>
      <ItemCode>7290012117411</ItemCode>
      <ItemType>0</ItemType>
      <ItemName>גל רחצה קרמה מן במבו</ItemName>
      <ManufacturerName>קוסמופארם</ManufacturerName>
      <ManufactureCountry>לא ידוע</ManufactureCountry>
      <ManufacturerItemDescription>גל רחצה קרמה מן במבוק</ManufacturerItemDescription>
      <UnitQty>מיליליטרים</UnitQty>
      <Quantity>700.00</Quantity>
      <UnitOfMeasure>100 מ"ל</UnitOfMeasure>
      <bIsWeighted>0</bIsWeighted>
      <QtyInPackage>1</QtyInPackage>
      <ItemPrice>14.90</ItemPrice>
      <UnitOfMeasurePrice>2.1286</UnitOfMeasurePrice>
      <AllowDiscount>1</AllowDiscount>
      <ItemStatus>1</ItemStatus>
      <ItemId>253488</ItemId>
    </Item>
    <Item>
      <PriceUpdateDate>2015-09-16 14:46:07</PriceUpdateDate>
      <ItemCode>7290004771652</ItemCode>
      <ItemType>1</ItemType>
      <ItemName>קוסקוס עבה 900 גרם</ItemName>
      <ManufacturerName>,</ManufacturerName>
      <ManufactureCountry>לא ידוע</ManufactureCountry>
      <ManufacturerItemDescription>קוסקוס עבה 900 גרם</ManufacturerItemDescription>
      <UnitQty>גרמים</UnitQty>
      <Quantity>900.00</Quantity>
      <UnitOfMeasure>100 גרם</UnitOfMeasure>
      <bIsWeighted>0</bIsWeighted>
      <QtyInPackage>1</QtyInPackage>
      <ItemPrice>7.90</ItemPrice>
      <UnitOfMeasurePrice>0.8778</UnitOfMeasurePrice>
      <AllowDiscount>1</AllowDiscount>
      <ItemStatus>1</ItemStatus>
      <ItemId>265334</ItemId>
    </Item>
    <Item>
      <PriceUpdateDate>2015-01-01 00:00:00</PriceUpdateDate>
      <ItemCode>7290012117428</ItemCode>
      <ItemType>0</ItemType>
      <ItemName>גל רחצה ושמפו קרמה מ</ItemName>
      <ManufacturerName>קוסמופארם</ManufacturerName>
      <ManufactureCountry>לא ידוע</ManufactureCountry>
      <ManufacturerItemDescription>שמפו וגל רחצה קרמה מן</ManufacturerItemDescription>
      <UnitQty>מיליליטרים</UnitQty>
      <Quantity>700.00</Quantity>
      <UnitOfMeasure>100 מ"ל</UnitOfMeasure>
      <bIsWeighted>0</bIsWeighted>
      <QtyInPackage>1</QtyInPackage>
      <ItemPrice>14.90</ItemPrice>
      <UnitOfMeasurePrice>2.1286</UnitOfMeasurePrice>
      <AllowDiscount>1</AllowDiscount>
      <ItemStatus>1</ItemStatus>
      <ItemId>253489</ItemId>
    </Item>
    <Item>
      <PriceUpdateDate>2015-01-01 00:00:00</PriceUpdateDate>
      <ItemCode>7290012117435</ItemCode>
      <ItemType>0</ItemType>
      <ItemName>גל רחצה קרמה מן אלוו</ItemName>
      <ManufacturerName>קוסמופארם</ManufacturerName>
      <ManufactureCountry>לא ידוע</ManufactureCountry>
      <ManufacturerItemDescription>גל רחצה קרמה מן אלוורה</ManufacturerItemDescription>
      <UnitQty>מיליליטרים</UnitQty>
      <Quantity>700.00</Quantity>
      <UnitOfMeasure>100 מ"ל</UnitOfMeasure>
      <bIsWeighted>0</bIsWeighted>
      <QtyInPackage>1</QtyInPackage>
      <ItemPrice>14.90</ItemPrice>
      <UnitOfMeasurePrice>2.1286</UnitOfMeasurePrice>
      <AllowDiscount>1</AllowDiscount>
      <ItemStatus>1</ItemStatus>
      <ItemId>253490</ItemId>
    </Item>
    <Item>
      <PriceUpdateDate>2015-01-01 00:00:00</PriceUpdateDate>
      <ItemCode>5425783</ItemCode>
      <ItemType>0</ItemType>
      <ItemName>קרם גוף קרמה קלאסי</ItemName>
      <ManufacturerName>קוסמופארם</ManufacturerName>
      <ManufactureCountry>לא ידוע</ManufactureCountry>
      <ManufacturerItemDescription>קרם גוף קרמה קלאסי 500 מ"ל</ManufacturerItemDescription>
      <UnitQty>מיליליטרים</UnitQty>
      <Quantity>500.00</Quantity>
      <UnitOfMeasure>100 מ"ל</UnitOfMeasure>
      <bIsWeighted>0</bIsWeighted>
      <QtyInPackage>1</QtyInPackage>
      <ItemPrice>24.90</ItemPrice>
      <UnitOfMeasurePrice>4.9800</UnitOfMeasurePrice>
      <AllowDiscount>1</AllowDiscount>
      <ItemStatus>1</ItemStatus>
      <ItemId>253498</ItemId>
    </Item>
    <Item>
      <PriceUpdateDate>2016-01-24 10:27:11</PriceUpdateDate>
      <ItemCode>7290100653463</ItemCode>
      <ItemType>0</ItemType>
      <ItemName>סבון נוזלי פלמוליב ס</ItemName>
      <ManufacturerName>קולגייט פלמוליב</ManufacturerName>
      <ManufactureCountry>לא ידוע</ManufactureCountry>
      <ManufacturerItemDescription>סבון נוזלי פלמוליב ספא מסאג 500 מ"ל</ManufacturerItemDescription>
      <UnitQty>מיליליטרים</UnitQty>
      <Quantity>500.00</Quantity>
      <UnitOfMeasure>100 מ"ל</UnitOfMeasure>
      <bIsWeighted>0</bIsWeighted>
      <QtyInPackage>1</QtyInPackage>
      <ItemPrice>12.80</ItemPrice>
      <UnitOfMeasurePrice>2.5600</UnitOfMeasurePrice>
      <AllowDiscount>1</AllowDiscount>
      <ItemStatus>1</ItemStatus>
      <ItemId>253504</ItemId>
    </Item>
    <Item>
      <PriceUpdateDate>2015-01-01 00:00:00</PriceUpdateDate>
      <ItemCode>2319917</ItemCode>
      <ItemType>0</ItemType>
      <ItemName>גרעין שחור קלוי 150</ItemName>
      <ManufacturerName>מיה תעשיות מזון בעמ</ManufacturerName>
      <ManufactureCountry>ישראל</ManufactureCountry>
      <ManufacturerItemDescription>גרעין שחור קלוי 150 גרם</ManufacturerItemDescription>
      <UnitQty>גרמים</UnitQty>
      <Quantity>150.00</Quantity>
      <UnitOfMeasure>100 גרם</UnitOfMeasure>
      <bIsWeighted>0</bIsWeighted>
      <QtyInPackage>1</QtyInPackage>
      <ItemPrice>4.90</ItemPrice>
      <UnitOfMeasurePrice>3.2667</UnitOfMeasurePrice>
      <AllowDiscount>1</AllowDiscount>
      <ItemStatus>1</ItemStatus>
      <ItemId>253511</ItemId>
    </Item>
    <Item>
      <PriceUpdateDate>2015-01-01 00:00:00</PriceUpdateDate>
      <ItemCode>4084500371453</ItemCode>
      <ItemType>0</ItemType>
      <ItemName>אבקת כביסה טייד אלפי</ItemName>
      <ManufacturerName>פרוקטר</ManufacturerName>
      <ManufactureCountry>לא ידוע</ManufactureCountry>
      <ManufacturerItemDescription>א.כביסה טייד אלפיין 8 ק"ג</ManufacturerItemDescription>
      <UnitQty>קילוגרמים</UnitQty>
      <Quantity>8.00</Quantity>
      <UnitOfMeasure>ק"ג     </UnitOfMeasure>
      <bIsWeighted>0</bIsWeighted>
      <QtyInPackage>1</QtyInPackage>
      <ItemPrice>37.90</ItemPrice>
      <UnitOfMeasurePrice>4.7375</UnitOfMeasurePrice>
      <AllowDiscount>1</AllowDiscount>
      <ItemStatus>1</ItemStatus>
      <ItemId>253531</ItemId>
    </Item>
    <Item>
      <PriceUpdateDate>2015-07-27 14:48:25</PriceUpdateDate>
      <ItemCode>4084500371422</ItemCode>
      <ItemType>0</ItemType>
      <ItemName>אבקת כביסה אריאל שוש</ItemName>
      <ManufacturerName>פרוקטר</ManufacturerName>
      <ManufactureCountry>לא ידוע</ManufactureCountry>
      <ManufacturerItemDescription>א.כביסה אריאל שושן צחור 8 ק"ג</ManufacturerItemDescription>
      <UnitQty>קילוגרמים</UnitQty>
      <Quantity>8.00</Quantity>
      <UnitOfMeasure>ק"ג     </UnitOfMeasure>
      <bIsWeighted>0</bIsWeighted>
      <QtyInPackage>1</QtyInPackage>
      <ItemPrice>49.90</ItemPrice>
      <UnitOfMeasurePrice>6.2375</UnitOfMeasurePrice>
      <AllowDiscount>1</AllowDiscount>
      <ItemStatus>1</ItemStatus>
      <ItemId>253532</ItemId>
    </Item>
    <Item>
      <PriceUpdateDate>2015-01-01 00:00:00</PriceUpdateDate>
      <ItemCode>8636995</ItemCode>
      <ItemType>0</ItemType>
      <ItemName>גרעין דלעת קלוף  100</ItemName>
      <ManufacturerName>,</ManufacturerName>
      <ManufactureCountry>לא ידוע</ManufactureCountry>
      <ManufacturerItemDescription>גרעין דלעת קלוף 100 גרם</ManufacturerItemDescription>
      <UnitQty>גרמים</UnitQty>
      <Quantity>100.00</Quantity>
      <UnitOfMeasure>100 גרם</UnitOfMeasure>
      <bIsWeighted>0</bIsWeighted>
      <QtyInPackage>1</QtyInPackage>
      <ItemPrice>6.90</ItemPrice>
      <UnitOfMeasurePrice>6.9000</UnitOfMeasurePrice>
      <AllowDiscount>1</AllowDiscount>
      <ItemStatus>1</ItemStatus>
      <ItemId>253533</ItemId>
    </Item>
    <Item>
      <PriceUpdateDate>2016-03-03 11:01:02</PriceUpdateDate>
      <ItemCode>7290105439499</ItemCode>
      <ItemType>0</ItemType>
      <ItemName>מיונז מאסטר שף 480 ג</ItemName>
      <ManufacturerName>רמיה סי.וי. הולנד</ManufacturerName>
      <ManufactureCountry>הולנד</ManufactureCountry>
      <ManufacturerItemDescription>מיונז מאסטר שף 480 גרם</ManufacturerItemDescription>
      <UnitQty>גרמים</UnitQty>
      <Quantity>480.00</Quantity>
      <UnitOfMeasure>100 גרם</UnitOfMeasure>
      <bIsWeighted>0</bIsWeighted>
      <QtyInPackage>1</QtyInPackage>
      <ItemPrice>9.90</ItemPrice>
      <UnitOfMeasurePrice>2.0625</UnitOfMeasurePrice>
      <AllowDiscount>1</AllowDiscount>
      <ItemStatus>1</ItemStatus>
      <ItemId>267170</ItemId>
    </Item>
    <Item>
      <PriceUpdateDate>2015-11-15 17:16:05</PriceUpdateDate>
      <ItemCode>7290107934497</ItemCode>
      <ItemType>0</ItemType>
      <ItemName>מארז דנונה אקטיביה 1</ItemName>
      <ManufacturerName>שטראוס</ManufacturerName>
      <ManufactureCountry>לא ידוע</ManufactureCountry>
      <ManufacturerItemDescription>מאר דנונה אקטיביה 1.5% 4*150 מ"ל</ManufacturerItemDescription>
      <UnitQty>מיליליטרים</UnitQty>
      <Quantity>600.00</Quantity>
      <UnitOfMeasure>100 מ"ל</UnitOfMeasure>
      <bIsWeighted>0</bIsWeighted>
      <QtyInPackage>1</QtyInPackage>
      <ItemPrice>9.90</ItemPrice>
      <UnitOfMeasurePrice>1.6500</UnitOfMeasurePrice>
      <AllowDiscount>1</AllowDiscount>
      <ItemStatus>1</ItemStatus>
      <ItemId>265820</ItemId>
    </Item>
    <Item>
      <PriceUpdateDate>2015-09-09 13:06:03</PriceUpdateDate>
      <ItemCode>2753223</ItemCode>
      <ItemType>0</ItemType>
      <ItemName>סוכריות טיק טק תפוז</ItemName>
      <ManufacturerName>פררו</ManufacturerName>
      <ManufactureCountry>לא ידוע</ManufactureCountry>
      <ManufacturerItemDescription>סוכריות טיק טק תפוז 1/4</ManufacturerItemDescription>
      <UnitQty>Unknown </UnitQty>
      <Quantity>0.00</Quantity>
      <UnitOfMeasure>Unknown </UnitOfMeasure>
      <bIsWeighted>0</bIsWeighted>
      <QtyInPackage>1</QtyInPackage>
      <ItemPrice>8.90</ItemPrice>
      <UnitOfMeasurePrice>0.0000</UnitOfMeasurePrice>
      <AllowDiscount>1</AllowDiscount>
      <ItemStatus>1</ItemStatus>
      <ItemId>265260</ItemId>
    </Item>
    <Item>
      <PriceUpdateDate>2015-01-01 00:00:00</PriceUpdateDate>
      <ItemCode>7290103680244</ItemCode>
      <ItemType>0</ItemType>
      <ItemName>יין תבור פנינים רוזה</ItemName>
      <ManufacturerName>תבור</ManufacturerName>
      <ManufactureCountry>לא ידוע</ManufactureCountry>
      <ManufacturerItemDescription>יין תבור פנינים רוזה 750 מ"ל</ManufacturerItemDescription>
      <UnitQty>מיליליטרים</UnitQty>
      <Quantity>750.00</Quantity>
      <UnitOfMeasure>100 מ"ל</UnitOfMeasure>
      <bIsWeighted>0</bIsWeighted>
      <QtyInPackage>1</QtyInPackage>
      <ItemPrice>29.90</ItemPrice>
      <UnitOfMeasurePrice>3.9867</UnitOfMeasurePrice>
      <AllowDiscount>1</AllowDiscount>
      <ItemStatus>1</ItemStatus>
      <ItemId>253555</ItemId>
    </Item>
    <Item>
      <PriceUpdateDate>2015-01-01 00:00:00</PriceUpdateDate>
      <ItemCode>4009900455299</ItemCode>
      <ItemType>0</ItemType>
      <ItemName>סוכריות סקיטלס פירות</ItemName>
      <ManufacturerName>ריגלי</ManufacturerName>
      <ManufactureCountry>לא ידוע</ManufactureCountry>
      <ManufacturerItemDescription>סוכריות סקיטלס פירות 174 גרם</ManufacturerItemDescription>
      <UnitQty>גרמים</UnitQty>
      <Quantity>174.00</Quantity>
      <UnitOfMeasure>100 גרם</UnitOfMeasure>
      <bIsWeighted>0</bIsWeighted>
      <QtyInPackage>1</QtyInPackage>
      <ItemPrice>7.90</ItemPrice>
      <UnitOfMeasurePrice>4.5402</UnitOfMeasurePrice>
      <AllowDiscount>1</AllowDiscount>
      <ItemStatus>1</ItemStatus>
      <ItemId>253557</ItemId>
    </Item>
    <Item>
      <PriceUpdateDate>2015-01-01 00:00:00</PriceUpdateDate>
      <ItemCode>4009900465304</ItemCode>
      <ItemType>0</ItemType>
      <ItemName>סוכריות סקיטלס פירות</ItemName>
      <ManufacturerName>ריגלי</ManufacturerName>
      <ManufactureCountry>לא ידוע</ManufactureCountry>
      <ManufacturerItemDescription>סוכריות סקיטלס פירות חמוצים 174 גרם</ManufacturerItemDescription>
      <UnitQty>גרמים</UnitQty>
      <Quantity>174.00</Quantity>
      <UnitOfMeasure>100 גרם</UnitOfMeasure>
      <bIsWeighted>0</bIsWeighted>
      <QtyInPackage>1</QtyInPackage>
      <ItemPrice>7.90</ItemPrice>
      <UnitOfMeasurePrice>4.5402</UnitOfMeasurePrice>
      <AllowDiscount>1</AllowDiscount>
      <ItemStatus>1</ItemStatus>
      <ItemId>253558</ItemId>
    </Item>
    <Item>
      <PriceUpdateDate>2015-01-01 00:00:00</PriceUpdateDate>
      <ItemCode>8470827</ItemCode>
      <ItemType>0</ItemType>
      <ItemName>מסטיק פייב אבטיח רבי</ItemName>
      <ManufacturerName>ריגלי</ManufacturerName>
      <ManufactureCountry>לא ידוע</ManufactureCountry>
      <ManufacturerItemDescription>מסטיק פייב אבטיח רביעייה</ManufacturerItemDescription>
      <UnitQty>Unknown </UnitQty>
      <Quantity>0.00</Quantity>
      <UnitOfMeasure>Unknown </UnitOfMeasure>
      <bIsWeighted>0</bIsWeighted>
      <QtyInPackage>1</QtyInPackage>
      <ItemPrice>16.90</ItemPrice>
      <UnitOfMeasurePrice>0.0000</UnitOfMeasurePrice>
      <AllowDiscount>1</AllowDiscount>
      <ItemStatus>1</ItemStatus>
      <ItemId>253563</ItemId>
    </Item>
    <Item>
      <PriceUpdateDate>2015-01-01 00:00:00</PriceUpdateDate>
      <ItemCode>8470810</ItemCode>
      <ItemType>0</ItemType>
      <ItemName>מסטיק פייב פפרמינט ר</ItemName>
      <ManufacturerName>ריגלי</ManufacturerName>
      <ManufactureCountry>לא ידוע</ManufactureCountry>
      <ManufacturerItemDescription>מסטיק פייב פפרמינט רביעייה</ManufacturerItemDescription>
      <UnitQty>Unknown </UnitQty>
      <Quantity>0.00</Quantity>
      <UnitOfMeasure>Unknown </UnitOfMeasure>
      <bIsWeighted>0</bIsWeighted>
      <QtyInPackage>1</QtyInPackage>
      <ItemPrice>16.90</ItemPrice>
      <UnitOfMeasurePrice>0.0000</UnitOfMeasurePrice>
      <AllowDiscount>1</AllowDiscount>
      <ItemStatus>1</ItemStatus>
      <ItemId>253564</ItemId>
    </Item>
    <Item>
      <PriceUpdateDate>2015-01-01 00:00:00</PriceUpdateDate>
      <ItemCode>7290102396726</ItemCode>
      <ItemType>0</ItemType>
      <ItemName>מולר סימפלי פרוט אפר</ItemName>
      <ManufacturerName>טרה</ManufacturerName>
      <ManufactureCountry>לא ידוע</ManufactureCountry>
      <ManufacturerItemDescription>מולר סימפלי פרוט אפרסק 0% 150 גרם</ManufacturerItemDescription>
      <UnitQty>גרמים</UnitQty>
      <Quantity>150.00</Quantity>
      <UnitOfMeasure>100 גרם</UnitOfMeasure>
      <bIsWeighted>0</bIsWeighted>
      <QtyInPackage>1</QtyInPackage>
      <ItemPrice>4.80</ItemPrice>
      <UnitOfMeasurePrice>3.2000</UnitOfMeasurePrice>
      <AllowDiscount>1</AllowDiscount>
      <ItemStatus>1</ItemStatus>
      <ItemId>253654</ItemId>
    </Item>
    <Item>
      <PriceUpdateDate>2015-01-01 00:00:00</PriceUpdateDate>
      <ItemCode>7290102396733</ItemCode>
      <ItemType>0</ItemType>
      <ItemName>מולר סימפלי פרוט פיר</ItemName>
      <ManufacturerName>טרה</ManufacturerName>
      <ManufactureCountry>לא ידוע</ManufactureCountry>
      <ManufacturerItemDescription>מולר סימפלי פרוט פירות יער 0% 150 גרם</ManufacturerItemDescription>
      <UnitQty>גרמים</UnitQty>
      <Quantity>150.00</Quantity>
      <UnitOfMeasure>100 גרם</UnitOfMeasure>
      <bIsWeighted>0</bIsWeighted>
      <QtyInPackage>1</QtyInPackage>
      <ItemPrice>4.80</ItemPrice>
      <UnitOfMeasurePrice>3.2000</UnitOfMeasurePrice>
      <AllowDiscount>1</AllowDiscount>
      <ItemStatus>1</ItemStatus>
      <ItemId>253655</ItemId>
    </Item>
    <Item>
      <PriceUpdateDate>2015-01-01 00:00:00</PriceUpdateDate>
      <ItemCode>7290102396740</ItemCode>
      <ItemType>0</ItemType>
      <ItemName>מאגדת 8 מולר סימפלי</ItemName>
      <ManufacturerName>טרה</ManufacturerName>
      <ManufactureCountry>לא ידוע</ManufactureCountry>
      <ManufacturerItemDescription>מאגדת 8 מולר סימפלי פרוט תות ואפרסק</ManufacturerItemDescription>
      <UnitQty>ליטרים</UnitQty>
      <Quantity>1.20</Quantity>
      <UnitOfMeasure>ליטר    </UnitOfMeasure>
      <bIsWeighted>0</bIsWeighted>
      <QtyInPackage>1</QtyInPackage>
      <ItemPrice>27.90</ItemPrice>
      <UnitOfMeasurePrice>23.2500</UnitOfMeasurePrice>
      <AllowDiscount>1</AllowDiscount>
      <ItemStatus>1</ItemStatus>
      <ItemId>253656</ItemId>
    </Item>
    <Item>
      <PriceUpdateDate>2015-12-10 18:05:11</PriceUpdateDate>
      <ItemCode>7290100924594</ItemCode>
      <ItemType>0</ItemType>
      <ItemName>מרכך כביסה סוד מרוכז</ItemName>
      <ManufacturerName>הנקל סוד</ManufacturerName>
      <ManufactureCountry>לא ידוע</ManufactureCountry>
      <ManufacturerItemDescription>מ.כביסה סוד מרוכז ורוד 900 מ"ל</ManufacturerItemDescription>
      <UnitQty>מיליליטרים</UnitQty>
      <Quantity>900.00</Quantity>
      <UnitOfMeasure>100 מ"ל</UnitOfMeasure>
      <bIsWeighted>0</bIsWeighted>
      <QtyInPackage>1</QtyInPackage>
      <ItemPrice>14.90</ItemPrice>
      <UnitOfMeasurePrice>1.6556</UnitOfMeasurePrice>
      <AllowDiscount>1</AllowDiscount>
      <ItemStatus>1</ItemStatus>
      <ItemId>266030</ItemId>
    </Item>
    <Item>
      <PriceUpdateDate>2016-08-10 11:25:33</PriceUpdateDate>
      <ItemCode>7290106574120</ItemCode>
      <ItemType>1</ItemType>
      <ItemName>קרחון גומיגם</ItemName>
      <ManufacturerName>נסטלה</ManufacturerName>
      <ManufactureCountry>לא ידוע</ManufactureCountry>
      <ManufacturerItemDescription>קרחון גומיגם</ManufacturerItemDescription>
      <UnitQty>Unknown </UnitQty>
      <Quantity>0.00</Quantity>
      <UnitOfMeasure>Unknown </UnitOfMeasure>
      <bIsWeighted>0</bIsWeighted>
      <QtyInPackage>1</QtyInPackage>
      <ItemPrice>5.90</ItemPrice>
      <UnitOfMeasurePrice>0.0000</UnitOfMeasurePrice>
      <AllowDiscount>1</AllowDiscount>
      <ItemStatus>1</ItemStatus>
      <ItemId>269383</ItemId>
    </Item>
    <Item>
      <PriceUpdateDate>2015-01-01 00:00:00</PriceUpdateDate>
      <ItemCode>7290014258389</ItemCode>
      <ItemType>0</ItemType>
      <ItemName>מטרנה מהדרין ספיישל</ItemName>
      <ManufacturerName>מטרנה</ManufacturerName>
      <ManufactureCountry>ישראל</ManufactureCountry>
      <ManufacturerItemDescription>מטרנה מהדרין ספיישל 400 גרם</ManufacturerItemDescription>
      <UnitQty>גרמים</UnitQty>
      <Quantity>400.00</Quantity>
      <UnitOfMeasure>100 גרם</UnitOfMeasure>
      <bIsWeighted>0</bIsWeighted>
      <QtyInPackage>1</QtyInPackage>
      <ItemPrice>44.90</ItemPrice>
      <UnitOfMeasurePrice>11.2250</UnitOfMeasurePrice>
      <AllowDiscount>1</AllowDiscount>
      <ItemStatus>1</ItemStatus>
      <ItemId>253706</ItemId>
    </Item>
    <Item>
      <PriceUpdateDate>2015-01-01 00:00:00</PriceUpdateDate>
      <ItemCode>7290014603646</ItemCode>
      <ItemType>0</ItemType>
      <ItemName>שוגי ללא גלוטן 375 ג</ItemName>
      <ManufacturerName>יוניליוור</ManufacturerName>
      <ManufactureCountry>איטליה</ManufactureCountry>
      <ManufacturerItemDescription>שוגי ללא גלוטן 375 גרם</ManufacturerItemDescription>
      <UnitQty>גרמים</UnitQty>
      <Quantity>375.00</Quantity>
      <UnitOfMeasure>100 גרם</UnitOfMeasure>
      <bIsWeighted>0</bIsWeighted>
      <QtyInPackage>1</QtyInPackage>
      <ItemPrice>19.90</ItemPrice>
      <UnitOfMeasurePrice>5.3067</UnitOfMeasurePrice>
      <AllowDiscount>1</AllowDiscount>
      <ItemStatus>1</ItemStatus>
      <ItemId>253707</ItemId>
    </Item>
    <Item>
      <PriceUpdateDate>2015-01-01 00:00:00</PriceUpdateDate>
      <ItemCode>710069812109</ItemCode>
      <ItemType>0</ItemType>
      <ItemName>רסק עגבניות 425 גרם</ItemName>
      <ManufacturerName>,</ManufacturerName>
      <ManufactureCountry>לא ידוע</ManufactureCountry>
      <ManufacturerItemDescription>רסק עגבניות 425 גרם</ManufacturerItemDescription>
      <UnitQty>גרמים</UnitQty>
      <Quantity>425.00</Quantity>
      <UnitOfMeasure>100 גרם</UnitOfMeasure>
      <bIsWeighted>0</bIsWeighted>
      <QtyInPackage>1</QtyInPackage>
      <ItemPrice>4.90</ItemPrice>
      <UnitOfMeasurePrice>1.1529</UnitOfMeasurePrice>
      <AllowDiscount>1</AllowDiscount>
      <ItemStatus>1</ItemStatus>
      <ItemId>253784</ItemId>
    </Item>
    <Item>
      <PriceUpdateDate>2015-01-01 00:00:00</PriceUpdateDate>
      <ItemCode>96619141968</ItemCode>
      <ItemType>0</ItemType>
      <ItemName>דובדבנים מיובשים 567</ItemName>
      <ManufacturerName>,</ManufacturerName>
      <ManufactureCountry>לא ידוע</ManufactureCountry>
      <ManufacturerItemDescription>דובדבנים מיובשים 567 גרם קירקלנד</ManufacturerItemDescription>
      <UnitQty>גרמים</UnitQty>
      <Quantity>567.00</Quantity>
      <UnitOfMeasure>100 גרם</UnitOfMeasure>
      <bIsWeighted>0</bIsWeighted>
      <QtyInPackage>1</QtyInPackage>
      <ItemPrice>59.90</ItemPrice>
      <UnitOfMeasurePrice>10.5644</UnitOfMeasurePrice>
      <AllowDiscount>1</AllowDiscount>
      <ItemStatus>1</ItemStatus>
      <ItemId>253785</ItemId>
    </Item>
    <Item>
      <PriceUpdateDate>2015-01-01 00:00:00</PriceUpdateDate>
      <ItemCode>96619968312</ItemCode>
      <ItemType>0</ItemType>
      <ItemName>אוכמניות מיובשות 567</ItemName>
      <ManufacturerName>,</ManufacturerName>
      <ManufactureCountry>לא ידוע</ManufactureCountry>
      <ManufacturerItemDescription>אוכמניות מיובשות 567 גרם קירקלנד</ManufacturerItemDescription>
      <UnitQty>גרמים</UnitQty>
      <Quantity>567.00</Quantity>
      <UnitOfMeasure>100 גרם</UnitOfMeasure>
      <bIsWeighted>0</bIsWeighted>
      <QtyInPackage>1</QtyInPackage>
      <ItemPrice>29.90</ItemPrice>
      <UnitOfMeasurePrice>5.2734</UnitOfMeasurePrice>
      <AllowDiscount>1</AllowDiscount>
      <ItemStatus>1</ItemStatus>
      <ItemId>253786</ItemId>
    </Item>
    <Item>
      <PriceUpdateDate>2015-01-01 00:00:00</PriceUpdateDate>
      <ItemCode>96619183289</ItemCode>
      <ItemType>0</ItemType>
      <ItemName>קשיו 1.130 ק"ג קירקל</ItemName>
      <ManufacturerName>,</ManufacturerName>
      <ManufactureCountry>לא ידוע</ManufactureCountry>
      <ManufacturerItemDescription>קשיו 1.130 ק"ג קירקלנד</ManufacturerItemDescription>
      <UnitQty>קילוגרמים</UnitQty>
      <Quantity>1.13</Quantity>
      <UnitOfMeasure>ק"ג     </UnitOfMeasure>
      <bIsWeighted>0</bIsWeighted>
      <QtyInPackage>1</QtyInPackage>
      <ItemPrice>49.90</ItemPrice>
      <UnitOfMeasurePrice>44.1593</UnitOfMeasurePrice>
      <AllowDiscount>1</AllowDiscount>
      <ItemStatus>1</ItemStatus>
      <ItemId>253787</ItemId>
    </Item>
    <Item>
      <PriceUpdateDate>2015-01-01 00:00:00</PriceUpdateDate>
      <ItemCode>7290104962684</ItemCode>
      <ItemType>0</ItemType>
      <ItemName>דאודורנט קרליין נושם</ItemName>
      <ManufacturerName>אמיליה קוסמטיקס</ManufacturerName>
      <ManufactureCountry>לא ידוע</ManufactureCountry>
      <ManufacturerItemDescription>דאודורנט קרליין נושם רולאון 0%</ManufacturerItemDescription>
      <UnitQty>גרמים</UnitQty>
      <Quantity>75.00</Quantity>
      <UnitOfMeasure>100 גרם</UnitOfMeasure>
      <bIsWeighted>0</bIsWeighted>
      <QtyInPackage>1</QtyInPackage>
      <ItemPrice>9.90</ItemPrice>
      <UnitOfMeasurePrice>13.2000</UnitOfMeasurePrice>
      <AllowDiscount>1</AllowDiscount>
      <ItemStatus>1</ItemStatus>
      <ItemId>253812</ItemId>
    </Item>
    <Item>
      <PriceUpdateDate>2015-01-01 00:00:00</PriceUpdateDate>
      <ItemCode>7290104962660</ItemCode>
      <ItemType>0</ItemType>
      <ItemName>דאודורנט נושם קרליין</ItemName>
      <ManufacturerName>אמיליה קוסמטיקס</ManufacturerName>
      <ManufactureCountry>לא ידוע</ManufactureCountry>
      <ManufacturerItemDescription>דאודורנט נושם קרליין 200 מ"ל</ManufacturerItemDescription>
      <UnitQty>מיליליטרים</UnitQty>
      <Quantity>200.00</Quantity>
      <UnitOfMeasure>100 מ"ל</UnitOfMeasure>
      <bIsWeighted>0</bIsWeighted>
      <QtyInPackage>1</QtyInPackage>
      <ItemPrice>9.90</ItemPrice>
      <UnitOfMeasurePrice>4.9500</UnitOfMeasurePrice>
      <AllowDiscount>1</AllowDiscount>
      <ItemStatus>1</ItemStatus>
      <ItemId>253813</ItemId>
    </Item>
    <Item>
      <PriceUpdateDate>2015-01-01 00:00:00</PriceUpdateDate>
      <ItemCode>7290013261984</ItemCode>
      <ItemType>0</ItemType>
      <ItemName>מעדן בטעם שוקולד 115</ItemName>
      <ManufacturerName>ליאטרי סנט פר</ManufacturerName>
      <ManufactureCountry>לא ידוע</ManufactureCountry>
      <ManufacturerItemDescription>מעדן בטעם שוקולד 115 גרם</ManufacturerItemDescription>
      <UnitQty>גרמים</UnitQty>
      <Quantity>115.00</Quantity>
      <UnitOfMeasure>100 גרם</UnitOfMeasure>
      <bIsWeighted>0</bIsWeighted>
      <QtyInPackage>1</QtyInPackage>
      <ItemPrice>2.90</ItemPrice>
      <UnitOfMeasurePrice>2.5217</UnitOfMeasurePrice>
      <AllowDiscount>1</AllowDiscount>
      <ItemStatus>1</ItemStatus>
      <ItemId>253814</ItemId>
    </Item>
    <Item>
      <PriceUpdateDate>2015-01-01 00:00:00</PriceUpdateDate>
      <ItemCode>7290013261991</ItemCode>
      <ItemType>0</ItemType>
      <ItemName>מעדן בטעם וניל 115 ג</ItemName>
      <ManufacturerName>ליאטרי סנט פר</ManufacturerName>
      <ManufactureCountry>לא ידוע</ManufactureCountry>
      <ManufacturerItemDescription>מעדן בטעם וניל 115 גרם</ManufacturerItemDescription>
      <UnitQty>גרמים</UnitQty>
      <Quantity>115.00</Quantity>
      <UnitOfMeasure>100 גרם</UnitOfMeasure>
      <bIsWeighted>0</bIsWeighted>
      <QtyInPackage>1</QtyInPackage>
      <ItemPrice>2.90</ItemPrice>
      <UnitOfMeasurePrice>2.5217</UnitOfMeasurePrice>
      <AllowDiscount>1</AllowDiscount>
      <ItemStatus>1</ItemStatus>
      <ItemId>253815</ItemId>
    </Item>
    <Item>
      <PriceUpdateDate>2015-01-01 00:00:00</PriceUpdateDate>
      <ItemCode>7290013261526</ItemCode>
      <ItemType>0</ItemType>
      <ItemName>מעדן בטעם קרמל 115 ג</ItemName>
      <ManufacturerName>ליאטרי סנט פר</ManufacturerName>
      <ManufactureCountry>לא ידוע</ManufactureCountry>
      <ManufacturerItemDescription>מעדן בטעם קרמל 115 גרם</ManufacturerItemDescription>
      <UnitQty>גרמים</UnitQty>
      <Quantity>115.00</Quantity>
      <UnitOfMeasure>100 גרם</UnitOfMeasure>
      <bIsWeighted>0</bIsWeighted>
      <QtyInPackage>1</QtyInPackage>
      <ItemPrice>2.90</ItemPrice>
      <UnitOfMeasurePrice>2.5217</UnitOfMeasurePrice>
      <AllowDiscount>1</AllowDiscount>
      <ItemStatus>1</ItemStatus>
      <ItemId>253816</ItemId>
    </Item>
    <Item>
      <PriceUpdateDate>2015-01-01 00:00:00</PriceUpdateDate>
      <ItemCode>7290013261533</ItemCode>
      <ItemType>0</ItemType>
      <ItemName>מעדן בטעם פיסטוק 115</ItemName>
      <ManufacturerName>ליאטרי סנט פר</ManufacturerName>
      <ManufactureCountry>לא ידוע</ManufactureCountry>
      <ManufacturerItemDescription>מעדן בטעם פיסטוק 115 גרם</ManufacturerItemDescription>
      <UnitQty>גרמים</UnitQty>
      <Quantity>115.00</Quantity>
      <UnitOfMeasure>100 גרם</UnitOfMeasure>
      <bIsWeighted>0</bIsWeighted>
      <QtyInPackage>1</QtyInPackage>
      <ItemPrice>2.90</ItemPrice>
      <UnitOfMeasurePrice>2.5217</UnitOfMeasurePrice>
      <AllowDiscount>1</AllowDiscount>
      <ItemStatus>1</ItemStatus>
      <ItemId>253817</ItemId>
    </Item>
    <Item>
      <PriceUpdateDate>2016-01-11 11:01:18</PriceUpdateDate>
      <ItemCode>7290010328703</ItemCode>
      <ItemType>1</ItemType>
      <ItemName>עוגיות שוקולד ציפס ב</ItemName>
      <ManufacturerName>אחדות ביחר לטחינה חל</ManufacturerName>
      <ManufactureCountry>ישראל</ManufactureCountry>
      <ManufacturerItemDescription>עוגיות שוקולד ציפס בד"צ 200 גרם</ManufacturerItemDescription>
      <UnitQty>גרמים</UnitQty>
      <Quantity>200.00</Quantity>
      <UnitOfMeasure>100 גרם</UnitOfMeasure>
      <bIsWeighted>0</bIsWeighted>
      <QtyInPackage>1</QtyInPackage>
      <ItemPrice>5.90</ItemPrice>
      <UnitOfMeasurePrice>2.9500</UnitOfMeasurePrice>
      <AllowDiscount>1</AllowDiscount>
      <ItemStatus>1</ItemStatus>
      <ItemId>266501</ItemId>
    </Item>
    <Item>
      <PriceUpdateDate>2015-01-01 00:00:00</PriceUpdateDate>
      <ItemCode>7290105180827</ItemCode>
      <ItemType>0</ItemType>
      <ItemName>מוצץ כלנית בודד גדול</ItemName>
      <ManufacturerName>,</ManufacturerName>
      <ManufactureCountry>לא ידוע</ManufactureCountry>
      <ManufacturerItemDescription>מוצץ כלנית בודד גדול</ManufacturerItemDescription>
      <UnitQty>Unknown </UnitQty>
      <Quantity>0.00</Quantity>
      <UnitOfMeasure>Unknown </UnitOfMeasure>
      <bIsWeighted>0</bIsWeighted>
      <QtyInPackage>1</QtyInPackage>
      <ItemPrice>5.90</ItemPrice>
      <UnitOfMeasurePrice>0.0000</UnitOfMeasurePrice>
      <AllowDiscount>1</AllowDiscount>
      <ItemStatus>1</ItemStatus>
      <ItemId>253849</ItemId>
    </Item>
    <Item>
      <PriceUpdateDate>2015-01-01 00:00:00</PriceUpdateDate>
      <ItemCode>7290105180810</ItemCode>
      <ItemType>0</ItemType>
      <ItemName>מוצץ כלנית בודד קטן</ItemName>
      <ManufacturerName>,</ManufacturerName>
      <ManufactureCountry>לא ידוע</ManufactureCountry>
      <ManufacturerItemDescription>מוצץ כלנית בודד קטן</ManufacturerItemDescription>
      <UnitQty>Unknown </UnitQty>
      <Quantity>0.00</Quantity>
      <UnitOfMeasure>Unknown </UnitOfMeasure>
      <bIsWeighted>0</bIsWeighted>
      <QtyInPackage>1</QtyInPackage>
      <ItemPrice>5.90</ItemPrice>
      <UnitOfMeasurePrice>0.0000</UnitOfMeasurePrice>
      <AllowDiscount>1</AllowDiscount>
      <ItemStatus>1</ItemStatus>
      <ItemId>253850</ItemId>
    </Item>
    <Item>
      <PriceUpdateDate>2015-01-01 00:00:00</PriceUpdateDate>
      <ItemCode>253046</ItemCode>
      <ItemType>0</ItemType>
      <ItemName>מזרה חום 400 גרם</ItemName>
      <ManufacturerName>אופנהיימר</ManufacturerName>
      <ManufactureCountry>לא ידוע</ManufactureCountry>
      <ManufacturerItemDescription>מזרה חום 400 גרם</ManufacturerItemDescription>
      <UnitQty>גרמים</UnitQty>
      <Quantity>400.00</Quantity>
      <UnitOfMeasure>100 גרם</UnitOfMeasure>
      <bIsWeighted>0</bIsWeighted>
      <QtyInPackage>1</QtyInPackage>
      <ItemPrice>13.90</ItemPrice>
      <UnitOfMeasurePrice>3.4750</UnitOfMeasurePrice>
      <AllowDiscount>1</AllowDiscount>
      <ItemStatus>1</ItemStatus>
      <ItemId>254580</ItemId>
    </Item>
    <Item>
      <PriceUpdateDate>2015-01-01 00:00:00</PriceUpdateDate>
      <ItemCode>5901483081027</ItemCode>
      <ItemType>0</ItemType>
      <ItemName>חליטת לואיזה</ItemName>
      <ManufacturerName>,</ManufacturerName>
      <ManufactureCountry>לא ידוע</ManufactureCountry>
      <ManufacturerItemDescription>חליטת לואיזה</ManufacturerItemDescription>
      <UnitQty>Unknown </UnitQty>
      <Quantity>0.00</Quantity>
      <UnitOfMeasure>Unknown </UnitOfMeasure>
      <bIsWeighted>0</bIsWeighted>
      <QtyInPackage>1</QtyInPackage>
      <ItemPrice>7.90</ItemPrice>
      <UnitOfMeasurePrice>0.0000</UnitOfMeasurePrice>
      <AllowDiscount>1</AllowDiscount>
      <ItemStatus>1</ItemStatus>
      <ItemId>253862</ItemId>
    </Item>
    <Item>
      <PriceUpdateDate>2015-01-01 00:00:00</PriceUpdateDate>
      <ItemCode>8714789831190</ItemCode>
      <ItemType>0</ItemType>
      <ItemName>משחת שיניים קולגייט</ItemName>
      <ManufacturerName>קולגייט פלמוליב</ManufacturerName>
      <ManufactureCountry>פולין</ManufactureCountry>
      <ManufacturerItemDescription>משחת שיניים קולגייט טוטאל פרו 75 מל</ManufacturerItemDescription>
      <UnitQty>גרמים</UnitQty>
      <Quantity>75.00</Quantity>
      <UnitOfMeasure>100 גרם</UnitOfMeasure>
      <bIsWeighted>0</bIsWeighted>
      <QtyInPackage>1</QtyInPackage>
      <ItemPrice>12.90</ItemPrice>
      <UnitOfMeasurePrice>17.2000</UnitOfMeasurePrice>
      <AllowDiscount>1</AllowDiscount>
      <ItemStatus>1</ItemStatus>
      <ItemId>253867</ItemId>
    </Item>
    <Item>
      <PriceUpdateDate>2015-01-01 00:00:00</PriceUpdateDate>
      <ItemCode>7290014258723</ItemCode>
      <ItemType>0</ItemType>
      <ItemName>מטרנה צמחי מגיל 0-12</ItemName>
      <ManufacturerName>מטרנה</ManufacturerName>
      <ManufactureCountry>ישראל</ManufactureCountry>
      <ManufacturerItemDescription>מטרנה צמחי מגיל 0-12 700 גרם</ManufacturerItemDescription>
      <UnitQty>גרמים</UnitQty>
      <Quantity>700.00</Quantity>
      <UnitOfMeasure>100 גרם</UnitOfMeasure>
      <bIsWeighted>0</bIsWeighted>
      <QtyInPackage>1</QtyInPackage>
      <ItemPrice>69.90</ItemPrice>
      <UnitOfMeasurePrice>9.9857</UnitOfMeasurePrice>
      <AllowDiscount>1</AllowDiscount>
      <ItemStatus>1</ItemStatus>
      <ItemId>253864</ItemId>
    </Item>
    <Item>
      <PriceUpdateDate>2016-03-15 08:56:08</PriceUpdateDate>
      <ItemCode>7290104855269</ItemCode>
      <ItemType>1</ItemType>
      <ItemName>צלחות גדולות לבן עם</ItemName>
      <ManufacturerName>,</ManufacturerName>
      <ManufactureCountry>לא ידוע</ManufactureCountry>
      <ManufacturerItemDescription>צלחות גדולות לבן עם פס זהב 18 יח מילאנו</ManufacturerItemDescription>
      <UnitQty>Unknown </UnitQty>
      <Quantity>0.00</Quantity>
      <UnitOfMeasure>Unknown </UnitOfMeasure>
      <bIsWeighted>0</bIsWeighted>
      <QtyInPackage>1</QtyInPackage>
      <ItemPrice>19.90</ItemPrice>
      <UnitOfMeasurePrice>0.0000</UnitOfMeasurePrice>
      <AllowDiscount>1</AllowDiscount>
      <ItemStatus>1</ItemStatus>
      <ItemId>267383</ItemId>
    </Item>
    <Item>
      <PriceUpdateDate>2015-01-01 00:00:00</PriceUpdateDate>
      <ItemCode>7290014258716</ItemCode>
      <ItemType>0</ItemType>
      <ItemName>מטרנה צמחי 700 גרם</ItemName>
      <ManufacturerName>מטרנה</ManufacturerName>
      <ManufactureCountry>ישראל</ManufactureCountry>
      <ManufacturerItemDescription>מטרנה צמחי 700 גרם</ManufacturerItemDescription>
      <UnitQty>גרמים</UnitQty>
      <Quantity>700.00</Quantity>
      <UnitOfMeasure>100 גרם</UnitOfMeasure>
      <bIsWeighted>0</bIsWeighted>
      <QtyInPackage>1</QtyInPackage>
      <ItemPrice>55.90</ItemPrice>
      <UnitOfMeasurePrice>7.9857</UnitOfMeasurePrice>
      <AllowDiscount>1</AllowDiscount>
      <ItemStatus>1</ItemStatus>
      <ItemId>253866</ItemId>
    </Item>
    <Item>
      <PriceUpdateDate>2015-01-01 00:00:00</PriceUpdateDate>
      <ItemCode>8594019380618</ItemCode>
      <ItemType>0</ItemType>
      <ItemName>גו פיט חטיפי ביס שיב</ItemName>
      <ManufacturerName>,</ManufacturerName>
      <ManufactureCountry>לא ידוע</ManufactureCountry>
      <ManufacturerItemDescription>גו פיט חטיפי ביס שיבולת שוקולד מריר ובננ</ManufacturerItemDescription>
      <UnitQty>גרמים</UnitQty>
      <Quantity>132.00</Quantity>
      <UnitOfMeasure>100 גרם</UnitOfMeasure>
      <bIsWeighted>0</bIsWeighted>
      <QtyInPackage>1</QtyInPackage>
      <ItemPrice>9.90</ItemPrice>
      <UnitOfMeasurePrice>7.5000</UnitOfMeasurePrice>
      <AllowDiscount>1</AllowDiscount>
      <ItemStatus>1</ItemStatus>
      <ItemId>253871</ItemId>
    </Item>
    <Item>
      <PriceUpdateDate>2015-01-01 00:00:00</PriceUpdateDate>
      <ItemCode>8594019381080</ItemCode>
      <ItemType>0</ItemType>
      <ItemName>דגני בוקר גו פיט שוק</ItemName>
      <ManufacturerName>,</ManufacturerName>
      <ManufactureCountry>לא ידוע</ManufactureCountry>
      <ManufacturerItemDescription>דגני בוקר גו פיט שוקולד מריר קוקוס וקקאו</ManufacturerItemDescription>
      <UnitQty>גרמים</UnitQty>
      <Quantity>340.00</Quantity>
      <UnitOfMeasure>100 גרם</UnitOfMeasure>
      <bIsWeighted>0</bIsWeighted>
      <QtyInPackage>1</QtyInPackage>
      <ItemPrice>14.90</ItemPrice>
      <UnitOfMeasurePrice>4.3824</UnitOfMeasurePrice>
      <AllowDiscount>1</AllowDiscount>
      <ItemStatus>1</ItemStatus>
      <ItemId>253877</ItemId>
    </Item>
    <Item>
      <PriceUpdateDate>2015-01-01 00:00:00</PriceUpdateDate>
      <ItemCode>8594019381295</ItemCode>
      <ItemType>0</ItemType>
      <ItemName>דגני בוקר גו פיט שוק</ItemName>
      <ManufacturerName>,</ManufacturerName>
      <ManufactureCountry>לא ידוע</ManufactureCountry>
      <ManufacturerItemDescription>דגני בוקר גו פיט שוקולד מריר 340 גרם</ManufacturerItemDescription>
      <UnitQty>גרמים</UnitQty>
      <Quantity>340.00</Quantity>
      <UnitOfMeasure>100 גרם</UnitOfMeasure>
      <bIsWeighted>0</bIsWeighted>
      <QtyInPackage>1</QtyInPackage>
      <ItemPrice>14.90</ItemPrice>
      <UnitOfMeasurePrice>4.3824</UnitOfMeasurePrice>
      <AllowDiscount>1</AllowDiscount>
      <ItemStatus>1</ItemStatus>
      <ItemId>253878</ItemId>
    </Item>
    <Item>
      <PriceUpdateDate>2015-01-01 00:00:00</PriceUpdateDate>
      <ItemCode>7290014761414</ItemCode>
      <ItemType>0</ItemType>
      <ItemName>מעדן YOLO שוקולד חלב</ItemName>
      <ManufacturerName>תנובה מרכז שיתופי לש</ManufacturerName>
      <ManufactureCountry>לא ידוע</ManufactureCountry>
      <ManufacturerItemDescription>מעדן YOLO שוקולד חלב ולבן 123 גרם</ManufacturerItemDescription>
      <UnitQty>גרמים</UnitQty>
      <Quantity>123.00</Quantity>
      <UnitOfMeasure>100 גרם</UnitOfMeasure>
      <bIsWeighted>0</bIsWeighted>
      <QtyInPackage>1</QtyInPackage>
      <ItemPrice>3.30</ItemPrice>
      <UnitOfMeasurePrice>2.6829</UnitOfMeasurePrice>
      <AllowDiscount>1</AllowDiscount>
      <ItemStatus>1</ItemStatus>
      <ItemId>253886</ItemId>
    </Item>
    <Item>
      <PriceUpdateDate>2016-07-04 16:25:35</PriceUpdateDate>
      <ItemCode>4770237048088</ItemCode>
      <ItemType>1</ItemType>
      <ItemName>גלידה יוגורט עם אוכמ</ItemName>
      <ManufacturerName>,</ManufacturerName>
      <ManufactureCountry>לא ידוע</ManufactureCountry>
      <ManufacturerItemDescription>גלידה יוגורט עם אוכמניות שחורות בכוס</ManufacturerItemDescription>
      <UnitQty>גרמים</UnitQty>
      <Quantity>82.00</Quantity>
      <UnitOfMeasure>100 גרם</UnitOfMeasure>
      <bIsWeighted>0</bIsWeighted>
      <QtyInPackage>1</QtyInPackage>
      <ItemPrice>4.90</ItemPrice>
      <UnitOfMeasurePrice>5.9756</UnitOfMeasurePrice>
      <AllowDiscount>1</AllowDiscount>
      <ItemStatus>1</ItemStatus>
      <ItemId>268772</ItemId>
    </Item>
    <Item>
      <PriceUpdateDate>2015-01-01 00:00:00</PriceUpdateDate>
      <ItemCode>8693323010904</ItemCode>
      <ItemType>0</ItemType>
      <ItemName>סוכריות גומי לב 800</ItemName>
      <ManufacturerName>סאאדת</ManufacturerName>
      <ManufactureCountry>לא ידוע</ManufactureCountry>
      <ManufacturerItemDescription>סוכריות גומי לב 800 גרם</ManufacturerItemDescription>
      <UnitQty>גרמים</UnitQty>
      <Quantity>800.00</Quantity>
      <UnitOfMeasure>100 גרם</UnitOfMeasure>
      <bIsWeighted>0</bIsWeighted>
      <QtyInPackage>1</QtyInPackage>
      <ItemPrice>12.90</ItemPrice>
      <UnitOfMeasurePrice>1.6125</UnitOfMeasurePrice>
      <AllowDiscount>1</AllowDiscount>
      <ItemStatus>1</ItemStatus>
      <ItemId>253907</ItemId>
    </Item>
    <Item>
      <PriceUpdateDate>2015-01-01 00:00:00</PriceUpdateDate>
      <ItemCode>8693323689124</ItemCode>
      <ItemType>0</ItemType>
      <ItemName>סוכריות גומי וניל בנ</ItemName>
      <ManufacturerName>סאאדת</ManufacturerName>
      <ManufactureCountry>לא ידוע</ManufactureCountry>
      <ManufacturerItemDescription>סוכריות גומי וניל בננה 800 גרם</ManufacturerItemDescription>
      <UnitQty>גרמים</UnitQty>
      <Quantity>800.00</Quantity>
      <UnitOfMeasure>100 גרם</UnitOfMeasure>
      <bIsWeighted>0</bIsWeighted>
      <QtyInPackage>1</QtyInPackage>
      <ItemPrice>12.90</ItemPrice>
      <UnitOfMeasurePrice>1.6125</UnitOfMeasurePrice>
      <AllowDiscount>1</AllowDiscount>
      <ItemStatus>1</ItemStatus>
      <ItemId>253910</ItemId>
    </Item>
    <Item>
      <PriceUpdateDate>2015-01-01 00:00:00</PriceUpdateDate>
      <ItemCode>96619321063</ItemCode>
      <ItemType>0</ItemType>
      <ItemName>מיקס אגוזים קירקלנד</ItemName>
      <ManufacturerName>,</ManufacturerName>
      <ManufactureCountry>לא ידוע</ManufactureCountry>
      <ManufacturerItemDescription>מיקס אגוזים 1.130 ק"ג</ManufacturerItemDescription>
      <UnitQty>קילוגרמים</UnitQty>
      <Quantity>1.13</Quantity>
      <UnitOfMeasure>ק"ג     </UnitOfMeasure>
      <bIsWeighted>0</bIsWeighted>
      <QtyInPackage>1</QtyInPackage>
      <ItemPrice>49.90</ItemPrice>
      <UnitOfMeasurePrice>44.1593</UnitOfMeasurePrice>
      <AllowDiscount>1</AllowDiscount>
      <ItemStatus>1</ItemStatus>
      <ItemId>253923</ItemId>
    </Item>
    <Item>
      <PriceUpdateDate>2015-01-01 00:00:00</PriceUpdateDate>
      <ItemCode>37600106825</ItemCode>
      <ItemType>0</ItemType>
      <ItemName>זוג חמאת בוטנים סקיפ</ItemName>
      <ManufacturerName>,</ManufacturerName>
      <ManufactureCountry>לא ידוע</ManufactureCountry>
      <ManufacturerItemDescription>זוג חמאת בוטנים סקיפי קלאסי 2.72 ק"ג</ManufacturerItemDescription>
      <UnitQty>קילוגרמים</UnitQty>
      <Quantity>2.72</Quantity>
      <UnitOfMeasure>ק"ג     </UnitOfMeasure>
      <bIsWeighted>0</bIsWeighted>
      <QtyInPackage>1</QtyInPackage>
      <ItemPrice>59.90</ItemPrice>
      <UnitOfMeasurePrice>22.0221</UnitOfMeasurePrice>
      <AllowDiscount>1</AllowDiscount>
      <ItemStatus>1</ItemStatus>
      <ItemId>253930</ItemId>
    </Item>
    <Item>
      <PriceUpdateDate>2015-01-01 00:00:00</PriceUpdateDate>
      <ItemCode>7290015347181</ItemCode>
      <ItemType>0</ItemType>
      <ItemName>שעועית לבנה סלקטד 1</ItemName>
      <ManufacturerName>מיה תעשיות מזון בעמ</ManufacturerName>
      <ManufactureCountry>ישראל</ManufactureCountry>
      <ManufacturerItemDescription>שעועית לבנה סלקטד 1 קג בוואקום</ManufacturerItemDescription>
      <UnitQty>קילוגרמים</UnitQty>
      <Quantity>1.00</Quantity>
      <UnitOfMeasure>ק"ג     </UnitOfMeasure>
      <bIsWeighted>0</bIsWeighted>
      <QtyInPackage>1</QtyInPackage>
      <ItemPrice>14.90</ItemPrice>
      <UnitOfMeasurePrice>14.9000</UnitOfMeasurePrice>
      <AllowDiscount>1</AllowDiscount>
      <ItemStatus>1</ItemStatus>
      <ItemId>253936</ItemId>
    </Item>
    <Item>
      <PriceUpdateDate>2015-09-21 08:48:51</PriceUpdateDate>
      <ItemCode>7290015347174</ItemCode>
      <ItemType>0</ItemType>
      <ItemName>אורז פרסי סלקטד 1 ק"</ItemName>
      <ManufacturerName>מיה תעשיות מזון בעמ</ManufacturerName>
      <ManufactureCountry>ישראל</ManufactureCountry>
      <ManufacturerItemDescription>אורז פרסי סלקטד 1 קג בוואקום</ManufacturerItemDescription>
      <UnitQty>קילוגרמים</UnitQty>
      <Quantity>1.00</Quantity>
      <UnitOfMeasure>ק"ג     </UnitOfMeasure>
      <bIsWeighted>0</bIsWeighted>
      <QtyInPackage>1</QtyInPackage>
      <ItemPrice>11.90</ItemPrice>
      <UnitOfMeasurePrice>11.9000</UnitOfMeasurePrice>
      <AllowDiscount>1</AllowDiscount>
      <ItemStatus>1</ItemStatus>
      <ItemId>253938</ItemId>
    </Item>
    <Item>
      <PriceUpdateDate>2015-01-01 00:00:00</PriceUpdateDate>
      <ItemCode>7290015347198</ItemCode>
      <ItemType>0</ItemType>
      <ItemName>קוואקר סלקטד 700 גרם</ItemName>
      <ManufacturerName>מיה תעשיות מזון בעמ</ManufacturerName>
      <ManufactureCountry>ישראל</ManufactureCountry>
      <ManufacturerItemDescription>קוואקר סלקטד 700 גרם בוואקום</ManufacturerItemDescription>
      <UnitQty>גרמים</UnitQty>
      <Quantity>700.00</Quantity>
      <UnitOfMeasure>100 גרם</UnitOfMeasure>
      <bIsWeighted>0</bIsWeighted>
      <QtyInPackage>1</QtyInPackage>
      <ItemPrice>7.90</ItemPrice>
      <UnitOfMeasurePrice>1.1286</UnitOfMeasurePrice>
      <AllowDiscount>1</AllowDiscount>
      <ItemStatus>1</ItemStatus>
      <ItemId>253939</ItemId>
    </Item>
    <Item>
      <PriceUpdateDate>2015-01-01 00:00:00</PriceUpdateDate>
      <ItemCode>7290014355354</ItemCode>
      <ItemType>0</ItemType>
      <ItemName>גזר גמדי 1.5 ק"ג בד"</ItemName>
      <ManufacturerName>מילוטל</ManufacturerName>
      <ManufactureCountry>ישראל</ManufactureCountry>
      <ManufacturerItemDescription>גזר גמדי 1.5 קג בדצ עדח</ManufacturerItemDescription>
      <UnitQty>קילוגרמים</UnitQty>
      <Quantity>1.50</Quantity>
      <UnitOfMeasure>ק"ג     </UnitOfMeasure>
      <bIsWeighted>0</bIsWeighted>
      <QtyInPackage>1</QtyInPackage>
      <ItemPrice>18.90</ItemPrice>
      <UnitOfMeasurePrice>12.6000</UnitOfMeasurePrice>
      <AllowDiscount>1</AllowDiscount>
      <ItemStatus>1</ItemStatus>
      <ItemId>253948</ItemId>
    </Item>
    <Item>
      <PriceUpdateDate>2015-01-01 00:00:00</PriceUpdateDate>
      <ItemCode>7290014355323</ItemCode>
      <ItemType>0</ItemType>
      <ItemName>לקט ירקות 1.5 ק"ג בד</ItemName>
      <ManufacturerName>מילוטל</ManufacturerName>
      <ManufactureCountry>ישראל</ManufactureCountry>
      <ManufacturerItemDescription>לקט ירקות 1.5 קג בדצ עדח</ManufacturerItemDescription>
      <UnitQty>קילוגרמים</UnitQty>
      <Quantity>1.50</Quantity>
      <UnitOfMeasure>ק"ג     </UnitOfMeasure>
      <bIsWeighted>0</bIsWeighted>
      <QtyInPackage>1</QtyInPackage>
      <ItemPrice>18.90</ItemPrice>
      <UnitOfMeasurePrice>12.6000</UnitOfMeasurePrice>
      <AllowDiscount>1</AllowDiscount>
      <ItemStatus>1</ItemStatus>
      <ItemId>253950</ItemId>
    </Item>
    <Item>
      <PriceUpdateDate>2015-01-01 00:00:00</PriceUpdateDate>
      <ItemCode>7290014355330</ItemCode>
      <ItemType>0</ItemType>
      <ItemName>אפונה 1.5 ק"ג בד"צ ע</ItemName>
      <ManufacturerName>מילוטל</ManufacturerName>
      <ManufactureCountry>ישראל</ManufactureCountry>
      <ManufacturerItemDescription>אפונה 1.5 קג בדצ עדח</ManufacturerItemDescription>
      <UnitQty>קילוגרמים</UnitQty>
      <Quantity>1.50</Quantity>
      <UnitOfMeasure>ק"ג     </UnitOfMeasure>
      <bIsWeighted>0</bIsWeighted>
      <QtyInPackage>1</QtyInPackage>
      <ItemPrice>18.90</ItemPrice>
      <UnitOfMeasurePrice>12.6000</UnitOfMeasurePrice>
      <AllowDiscount>1</AllowDiscount>
      <ItemStatus>1</ItemStatus>
      <ItemId>253951</ItemId>
    </Item>
    <Item>
      <PriceUpdateDate>2015-01-01 00:00:00</PriceUpdateDate>
      <ItemCode>7290014355415</ItemCode>
      <ItemType>0</ItemType>
      <ItemName>אפונה וגזר 1.5 ק"ג ב</ItemName>
      <ManufacturerName>,</ManufacturerName>
      <ManufactureCountry>לא ידוע</ManufactureCountry>
      <ManufacturerItemDescription>אפונה וגזר 1.5 ק"ג בד"צ עד"ח</ManufacturerItemDescription>
      <UnitQty>קילוגרמים</UnitQty>
      <Quantity>1.50</Quantity>
      <UnitOfMeasure>ק"ג     </UnitOfMeasure>
      <bIsWeighted>0</bIsWeighted>
      <QtyInPackage>1</QtyInPackage>
      <ItemPrice>18.90</ItemPrice>
      <UnitOfMeasurePrice>12.6000</UnitOfMeasurePrice>
      <AllowDiscount>1</AllowDiscount>
      <ItemStatus>1</ItemStatus>
      <ItemId>253952</ItemId>
    </Item>
    <Item>
      <PriceUpdateDate>2015-01-01 00:00:00</PriceUpdateDate>
      <ItemCode>7290014355361</ItemCode>
      <ItemType>0</ItemType>
      <ItemName>שעועית שלמה 1.35 ק"ג</ItemName>
      <ManufacturerName>מילוטל</ManufacturerName>
      <ManufactureCountry>ישראל</ManufactureCountry>
      <ManufacturerItemDescription>שעועית שלמה 1.35 קג בדצ עדח</ManufacturerItemDescription>
      <UnitQty>קילוגרמים</UnitQty>
      <Quantity>1.35</Quantity>
      <UnitOfMeasure>ק"ג     </UnitOfMeasure>
      <bIsWeighted>0</bIsWeighted>
      <QtyInPackage>1</QtyInPackage>
      <ItemPrice>18.90</ItemPrice>
      <UnitOfMeasurePrice>14.0000</UnitOfMeasurePrice>
      <AllowDiscount>1</AllowDiscount>
      <ItemStatus>1</ItemStatus>
      <ItemId>253955</ItemId>
    </Item>
    <Item>
      <PriceUpdateDate>2015-01-01 00:00:00</PriceUpdateDate>
      <ItemCode>7290014761056</ItemCode>
      <ItemType>0</ItemType>
      <ItemName>מעדן YOLO שוקולד חלב</ItemName>
      <ManufacturerName>תנובה מרכז שיתופי לש</ManufacturerName>
      <ManufactureCountry>לא ידוע</ManufactureCountry>
      <ManufacturerItemDescription>מעדן YOLO שוקולד חלב 123 גרם</ManufacturerItemDescription>
      <UnitQty>גרמים</UnitQty>
      <Quantity>123.00</Quantity>
      <UnitOfMeasure>100 גרם</UnitOfMeasure>
      <bIsWeighted>0</bIsWeighted>
      <QtyInPackage>1</QtyInPackage>
      <ItemPrice>3.30</ItemPrice>
      <UnitOfMeasurePrice>2.6829</UnitOfMeasurePrice>
      <AllowDiscount>1</AllowDiscount>
      <ItemStatus>1</ItemStatus>
      <ItemId>253960</ItemId>
    </Item>
    <Item>
      <PriceUpdateDate>2015-01-01 00:00:00</PriceUpdateDate>
      <ItemCode>7290014761070</ItemCode>
      <ItemType>0</ItemType>
      <ItemName>מעדן YOLO שוקולד לבן</ItemName>
      <ManufacturerName>תנובה מרכז שיתופי לש</ManufacturerName>
      <ManufactureCountry>לא ידוע</ManufactureCountry>
      <ManufacturerItemDescription>מעדן YOLO שוקולד לבן 123 גרם</ManufacturerItemDescription>
      <UnitQty>גרמים</UnitQty>
      <Quantity>123.00</Quantity>
      <UnitOfMeasure>100 גרם</UnitOfMeasure>
      <bIsWeighted>0</bIsWeighted>
      <QtyInPackage>1</QtyInPackage>
      <ItemPrice>3.30</ItemPrice>
      <UnitOfMeasurePrice>2.6829</UnitOfMeasurePrice>
      <AllowDiscount>1</AllowDiscount>
      <ItemStatus>1</ItemStatus>
      <ItemId>253961</ItemId>
    </Item>
    <Item>
      <PriceUpdateDate>2015-01-01 00:00:00</PriceUpdateDate>
      <ItemCode>7290014761063</ItemCode>
      <ItemType>0</ItemType>
      <ItemName>מעדן YOLO שוקולד מרי</ItemName>
      <ManufacturerName>תנובה מרכז שיתופי לש</ManufacturerName>
      <ManufactureCountry>לא ידוע</ManufactureCountry>
      <ManufacturerItemDescription>מעדן YOLO שוקולד מריר 123 גרם</ManufacturerItemDescription>
      <UnitQty>גרמים</UnitQty>
      <Quantity>123.00</Quantity>
      <UnitOfMeasure>100 גרם</UnitOfMeasure>
      <bIsWeighted>0</bIsWeighted>
      <QtyInPackage>1</QtyInPackage>
      <ItemPrice>3.30</ItemPrice>
      <UnitOfMeasurePrice>2.6829</UnitOfMeasurePrice>
      <AllowDiscount>1</AllowDiscount>
      <ItemStatus>1</ItemStatus>
      <ItemId>253962</ItemId>
    </Item>
    <Item>
      <PriceUpdateDate>2015-01-01 00:00:00</PriceUpdateDate>
      <ItemCode>7613034792785</ItemCode>
      <ItemType>0</ItemType>
      <ItemName>דגני בוקר מולטי צירי</ItemName>
      <ManufacturerName>CP UK</ManufacturerName>
      <ManufactureCountry>לא ידוע</ManufactureCountry>
      <ManufacturerItemDescription>דגני בוקר מולטי ציריוס 565 גרם</ManufacturerItemDescription>
      <UnitQty>גרמים</UnitQty>
      <Quantity>565.00</Quantity>
      <UnitOfMeasure>100 גרם</UnitOfMeasure>
      <bIsWeighted>0</bIsWeighted>
      <QtyInPackage>1</QtyInPackage>
      <ItemPrice>24.90</ItemPrice>
      <UnitOfMeasurePrice>4.4071</UnitOfMeasurePrice>
      <AllowDiscount>1</AllowDiscount>
      <ItemStatus>1</ItemStatus>
      <ItemId>254027</ItemId>
    </Item>
    <Item>
      <PriceUpdateDate>2015-01-01 00:00:00</PriceUpdateDate>
      <ItemCode>37600112253</ItemCode>
      <ItemType>0</ItemType>
      <ItemName>זוג חמאת בוטנים סקיפ</ItemName>
      <ManufacturerName>,</ManufacturerName>
      <ManufactureCountry>לא ידוע</ManufactureCountry>
      <ManufacturerItemDescription>זוג חמאת בוטנים סקיפי שברי בוטנים 2.72</ManufacturerItemDescription>
      <UnitQty>קילוגרמים</UnitQty>
      <Quantity>2.72</Quantity>
      <UnitOfMeasure>ק"ג     </UnitOfMeasure>
      <bIsWeighted>0</bIsWeighted>
      <QtyInPackage>1</QtyInPackage>
      <ItemPrice>59.90</ItemPrice>
      <UnitOfMeasurePrice>22.0221</UnitOfMeasurePrice>
      <AllowDiscount>1</AllowDiscount>
      <ItemStatus>1</ItemStatus>
      <ItemId>254029</ItemId>
    </Item>
    <Item>
      <PriceUpdateDate>2015-01-01 00:00:00</PriceUpdateDate>
      <ItemCode>6112014100318</ItemCode>
      <ItemType>0</ItemType>
      <ItemName>נר הבדלה דלוקס</ItemName>
      <ManufacturerName>,</ManufacturerName>
      <ManufactureCountry>לא ידוע</ManufactureCountry>
      <ManufacturerItemDescription>נר הבדלה דלוקס</ManufacturerItemDescription>
      <UnitQty>Unknown </UnitQty>
      <Quantity>0.00</Quantity>
      <UnitOfMeasure>Unknown </UnitOfMeasure>
      <bIsWeighted>0</bIsWeighted>
      <QtyInPackage>1</QtyInPackage>
      <ItemPrice>9.90</ItemPrice>
      <UnitOfMeasurePrice>0.0000</UnitOfMeasurePrice>
      <AllowDiscount>1</AllowDiscount>
      <ItemStatus>1</ItemStatus>
      <ItemId>254035</ItemId>
    </Item>
    <Item>
      <PriceUpdateDate>2015-01-01 00:00:00</PriceUpdateDate>
      <ItemCode>6112014100301</ItemCode>
      <ItemType>0</ItemType>
      <ItemName>נר הבדלה פמוט פירמיד</ItemName>
      <ManufacturerName>,</ManufacturerName>
      <ManufactureCountry>לא ידוע</ManufactureCountry>
      <ManufacturerItemDescription>נר הבדלה פמוט פירמידה</ManufacturerItemDescription>
      <UnitQty>Unknown </UnitQty>
      <Quantity>0.00</Quantity>
      <UnitOfMeasure>Unknown </UnitOfMeasure>
      <bIsWeighted>0</bIsWeighted>
      <QtyInPackage>1</QtyInPackage>
      <ItemPrice>14.90</ItemPrice>
      <UnitOfMeasurePrice>0.0000</UnitOfMeasurePrice>
      <AllowDiscount>1</AllowDiscount>
      <ItemStatus>1</ItemStatus>
      <ItemId>254036</ItemId>
    </Item>
    <Item>
      <PriceUpdateDate>2015-01-01 00:00:00</PriceUpdateDate>
      <ItemCode>6936036519022</ItemCode>
      <ItemType>0</ItemType>
      <ItemName>זוג כוסיות לנרונים פ</ItemName>
      <ManufacturerName>,</ManufacturerName>
      <ManufactureCountry>לא ידוע</ManufactureCountry>
      <ManufacturerItemDescription>זוג כוסיות לנרונים פשוט</ManufacturerItemDescription>
      <UnitQty>Unknown </UnitQty>
      <Quantity>0.00</Quantity>
      <UnitOfMeasure>Unknown </UnitOfMeasure>
      <bIsWeighted>0</bIsWeighted>
      <QtyInPackage>1</QtyInPackage>
      <ItemPrice>7.90</ItemPrice>
      <UnitOfMeasurePrice>0.0000</UnitOfMeasurePrice>
      <AllowDiscount>1</AllowDiscount>
      <ItemStatus>1</ItemStatus>
      <ItemId>254088</ItemId>
    </Item>
    <Item>
      <PriceUpdateDate>2016-06-09 16:26:01</PriceUpdateDate>
      <ItemCode>7290104857218</ItemCode>
      <ItemType>1</ItemType>
      <ItemName>צלחות לפתן שקוף 75 י</ItemName>
      <ManufacturerName>,</ManufacturerName>
      <ManufactureCountry>לא ידוע</ManufactureCountry>
      <ManufacturerItemDescription>צלחות לפתן שקוף 75 יח למיקרוגל</ManufacturerItemDescription>
      <UnitQty>Unknown </UnitQty>
      <Quantity>0.00</Quantity>
      <UnitOfMeasure>Unknown </UnitOfMeasure>
      <bIsWeighted>0</bIsWeighted>
      <QtyInPackage>1</QtyInPackage>
      <ItemPrice>7.90</ItemPrice>
      <UnitOfMeasurePrice>0.0000</UnitOfMeasurePrice>
      <AllowDiscount>1</AllowDiscount>
      <ItemStatus>1</ItemStatus>
      <ItemId>268424</ItemId>
    </Item>
    <Item>
      <PriceUpdateDate>2016-03-15 08:56:08</PriceUpdateDate>
      <ItemCode>7290104855276</ItemCode>
      <ItemType>1</ItemType>
      <ItemName>צלחות ענק לבן עם פס</ItemName>
      <ManufacturerName>,</ManufacturerName>
      <ManufactureCountry>לא ידוע</ManufactureCountry>
      <ManufacturerItemDescription>צלחות ענק לבן עם פס כסף 18 יח מילאנו</ManufacturerItemDescription>
      <UnitQty>Unknown </UnitQty>
      <Quantity>0.00</Quantity>
      <UnitOfMeasure>Unknown </UnitOfMeasure>
      <bIsWeighted>0</bIsWeighted>
      <QtyInPackage>1</QtyInPackage>
      <ItemPrice>24.90</ItemPrice>
      <UnitOfMeasurePrice>0.0000</UnitOfMeasurePrice>
      <AllowDiscount>1</AllowDiscount>
      <ItemStatus>1</ItemStatus>
      <ItemId>267384</ItemId>
    </Item>
    <Item>
      <PriceUpdateDate>2015-01-01 00:00:00</PriceUpdateDate>
      <ItemCode>1373501</ItemCode>
      <ItemType>0</ItemType>
      <ItemName>מתבל עגבניות היינץ</ItemName>
      <ManufacturerName>,</ManufacturerName>
      <ManufactureCountry>לא ידוע</ManufactureCountry>
      <ManufacturerItemDescription>קטשופ היינץ  1.250 ק"ג</ManufacturerItemDescription>
      <UnitQty>קילוגרמים</UnitQty>
      <Quantity>1.25</Quantity>
      <UnitOfMeasure>ק"ג     </UnitOfMeasure>
      <bIsWeighted>0</bIsWeighted>
      <QtyInPackage>1</QtyInPackage>
      <ItemPrice>16.90</ItemPrice>
      <UnitOfMeasurePrice>13.5200</UnitOfMeasurePrice>
      <AllowDiscount>1</AllowDiscount>
      <ItemStatus>1</ItemStatus>
      <ItemId>254099</ItemId>
    </Item>
    <Item>
      <PriceUpdateDate>2015-11-29 10:17:52</PriceUpdateDate>
      <ItemCode>6779595</ItemCode>
      <ItemType>0</ItemType>
      <ItemName>יין חברון עתיק 650 מ</ItemName>
      <ManufacturerName>,</ManufacturerName>
      <ManufactureCountry>לא ידוע</ManufactureCountry>
      <ManufacturerItemDescription>יין חברון עתיק 650 מ"ל</ManufacturerItemDescription>
      <UnitQty>מיליליטרים</UnitQty>
      <Quantity>650.00</Quantity>
      <UnitOfMeasure>100 מ"ל</UnitOfMeasure>
      <bIsWeighted>0</bIsWeighted>
      <QtyInPackage>1</QtyInPackage>
      <ItemPrice>9.90</ItemPrice>
      <UnitOfMeasurePrice>1.5231</UnitOfMeasurePrice>
      <AllowDiscount>1</AllowDiscount>
      <ItemStatus>1</ItemStatus>
      <ItemId>254100</ItemId>
    </Item>
    <Item>
      <PriceUpdateDate>2016-03-15 08:56:08</PriceUpdateDate>
      <ItemCode>7290104855283</ItemCode>
      <ItemType>1</ItemType>
      <ItemName>צלחות ענק לבן עם פס</ItemName>
      <ManufacturerName>,</ManufacturerName>
      <ManufactureCountry>לא ידוע</ManufactureCountry>
      <ManufacturerItemDescription>צלחות ענק לבן עם פס זהב 18 יח מילאנו</ManufacturerItemDescription>
      <UnitQty>Unknown </UnitQty>
      <Quantity>0.00</Quantity>
      <UnitOfMeasure>Unknown </UnitOfMeasure>
      <bIsWeighted>0</bIsWeighted>
      <QtyInPackage>1</QtyInPackage>
      <ItemPrice>24.90</ItemPrice>
      <UnitOfMeasurePrice>0.0000</UnitOfMeasurePrice>
      <AllowDiscount>1</AllowDiscount>
      <ItemStatus>1</ItemStatus>
      <ItemId>267385</ItemId>
    </Item>
    <Item>
      <PriceUpdateDate>2015-11-16 10:33:01</PriceUpdateDate>
      <ItemCode>7290011740214</ItemCode>
      <ItemType>0</ItemType>
      <ItemName>ציפס קלאסי 2 ק"ג</ItemName>
      <ManufacturerName>,</ManufacturerName>
      <ManufactureCountry>לא ידוע</ManufactureCountry>
      <ManufacturerItemDescription>ציפס קלאסי2  ק"ג</ManufacturerItemDescription>
      <UnitQty>קילוגרמים</UnitQty>
      <Quantity>2.00</Quantity>
      <UnitOfMeasure>ק"ג     </UnitOfMeasure>
      <bIsWeighted>0</bIsWeighted>
      <QtyInPackage>1</QtyInPackage>
      <ItemPrice>17.90</ItemPrice>
      <UnitOfMeasurePrice>8.9500</UnitOfMeasurePrice>
      <AllowDiscount>1</AllowDiscount>
      <ItemStatus>1</ItemStatus>
      <ItemId>254111</ItemId>
    </Item>
    <Item>
      <PriceUpdateDate>2015-11-15 17:16:05</PriceUpdateDate>
      <ItemCode>7290107934503</ItemCode>
      <ItemType>0</ItemType>
      <ItemName>מארז דנונה אקטיביה 3</ItemName>
      <ManufacturerName>שטראוס</ManufacturerName>
      <ManufactureCountry>לא ידוע</ManufactureCountry>
      <ManufacturerItemDescription>מארז דנונה אקטיביה 3% 4*150 מ"ל</ManufacturerItemDescription>
      <UnitQty>מיליליטרים</UnitQty>
      <Quantity>600.00</Quantity>
      <UnitOfMeasure>100 מ"ל</UnitOfMeasure>
      <bIsWeighted>0</bIsWeighted>
      <QtyInPackage>1</QtyInPackage>
      <ItemPrice>9.90</ItemPrice>
      <UnitOfMeasurePrice>1.6500</UnitOfMeasurePrice>
      <AllowDiscount>1</AllowDiscount>
      <ItemStatus>1</ItemStatus>
      <ItemId>265821</ItemId>
    </Item>
    <Item>
      <PriceUpdateDate>2015-01-01 00:00:00</PriceUpdateDate>
      <ItemCode>7290011240417</ItemCode>
      <ItemType>0</ItemType>
      <ItemName>יין דולב מרלו 750 מ"</ItemName>
      <ManufacturerName>יקבי ציון</ManufacturerName>
      <ManufactureCountry>לא ידוע</ManufactureCountry>
      <ManufacturerItemDescription>יין דולב מרלו 750 מ"ל</ManufacturerItemDescription>
      <UnitQty>מיליליטרים</UnitQty>
      <Quantity>750.00</Quantity>
      <UnitOfMeasure>100 מ"ל</UnitOfMeasure>
      <bIsWeighted>0</bIsWeighted>
      <QtyInPackage>1</QtyInPackage>
      <ItemPrice>18.90</ItemPrice>
      <UnitOfMeasurePrice>2.5200</UnitOfMeasurePrice>
      <AllowDiscount>1</AllowDiscount>
      <ItemStatus>1</ItemStatus>
      <ItemId>254113</ItemId>
    </Item>
    <Item>
      <PriceUpdateDate>2015-01-01 00:00:00</PriceUpdateDate>
      <ItemCode>7290011240905</ItemCode>
      <ItemType>0</ItemType>
      <ItemName>יין לבן מוסקטו מבעבע</ItemName>
      <ManufacturerName>יקבי ציון</ManufacturerName>
      <ManufactureCountry>לא ידוע</ManufactureCountry>
      <ManufacturerItemDescription>יין לבן מוסקטו מבעבע 750 מ"ל</ManufacturerItemDescription>
      <UnitQty>מיליליטרים</UnitQty>
      <Quantity>750.00</Quantity>
      <UnitOfMeasure>100 מ"ל</UnitOfMeasure>
      <bIsWeighted>0</bIsWeighted>
      <QtyInPackage>1</QtyInPackage>
      <ItemPrice>24.90</ItemPrice>
      <UnitOfMeasurePrice>3.3200</UnitOfMeasurePrice>
      <AllowDiscount>1</AllowDiscount>
      <ItemStatus>1</ItemStatus>
      <ItemId>254115</ItemId>
    </Item>
    <Item>
      <PriceUpdateDate>2015-01-01 00:00:00</PriceUpdateDate>
      <ItemCode>7290011240592</ItemCode>
      <ItemType>0</ItemType>
      <ItemName>יין דולב קברנה סמי ח</ItemName>
      <ManufacturerName>יקבי ציון</ManufacturerName>
      <ManufactureCountry>לא ידוע</ManufactureCountry>
      <ManufacturerItemDescription>יין דולב קברנה סמי חצי מתוק 750 מ"ל</ManufacturerItemDescription>
      <UnitQty>מיליליטרים</UnitQty>
      <Quantity>750.00</Quantity>
      <UnitOfMeasure>100 מ"ל</UnitOfMeasure>
      <bIsWeighted>0</bIsWeighted>
      <QtyInPackage>1</QtyInPackage>
      <ItemPrice>18.90</ItemPrice>
      <UnitOfMeasurePrice>2.5200</UnitOfMeasurePrice>
      <AllowDiscount>1</AllowDiscount>
      <ItemStatus>1</ItemStatus>
      <ItemId>254116</ItemId>
    </Item>
    <Item>
      <PriceUpdateDate>2015-01-01 00:00:00</PriceUpdateDate>
      <ItemCode>7290014875074</ItemCode>
      <ItemType>0</ItemType>
      <ItemName>שווארמה מן הצומח 400</ItemName>
      <ManufacturerName>טבעול ישראל</ManufacturerName>
      <ManufactureCountry>ישראל</ManufactureCountry>
      <ManufacturerItemDescription>שווארמה מן הצומח 400 גרם טבעול</ManufacturerItemDescription>
      <UnitQty>גרמים</UnitQty>
      <Quantity>400.00</Quantity>
      <UnitOfMeasure>100 גרם</UnitOfMeasure>
      <bIsWeighted>0</bIsWeighted>
      <QtyInPackage>1</QtyInPackage>
      <ItemPrice>21.90</ItemPrice>
      <UnitOfMeasurePrice>5.4750</UnitOfMeasurePrice>
      <AllowDiscount>1</AllowDiscount>
      <ItemStatus>1</ItemStatus>
      <ItemId>254120</ItemId>
    </Item>
    <Item>
      <PriceUpdateDate>2015-01-01 00:00:00</PriceUpdateDate>
      <ItemCode>7290107875400</ItemCode>
      <ItemType>0</ItemType>
      <ItemName>גלידה לה קרמריה פיסט</ItemName>
      <ManufacturerName>גלידות נסטלה</ManufacturerName>
      <ManufactureCountry>לא ידוע</ManufactureCountry>
      <ManufacturerItemDescription>גלידה לה קרמריה פיסטוק מוקה 1.4 ליטר</ManufacturerItemDescription>
      <UnitQty>ליטרים</UnitQty>
      <Quantity>1.40</Quantity>
      <UnitOfMeasure>ליטר    </UnitOfMeasure>
      <bIsWeighted>0</bIsWeighted>
      <QtyInPackage>1</QtyInPackage>
      <ItemPrice>14.90</ItemPrice>
      <UnitOfMeasurePrice>10.6429</UnitOfMeasurePrice>
      <AllowDiscount>1</AllowDiscount>
      <ItemStatus>1</ItemStatus>
      <ItemId>254121</ItemId>
    </Item>
    <Item>
      <PriceUpdateDate>2015-01-01 00:00:00</PriceUpdateDate>
      <ItemCode>7290107874632</ItemCode>
      <ItemType>0</ItemType>
      <ItemName>מאגדת אמוגי 4 יח</ItemName>
      <ManufacturerName>גלידות נסטלה</ManufacturerName>
      <ManufactureCountry>לא ידוע</ManufactureCountry>
      <ManufacturerItemDescription>מאגדת אמוגי 4 יח</ManufacturerItemDescription>
      <UnitQty>גרמים</UnitQty>
      <Quantity>468.00</Quantity>
      <UnitOfMeasure>100 גרם</UnitOfMeasure>
      <bIsWeighted>0</bIsWeighted>
      <QtyInPackage>1</QtyInPackage>
      <ItemPrice>14.90</ItemPrice>
      <UnitOfMeasurePrice>3.1838</UnitOfMeasurePrice>
      <AllowDiscount>1</AllowDiscount>
      <ItemStatus>1</ItemStatus>
      <ItemId>254122</ItemId>
    </Item>
    <Item>
      <PriceUpdateDate>2015-10-28 16:01:18</PriceUpdateDate>
      <ItemCode>7290104855443</ItemCode>
      <ItemType>0</ItemType>
      <ItemName>גביע 500 מ"ל 35 יח</ItemName>
      <ManufacturerName>צח ליין</ManufacturerName>
      <ManufactureCountry>לא ידוע</ManufactureCountry>
      <ManufacturerItemDescription>גביע 500 מ"ל 35 יח</ManufacturerItemDescription>
      <UnitQty>Unknown </UnitQty>
      <Quantity>0.00</Quantity>
      <UnitOfMeasure>Unknown </UnitOfMeasure>
      <bIsWeighted>0</bIsWeighted>
      <QtyInPackage>1</QtyInPackage>
      <ItemPrice>19.90</ItemPrice>
      <UnitOfMeasurePrice>0.0000</UnitOfMeasurePrice>
      <AllowDiscount>1</AllowDiscount>
      <ItemStatus>1</ItemStatus>
      <ItemId>265687</ItemId>
    </Item>
    <Item>
      <PriceUpdateDate>2015-09-20 12:48:04</PriceUpdateDate>
      <ItemCode>8690637704376</ItemCode>
      <ItemType>0</ItemType>
      <ItemName>שמפו דאב יום יומי 2</ItemName>
      <ManufacturerName>יוניליוור</ManufacturerName>
      <ManufactureCountry>תורכיה</ManufactureCountry>
      <ManufacturerItemDescription>שמפו דאב יום יומי 2 ב- 1 600 מל</ManufacturerItemDescription>
      <UnitQty>מיליליטרים</UnitQty>
      <Quantity>600.00</Quantity>
      <UnitOfMeasure>100 מ"ל</UnitOfMeasure>
      <bIsWeighted>0</bIsWeighted>
      <QtyInPackage>1</QtyInPackage>
      <ItemPrice>16.90</ItemPrice>
      <UnitOfMeasurePrice>2.8167</UnitOfMeasurePrice>
      <AllowDiscount>1</AllowDiscount>
      <ItemStatus>1</ItemStatus>
      <ItemId>254124</ItemId>
    </Item>
    <Item>
      <PriceUpdateDate>2015-09-20 12:48:04</PriceUpdateDate>
      <ItemCode>8690637704437</ItemCode>
      <ItemType>0</ItemType>
      <ItemName>שמפו דאב שמני הזנה 6</ItemName>
      <ManufacturerName>יוניליוור</ManufacturerName>
      <ManufactureCountry>תורכיה</ManufactureCountry>
      <ManufacturerItemDescription>שמפו דאב שמני הזנה 600 מל</ManufacturerItemDescription>
      <UnitQty>מיליליטרים</UnitQty>
      <Quantity>600.00</Quantity>
      <UnitOfMeasure>100 מ"ל</UnitOfMeasure>
      <bIsWeighted>0</bIsWeighted>
      <QtyInPackage>1</QtyInPackage>
      <ItemPrice>16.90</ItemPrice>
      <UnitOfMeasurePrice>2.8167</UnitOfMeasurePrice>
      <AllowDiscount>1</AllowDiscount>
      <ItemStatus>1</ItemStatus>
      <ItemId>254125</ItemId>
    </Item>
    <Item>
      <PriceUpdateDate>2016-07-04 16:25:35</PriceUpdateDate>
      <ItemCode>4770237054409</ItemCode>
      <ItemType>1</ItemType>
      <ItemName>גלידה יוגורט עם פטל</ItemName>
      <ManufacturerName>,</ManufacturerName>
      <ManufactureCountry>לא ידוע</ManufactureCountry>
      <ManufacturerItemDescription>גלידה יוגורט עם פטל ורימון בכוס</ManufacturerItemDescription>
      <UnitQty>גרמים</UnitQty>
      <Quantity>82.00</Quantity>
      <UnitOfMeasure>100 גרם</UnitOfMeasure>
      <bIsWeighted>0</bIsWeighted>
      <QtyInPackage>1</QtyInPackage>
      <ItemPrice>4.90</ItemPrice>
      <UnitOfMeasurePrice>5.9756</UnitOfMeasurePrice>
      <AllowDiscount>1</AllowDiscount>
      <ItemStatus>1</ItemStatus>
      <ItemId>268773</ItemId>
    </Item>
    <Item>
      <PriceUpdateDate>2015-01-01 00:00:00</PriceUpdateDate>
      <ItemCode>7290103156749</ItemCode>
      <ItemType>0</ItemType>
      <ItemName>מגש מחולק ל 4 גדול</ItemName>
      <ManufacturerName>HANTRONIX</ManufacturerName>
      <ManufactureCountry>לא ידוע</ManufactureCountry>
      <ManufacturerItemDescription>מגש מחולק ל 4 גדול</ManufacturerItemDescription>
      <UnitQty>Unknown </UnitQty>
      <Quantity>0.00</Quantity>
      <UnitOfMeasure>Unknown </UnitOfMeasure>
      <bIsWeighted>0</bIsWeighted>
      <QtyInPackage>1</QtyInPackage>
      <ItemPrice>6.90</ItemPrice>
      <UnitOfMeasurePrice>0.0000</UnitOfMeasurePrice>
      <AllowDiscount>1</AllowDiscount>
      <ItemStatus>1</ItemStatus>
      <ItemId>254182</ItemId>
    </Item>
    <Item>
      <PriceUpdateDate>2015-01-01 00:00:00</PriceUpdateDate>
      <ItemCode>4084500514027</ItemCode>
      <ItemType>0</ItemType>
      <ItemName>נוזל כביסה אריאל 3.9</ItemName>
      <ManufacturerName>פרוקטר</ManufacturerName>
      <ManufactureCountry>לא ידוע</ManufactureCountry>
      <ManufacturerItemDescription>נוזל כביסה אריאל 3.95 ליטר ניחוח הרים</ManufacturerItemDescription>
      <UnitQty>ליטרים</UnitQty>
      <Quantity>3.95</Quantity>
      <UnitOfMeasure>ליטר    </UnitOfMeasure>
      <bIsWeighted>0</bIsWeighted>
      <QtyInPackage>1</QtyInPackage>
      <ItemPrice>44.90</ItemPrice>
      <UnitOfMeasurePrice>11.3671</UnitOfMeasurePrice>
      <AllowDiscount>1</AllowDiscount>
      <ItemStatus>1</ItemStatus>
      <ItemId>254213</ItemId>
    </Item>
    <Item>
      <PriceUpdateDate>2015-09-20 12:48:04</PriceUpdateDate>
      <ItemCode>8690637704291</ItemCode>
      <ItemType>0</ItemType>
      <ItemName>שמפו דאב משקם 600 מ"</ItemName>
      <ManufacturerName>יוניליוור</ManufacturerName>
      <ManufactureCountry>תורכיה</ManufactureCountry>
      <ManufacturerItemDescription>שמפו דאב משקם 600 מל</ManufacturerItemDescription>
      <UnitQty>מיליליטרים</UnitQty>
      <Quantity>600.00</Quantity>
      <UnitOfMeasure>100 מ"ל</UnitOfMeasure>
      <bIsWeighted>0</bIsWeighted>
      <QtyInPackage>1</QtyInPackage>
      <ItemPrice>16.90</ItemPrice>
      <UnitOfMeasurePrice>2.8167</UnitOfMeasurePrice>
      <AllowDiscount>1</AllowDiscount>
      <ItemStatus>1</ItemStatus>
      <ItemId>254214</ItemId>
    </Item>
    <Item>
      <PriceUpdateDate>2015-09-20 12:48:04</PriceUpdateDate>
      <ItemCode>8690637704277</ItemCode>
      <ItemType>0</ItemType>
      <ItemName>שמפו דאב יום יומי 2</ItemName>
      <ManufacturerName>יוניליוור</ManufacturerName>
      <ManufactureCountry>תורכיה</ManufactureCountry>
      <ManufacturerItemDescription>שמפו דאב יום יומי 2 ב- 1 600 מל</ManufacturerItemDescription>
      <UnitQty>מיליליטרים</UnitQty>
      <Quantity>600.00</Quantity>
      <UnitOfMeasure>100 מ"ל</UnitOfMeasure>
      <bIsWeighted>0</bIsWeighted>
      <QtyInPackage>1</QtyInPackage>
      <ItemPrice>16.90</ItemPrice>
      <UnitOfMeasurePrice>2.8167</UnitOfMeasurePrice>
      <AllowDiscount>1</AllowDiscount>
      <ItemStatus>1</ItemStatus>
      <ItemId>254215</ItemId>
    </Item>
    <Item>
      <PriceUpdateDate>2015-09-20 12:48:04</PriceUpdateDate>
      <ItemCode>8690637704475</ItemCode>
      <ItemType>0</ItemType>
      <ItemName>שמפו דאב נגד קשקשים</ItemName>
      <ManufacturerName>יוניליוור</ManufacturerName>
      <ManufactureCountry>תורכיה</ManufactureCountry>
      <ManufacturerItemDescription>שמפו דאב נגד קשקשים 600 מל</ManufacturerItemDescription>
      <UnitQty>מיליליטרים</UnitQty>
      <Quantity>600.00</Quantity>
      <UnitOfMeasure>100 מ"ל</UnitOfMeasure>
      <bIsWeighted>0</bIsWeighted>
      <QtyInPackage>1</QtyInPackage>
      <ItemPrice>16.90</ItemPrice>
      <UnitOfMeasurePrice>2.8167</UnitOfMeasurePrice>
      <AllowDiscount>1</AllowDiscount>
      <ItemStatus>1</ItemStatus>
      <ItemId>254216</ItemId>
    </Item>
    <Item>
      <PriceUpdateDate>2015-09-20 12:48:05</PriceUpdateDate>
      <ItemCode>8690637704413</ItemCode>
      <ItemType>0</ItemType>
      <ItemName>מרכך דאב יום יומי 60</ItemName>
      <ManufacturerName>יוניליוור</ManufacturerName>
      <ManufactureCountry>תורכיה</ManufactureCountry>
      <ManufacturerItemDescription>מרכך דאב יום יומי 600 מל</ManufacturerItemDescription>
      <UnitQty>מיליליטרים</UnitQty>
      <Quantity>600.00</Quantity>
      <UnitOfMeasure>100 מ"ל</UnitOfMeasure>
      <bIsWeighted>0</bIsWeighted>
      <QtyInPackage>1</QtyInPackage>
      <ItemPrice>16.90</ItemPrice>
      <UnitOfMeasurePrice>2.8167</UnitOfMeasurePrice>
      <AllowDiscount>1</AllowDiscount>
      <ItemStatus>1</ItemStatus>
      <ItemId>254217</ItemId>
    </Item>
    <Item>
      <PriceUpdateDate>2015-09-20 12:48:05</PriceUpdateDate>
      <ItemCode>8690637704390</ItemCode>
      <ItemType>0</ItemType>
      <ItemName>מרכך דאב משקם 600 מ"</ItemName>
      <ManufacturerName>יוניליוור</ManufacturerName>
      <ManufactureCountry>תורכיה</ManufactureCountry>
      <ManufacturerItemDescription>מרכך דאב משקם 600 מל</ManufacturerItemDescription>
      <UnitQty>מיליליטרים</UnitQty>
      <Quantity>600.00</Quantity>
      <UnitOfMeasure>100 מ"ל</UnitOfMeasure>
      <bIsWeighted>0</bIsWeighted>
      <QtyInPackage>1</QtyInPackage>
      <ItemPrice>16.90</ItemPrice>
      <UnitOfMeasurePrice>2.8167</UnitOfMeasurePrice>
      <AllowDiscount>1</AllowDiscount>
      <ItemStatus>1</ItemStatus>
      <ItemId>254218</ItemId>
    </Item>
    <Item>
      <PriceUpdateDate>2015-09-20 12:48:05</PriceUpdateDate>
      <ItemCode>8690637704451</ItemCode>
      <ItemType>0</ItemType>
      <ItemName>מרכך דאב שמני הזנה</ItemName>
      <ManufacturerName>יוניליוור</ManufacturerName>
      <ManufactureCountry>תורכיה</ManufactureCountry>
      <ManufacturerItemDescription>מרכך דאב שמני הזנה 600 מל</ManufacturerItemDescription>
      <UnitQty>מיליליטרים</UnitQty>
      <Quantity>600.00</Quantity>
      <UnitOfMeasure>100 מ"ל</UnitOfMeasure>
      <bIsWeighted>0</bIsWeighted>
      <QtyInPackage>1</QtyInPackage>
      <ItemPrice>16.90</ItemPrice>
      <UnitOfMeasurePrice>2.8167</UnitOfMeasurePrice>
      <AllowDiscount>1</AllowDiscount>
      <ItemStatus>1</ItemStatus>
      <ItemId>254219</ItemId>
    </Item>
    <Item>
      <PriceUpdateDate>2015-01-01 00:00:00</PriceUpdateDate>
      <ItemCode>7290102396788</ItemCode>
      <ItemType>0</ItemType>
      <ItemName>שוקו בשקית מו 200 מ"</ItemName>
      <ManufacturerName>טרה</ManufacturerName>
      <ManufactureCountry>לא ידוע</ManufactureCountry>
      <ManufacturerItemDescription>שוקו בשקית מו 200 מ"ל</ManufacturerItemDescription>
      <UnitQty>מיליליטרים</UnitQty>
      <Quantity>200.00</Quantity>
      <UnitOfMeasure>100 מ"ל</UnitOfMeasure>
      <bIsWeighted>0</bIsWeighted>
      <QtyInPackage>1</QtyInPackage>
      <ItemPrice>2.50</ItemPrice>
      <UnitOfMeasurePrice>1.2500</UnitOfMeasurePrice>
      <AllowDiscount>1</AllowDiscount>
      <ItemStatus>1</ItemStatus>
      <ItemId>254220</ItemId>
    </Item>
    <Item>
      <PriceUpdateDate>2015-01-01 00:00:00</PriceUpdateDate>
      <ItemCode>7290015642118</ItemCode>
      <ItemType>0</ItemType>
      <ItemName>חציל יווני 400 גרם</ItemName>
      <ManufacturerName>מעדני מיקי תעשיות מז</ManufacturerName>
      <ManufactureCountry>ישראל</ManufactureCountry>
      <ManufacturerItemDescription>חציל יווני 400 גרם</ManufacturerItemDescription>
      <UnitQty>גרמים</UnitQty>
      <Quantity>400.00</Quantity>
      <UnitOfMeasure>100 גרם</UnitOfMeasure>
      <bIsWeighted>0</bIsWeighted>
      <QtyInPackage>1</QtyInPackage>
      <ItemPrice>7.90</ItemPrice>
      <UnitOfMeasurePrice>1.9750</UnitOfMeasurePrice>
      <AllowDiscount>1</AllowDiscount>
      <ItemStatus>1</ItemStatus>
      <ItemId>254232</ItemId>
    </Item>
    <Item>
      <PriceUpdateDate>2015-01-01 00:00:00</PriceUpdateDate>
      <ItemCode>208312</ItemCode>
      <ItemType>0</ItemType>
      <ItemName>תירס גרעינים ואקום י</ItemName>
      <ManufacturerName>זנלכל</ManufacturerName>
      <ManufactureCountry>לא ידוע</ManufactureCountry>
      <ManufacturerItemDescription>תירס גרעינים ואקום יכין</ManufacturerItemDescription>
      <UnitQty>Unknown </UnitQty>
      <Quantity>0.00</Quantity>
      <UnitOfMeasure>Unknown </UnitOfMeasure>
      <bIsWeighted>0</bIsWeighted>
      <QtyInPackage>1</QtyInPackage>
      <ItemPrice>4.90</ItemPrice>
      <UnitOfMeasurePrice>0.0000</UnitOfMeasurePrice>
      <AllowDiscount>1</AllowDiscount>
      <ItemStatus>1</ItemStatus>
      <ItemId>254243</ItemId>
    </Item>
    <Item>
      <PriceUpdateDate>2015-09-21 08:48:23</PriceUpdateDate>
      <ItemCode>64144090051</ItemCode>
      <ItemType>0</ItemType>
      <ItemName>תרסיס שמן קנולה 148</ItemName>
      <ManufacturerName>קונגרה</ManufacturerName>
      <ManufactureCountry>ארצות הברית</ManufactureCountry>
      <ManufacturerItemDescription>תרסיס שמן קנולה 148 מל</ManufacturerItemDescription>
      <UnitQty>מיליליטרים</UnitQty>
      <Quantity>148.00</Quantity>
      <UnitOfMeasure>100 מ"ל</UnitOfMeasure>
      <bIsWeighted>0</bIsWeighted>
      <QtyInPackage>1</QtyInPackage>
      <ItemPrice>16.90</ItemPrice>
      <UnitOfMeasurePrice>11.4189</UnitOfMeasurePrice>
      <AllowDiscount>1</AllowDiscount>
      <ItemStatus>1</ItemStatus>
      <ItemId>254244</ItemId>
    </Item>
    <Item>
      <PriceUpdateDate>2015-01-01 00:00:00</PriceUpdateDate>
      <ItemCode>7290013268198</ItemCode>
      <ItemType>0</ItemType>
      <ItemName>תחליב רחצה כיף מאסק</ItemName>
      <ManufacturerName>קוסמופארם</ManufacturerName>
      <ManufactureCountry>לא ידוע</ManufactureCountry>
      <ManufacturerItemDescription>תחליב רחצה כיף מאסק ויסמין 750 מ"ל</ManufacturerItemDescription>
      <UnitQty>מיליליטרים</UnitQty>
      <Quantity>750.00</Quantity>
      <UnitOfMeasure>100 מ"ל</UnitOfMeasure>
      <bIsWeighted>0</bIsWeighted>
      <QtyInPackage>1</QtyInPackage>
      <ItemPrice>12.90</ItemPrice>
      <UnitOfMeasurePrice>1.7200</UnitOfMeasurePrice>
      <AllowDiscount>1</AllowDiscount>
      <ItemStatus>1</ItemStatus>
      <ItemId>254254</ItemId>
    </Item>
    <Item>
      <PriceUpdateDate>2015-01-01 00:00:00</PriceUpdateDate>
      <ItemCode>7290010328680</ItemCode>
      <ItemType>0</ItemType>
      <ItemName>עוגת שוקולד עם שוקוצ</ItemName>
      <ManufacturerName>אחדות ביחר לטחינה חל</ManufacturerName>
      <ManufactureCountry>לא ידוע</ManufactureCountry>
      <ManufacturerItemDescription>עוגת שוקולד עם שוקוציפס מריר ולבן 450 גר</ManufacturerItemDescription>
      <UnitQty>גרמים</UnitQty>
      <Quantity>450.00</Quantity>
      <UnitOfMeasure>100 גרם</UnitOfMeasure>
      <bIsWeighted>0</bIsWeighted>
      <QtyInPackage>1</QtyInPackage>
      <ItemPrice>8.90</ItemPrice>
      <UnitOfMeasurePrice>1.9778</UnitOfMeasurePrice>
      <AllowDiscount>1</AllowDiscount>
      <ItemStatus>1</ItemStatus>
      <ItemId>254284</ItemId>
    </Item>
    <Item>
      <PriceUpdateDate>2015-07-22 08:19:53</PriceUpdateDate>
      <ItemCode>7290107280761</ItemCode>
      <ItemType>0</ItemType>
      <ItemName>נוזל כלים ספארק+משאב</ItemName>
      <ManufacturerName>סנו</ManufacturerName>
      <ManufactureCountry>לא ידוע</ManufactureCountry>
      <ManufacturerItemDescription>נוזל כלים סנו ספארק לימון משאבה 1 ליטר</ManufacturerItemDescription>
      <UnitQty>ליטרים</UnitQty>
      <Quantity>1.00</Quantity>
      <UnitOfMeasure>ליטר    </UnitOfMeasure>
      <bIsWeighted>0</bIsWeighted>
      <QtyInPackage>1</QtyInPackage>
      <ItemPrice>7.90</ItemPrice>
      <UnitOfMeasurePrice>7.9000</UnitOfMeasurePrice>
      <AllowDiscount>1</AllowDiscount>
      <ItemStatus>1</ItemStatus>
      <ItemId>254289</ItemId>
    </Item>
    <Item>
      <PriceUpdateDate>2015-09-21 13:25:28</PriceUpdateDate>
      <ItemCode>7290014555686</ItemCode>
      <ItemType>0</ItemType>
      <ItemName>שמפו נובו לשיער רגיל</ItemName>
      <ManufacturerName>,</ManufacturerName>
      <ManufactureCountry>לא ידוע</ManufactureCountry>
      <ManufacturerItemDescription>שמפו נובו לשיער רגיל 700 מ"ל</ManufacturerItemDescription>
      <UnitQty>מיליליטרים</UnitQty>
      <Quantity>700.00</Quantity>
      <UnitOfMeasure>100 מ"ל</UnitOfMeasure>
      <bIsWeighted>0</bIsWeighted>
      <QtyInPackage>1</QtyInPackage>
      <ItemPrice>7.90</ItemPrice>
      <UnitOfMeasurePrice>1.1286</UnitOfMeasurePrice>
      <AllowDiscount>1</AllowDiscount>
      <ItemStatus>1</ItemStatus>
      <ItemId>254292</ItemId>
    </Item>
    <Item>
      <PriceUpdateDate>2015-09-21 13:25:28</PriceUpdateDate>
      <ItemCode>7290014555693</ItemCode>
      <ItemType>0</ItemType>
      <ItemName>שמפו נובו לשיער יבש/</ItemName>
      <ManufacturerName>,</ManufacturerName>
      <ManufactureCountry>לא ידוע</ManufactureCountry>
      <ManufacturerItemDescription>שמפו נובו לשיער יבש/צבוע 700 מ"ל</ManufacturerItemDescription>
      <UnitQty>מיליליטרים</UnitQty>
      <Quantity>700.00</Quantity>
      <UnitOfMeasure>100 מ"ל</UnitOfMeasure>
      <bIsWeighted>0</bIsWeighted>
      <QtyInPackage>1</QtyInPackage>
      <ItemPrice>7.90</ItemPrice>
      <UnitOfMeasurePrice>1.1286</UnitOfMeasurePrice>
      <AllowDiscount>1</AllowDiscount>
      <ItemStatus>1</ItemStatus>
      <ItemId>254293</ItemId>
    </Item>
    <Item>
      <PriceUpdateDate>2015-09-21 13:25:28</PriceUpdateDate>
      <ItemCode>7290014555716</ItemCode>
      <ItemType>0</ItemType>
      <ItemName>מרכך נובו לכל סוגי ה</ItemName>
      <ManufacturerName>,</ManufacturerName>
      <ManufactureCountry>לא ידוע</ManufactureCountry>
      <ManufacturerItemDescription>מרכך נובו לכל סוגי השיער 700 מ"ל</ManufacturerItemDescription>
      <UnitQty>מיליליטרים</UnitQty>
      <Quantity>700.00</Quantity>
      <UnitOfMeasure>100 מ"ל</UnitOfMeasure>
      <bIsWeighted>0</bIsWeighted>
      <QtyInPackage>1</QtyInPackage>
      <ItemPrice>7.90</ItemPrice>
      <UnitOfMeasurePrice>1.1286</UnitOfMeasurePrice>
      <AllowDiscount>1</AllowDiscount>
      <ItemStatus>1</ItemStatus>
      <ItemId>254294</ItemId>
    </Item>
    <Item>
      <PriceUpdateDate>2015-09-21 13:25:28</PriceUpdateDate>
      <ItemCode>7290014555723</ItemCode>
      <ItemType>0</ItemType>
      <ItemName>תחליב רחצה נובו אקזו</ItemName>
      <ManufacturerName>,</ManufacturerName>
      <ManufactureCountry>לא ידוע</ManufactureCountry>
      <ManufacturerItemDescription>תחליב רחצה נובו אקזוטי 700 מ"ל</ManufacturerItemDescription>
      <UnitQty>מיליליטרים</UnitQty>
      <Quantity>700.00</Quantity>
      <UnitOfMeasure>100 מ"ל</UnitOfMeasure>
      <bIsWeighted>0</bIsWeighted>
      <QtyInPackage>1</QtyInPackage>
      <ItemPrice>7.90</ItemPrice>
      <UnitOfMeasurePrice>1.1286</UnitOfMeasurePrice>
      <AllowDiscount>1</AllowDiscount>
      <ItemStatus>1</ItemStatus>
      <ItemId>254295</ItemId>
    </Item>
    <Item>
      <PriceUpdateDate>2015-09-21 13:25:28</PriceUpdateDate>
      <ItemCode>7290014555730</ItemCode>
      <ItemType>0</ItemType>
      <ItemName>תחליב רחצה נובו דבש</ItemName>
      <ManufacturerName>,</ManufacturerName>
      <ManufactureCountry>לא ידוע</ManufactureCountry>
      <ManufacturerItemDescription>תחליב רחצה נובו דבש 700 מ"ל</ManufacturerItemDescription>
      <UnitQty>מיליליטרים</UnitQty>
      <Quantity>700.00</Quantity>
      <UnitOfMeasure>100 מ"ל</UnitOfMeasure>
      <bIsWeighted>0</bIsWeighted>
      <QtyInPackage>1</QtyInPackage>
      <ItemPrice>7.90</ItemPrice>
      <UnitOfMeasurePrice>1.1286</UnitOfMeasurePrice>
      <AllowDiscount>1</AllowDiscount>
      <ItemStatus>1</ItemStatus>
      <ItemId>254296</ItemId>
    </Item>
    <Item>
      <PriceUpdateDate>2015-09-21 13:25:28</PriceUpdateDate>
      <ItemCode>7290014555747</ItemCode>
      <ItemType>0</ItemType>
      <ItemName>תחליב רחצה נובו הרבל</ItemName>
      <ManufacturerName>,</ManufacturerName>
      <ManufactureCountry>לא ידוע</ManufactureCountry>
      <ManufacturerItemDescription>תחליב רחצה נובו הרבל 700 מ"ל</ManufacturerItemDescription>
      <UnitQty>מיליליטרים</UnitQty>
      <Quantity>700.00</Quantity>
      <UnitOfMeasure>100 מ"ל</UnitOfMeasure>
      <bIsWeighted>0</bIsWeighted>
      <QtyInPackage>1</QtyInPackage>
      <ItemPrice>7.90</ItemPrice>
      <UnitOfMeasurePrice>1.1286</UnitOfMeasurePrice>
      <AllowDiscount>1</AllowDiscount>
      <ItemStatus>1</ItemStatus>
      <ItemId>254297</ItemId>
    </Item>
    <Item>
      <PriceUpdateDate>2015-09-21 13:25:28</PriceUpdateDate>
      <ItemCode>7290014555754</ItemCode>
      <ItemType>0</ItemType>
      <ItemName>תחליב רחצה נובו בלוס</ItemName>
      <ManufacturerName>,</ManufacturerName>
      <ManufactureCountry>לא ידוע</ManufactureCountry>
      <ManufacturerItemDescription>תחליב רחצה נובו בלוסום 700 מ"ל</ManufacturerItemDescription>
      <UnitQty>מיליליטרים</UnitQty>
      <Quantity>700.00</Quantity>
      <UnitOfMeasure>100 מ"ל</UnitOfMeasure>
      <bIsWeighted>0</bIsWeighted>
      <QtyInPackage>1</QtyInPackage>
      <ItemPrice>7.90</ItemPrice>
      <UnitOfMeasurePrice>1.1286</UnitOfMeasurePrice>
      <AllowDiscount>1</AllowDiscount>
      <ItemStatus>1</ItemStatus>
      <ItemId>254298</ItemId>
    </Item>
    <Item>
      <PriceUpdateDate>2015-09-21 13:25:28</PriceUpdateDate>
      <ItemCode>7290014555778</ItemCode>
      <ItemType>0</ItemType>
      <ItemName>תחליב רחצה לגבר נובו</ItemName>
      <ManufacturerName>,</ManufacturerName>
      <ManufactureCountry>לא ידוע</ManufactureCountry>
      <ManufacturerItemDescription>תחליב רחצה לגבר נובו בלייז 700 מ"ל</ManufacturerItemDescription>
      <UnitQty>מיליליטרים</UnitQty>
      <Quantity>700.00</Quantity>
      <UnitOfMeasure>100 מ"ל</UnitOfMeasure>
      <bIsWeighted>0</bIsWeighted>
      <QtyInPackage>1</QtyInPackage>
      <ItemPrice>7.90</ItemPrice>
      <UnitOfMeasurePrice>1.1286</UnitOfMeasurePrice>
      <AllowDiscount>1</AllowDiscount>
      <ItemStatus>1</ItemStatus>
      <ItemId>254299</ItemId>
    </Item>
    <Item>
      <PriceUpdateDate>2015-09-21 13:25:28</PriceUpdateDate>
      <ItemCode>7290014555785</ItemCode>
      <ItemType>0</ItemType>
      <ItemName>תחליב רחצה לגבר נובו</ItemName>
      <ManufacturerName>,</ManufacturerName>
      <ManufactureCountry>לא ידוע</ManufactureCountry>
      <ManufacturerItemDescription>תחליב רחצה לגבר נובו וויב 700 מ"ל</ManufacturerItemDescription>
      <UnitQty>מיליליטרים</UnitQty>
      <Quantity>700.00</Quantity>
      <UnitOfMeasure>100 מ"ל</UnitOfMeasure>
      <bIsWeighted>0</bIsWeighted>
      <QtyInPackage>1</QtyInPackage>
      <ItemPrice>7.90</ItemPrice>
      <UnitOfMeasurePrice>1.1286</UnitOfMeasurePrice>
      <AllowDiscount>1</AllowDiscount>
      <ItemStatus>1</ItemStatus>
      <ItemId>254300</ItemId>
    </Item>
    <Item>
      <PriceUpdateDate>2015-01-01 00:00:00</PriceUpdateDate>
      <ItemCode>7290107280570</ItemCode>
      <ItemType>0</ItemType>
      <ItemName>גל כביסה מיקס לכביסה</ItemName>
      <ManufacturerName>סנו</ManufacturerName>
      <ManufactureCountry>לא ידוע</ManufactureCountry>
      <ManufacturerItemDescription>גל כביסה מיקס לכביסה צבעונית 3 ליטר</ManufacturerItemDescription>
      <UnitQty>ליטרים</UnitQty>
      <Quantity>3.00</Quantity>
      <UnitOfMeasure>ליטר    </UnitOfMeasure>
      <bIsWeighted>0</bIsWeighted>
      <QtyInPackage>1</QtyInPackage>
      <ItemPrice>34.90</ItemPrice>
      <UnitOfMeasurePrice>11.6333</UnitOfMeasurePrice>
      <AllowDiscount>1</AllowDiscount>
      <ItemStatus>1</ItemStatus>
      <ItemId>254311</ItemId>
    </Item>
    <Item>
      <PriceUpdateDate>2015-01-01 00:00:00</PriceUpdateDate>
      <ItemCode>7290014791589</ItemCode>
      <ItemType>0</ItemType>
      <ItemName>תפוזינה לימונענע 1.5</ItemName>
      <ManufacturerName>יפאורה תבורי</ManufacturerName>
      <ManufactureCountry>לא ידוע</ManufactureCountry>
      <ManufacturerItemDescription>תפוזינה לימונדה נענע 1.5 ליטר</ManufacturerItemDescription>
      <UnitQty>ליטרים</UnitQty>
      <Quantity>1.50</Quantity>
      <UnitOfMeasure>ליטר    </UnitOfMeasure>
      <bIsWeighted>0</bIsWeighted>
      <QtyInPackage>1</QtyInPackage>
      <ItemPrice>5.90</ItemPrice>
      <UnitOfMeasurePrice>3.9333</UnitOfMeasurePrice>
      <AllowDiscount>1</AllowDiscount>
      <ItemStatus>1</ItemStatus>
      <ItemId>254317</ItemId>
    </Item>
    <Item>
      <PriceUpdateDate>2015-09-21 12:16:23</PriceUpdateDate>
      <ItemCode>23441</ItemCode>
      <ItemType>0</ItemType>
      <ItemName>ליקר סטוק שוקולד קוק</ItemName>
      <ManufacturerName>ברקן סגל</ManufacturerName>
      <ManufactureCountry>לא ידוע</ManufactureCountry>
      <ManufacturerItemDescription>ליקר סטוק שוקולד קוקטייל 750 מ"ל</ManufacturerItemDescription>
      <UnitQty>מיליליטרים</UnitQty>
      <Quantity>750.00</Quantity>
      <UnitOfMeasure>100 מ"ל</UnitOfMeasure>
      <bIsWeighted>0</bIsWeighted>
      <QtyInPackage>1</QtyInPackage>
      <ItemPrice>44.90</ItemPrice>
      <UnitOfMeasurePrice>5.9867</UnitOfMeasurePrice>
      <AllowDiscount>1</AllowDiscount>
      <ItemStatus>1</ItemStatus>
      <ItemId>254343</ItemId>
    </Item>
    <Item>
      <PriceUpdateDate>2015-09-20 12:45:35</PriceUpdateDate>
      <ItemCode>23472</ItemCode>
      <ItemType>0</ItemType>
      <ItemName>ליקר סטוק טריפל סק 7</ItemName>
      <ManufacturerName>ברקן סגל</ManufacturerName>
      <ManufactureCountry>לא ידוע</ManufactureCountry>
      <ManufacturerItemDescription>ליקר סטוק טריפל סק 750 מ"ל</ManufacturerItemDescription>
      <UnitQty>מיליליטרים</UnitQty>
      <Quantity>750.00</Quantity>
      <UnitOfMeasure>100 מ"ל</UnitOfMeasure>
      <bIsWeighted>0</bIsWeighted>
      <QtyInPackage>1</QtyInPackage>
      <ItemPrice>44.90</ItemPrice>
      <UnitOfMeasurePrice>5.9867</UnitOfMeasurePrice>
      <AllowDiscount>1</AllowDiscount>
      <ItemStatus>1</ItemStatus>
      <ItemId>254346</ItemId>
    </Item>
    <Item>
      <PriceUpdateDate>2015-09-20 12:27:41</PriceUpdateDate>
      <ItemCode>7290014407169</ItemCode>
      <ItemType>0</ItemType>
      <ItemName>עוגיות שקדים 250 גרם</ItemName>
      <ManufacturerName>מאפיית א.ש.ייצור ושי</ManufacturerName>
      <ManufactureCountry>לא ידוע</ManufactureCountry>
      <ManufacturerItemDescription>עוגיות שקדים 250 גרם ללא גלוטן</ManufacturerItemDescription>
      <UnitQty>גרמים</UnitQty>
      <Quantity>250.00</Quantity>
      <UnitOfMeasure>100 גרם</UnitOfMeasure>
      <bIsWeighted>0</bIsWeighted>
      <QtyInPackage>1</QtyInPackage>
      <ItemPrice>14.90</ItemPrice>
      <UnitOfMeasurePrice>5.9600</UnitOfMeasurePrice>
      <AllowDiscount>1</AllowDiscount>
      <ItemStatus>1</ItemStatus>
      <ItemId>254351</ItemId>
    </Item>
    <Item>
      <PriceUpdateDate>2016-01-04 11:52:51</PriceUpdateDate>
      <ItemCode>8714789450315</ItemCode>
      <ItemType>0</ItemType>
      <ItemName>נוזל כלים פלמוליב לי</ItemName>
      <ManufacturerName>קולגייט פלמוליב</ManufacturerName>
      <ManufactureCountry>ישראל</ManufactureCountry>
      <ManufacturerItemDescription>נוזל כלים פלמוליב לימון 1.5 ליטר</ManufacturerItemDescription>
      <UnitQty>ליטרים</UnitQty>
      <Quantity>1.50</Quantity>
      <UnitOfMeasure>ליטר    </UnitOfMeasure>
      <bIsWeighted>0</bIsWeighted>
      <QtyInPackage>1</QtyInPackage>
      <ItemPrice>13.90</ItemPrice>
      <UnitOfMeasurePrice>9.2667</UnitOfMeasurePrice>
      <AllowDiscount>1</AllowDiscount>
      <ItemStatus>1</ItemStatus>
      <ItemId>254357</ItemId>
    </Item>
    <Item>
      <PriceUpdateDate>2015-01-01 00:00:00</PriceUpdateDate>
      <ItemCode>96619277353</ItemCode>
      <ItemType>0</ItemType>
      <ItemName>כוסות ענק 500 מ"ל 24</ItemName>
      <ManufacturerName>,</ManufacturerName>
      <ManufactureCountry>לא ידוע</ManufactureCountry>
      <ManufacturerItemDescription>כוסות ענק 500 מ"ל 240 יח בצבעים שונים</ManufacturerItemDescription>
      <UnitQty>Unknown </UnitQty>
      <Quantity>0.00</Quantity>
      <UnitOfMeasure>Unknown </UnitOfMeasure>
      <bIsWeighted>0</bIsWeighted>
      <QtyInPackage>1</QtyInPackage>
      <ItemPrice>79.90</ItemPrice>
      <UnitOfMeasurePrice>0.0000</UnitOfMeasurePrice>
      <AllowDiscount>1</AllowDiscount>
      <ItemStatus>1</ItemStatus>
      <ItemId>254360</ItemId>
    </Item>
    <Item>
      <PriceUpdateDate>2015-01-01 00:00:00</PriceUpdateDate>
      <ItemCode>6102015100424</ItemCode>
      <ItemType>0</ItemType>
      <ItemName>מארז 8 מברשות שיניים</ItemName>
      <ManufacturerName>,</ManufacturerName>
      <ManufactureCountry>לא ידוע</ManufactureCountry>
      <ManufacturerItemDescription>מארז 8 מברשות שיניים</ManufacturerItemDescription>
      <UnitQty>Unknown </UnitQty>
      <Quantity>0.00</Quantity>
      <UnitOfMeasure>Unknown </UnitOfMeasure>
      <bIsWeighted>0</bIsWeighted>
      <QtyInPackage>1</QtyInPackage>
      <ItemPrice>9.90</ItemPrice>
      <UnitOfMeasurePrice>0.0000</UnitOfMeasurePrice>
      <AllowDiscount>1</AllowDiscount>
      <ItemStatus>1</ItemStatus>
      <ItemId>254361</ItemId>
    </Item>
    <Item>
      <PriceUpdateDate>2015-09-01 13:35:15</PriceUpdateDate>
      <ItemCode>7290105180919</ItemCode>
      <ItemType>0</ItemType>
      <ItemName>אטבי כביסה 45 יח</ItemName>
      <ManufacturerName>,</ManufacturerName>
      <ManufactureCountry>לא ידוע</ManufactureCountry>
      <ManufacturerItemDescription>אטבי כביסה 45 יח</ManufacturerItemDescription>
      <UnitQty>Unknown </UnitQty>
      <Quantity>0.00</Quantity>
      <UnitOfMeasure>Unknown </UnitOfMeasure>
      <bIsWeighted>0</bIsWeighted>
      <QtyInPackage>1</QtyInPackage>
      <ItemPrice>9.90</ItemPrice>
      <UnitOfMeasurePrice>0.0000</UnitOfMeasurePrice>
      <AllowDiscount>1</AllowDiscount>
      <ItemStatus>1</ItemStatus>
      <ItemId>254365</ItemId>
    </Item>
    <Item>
      <PriceUpdateDate>2015-09-01 13:35:16</PriceUpdateDate>
      <ItemCode>7290105180926</ItemCode>
      <ItemType>0</ItemType>
      <ItemName>אטבי כביסה 45 יח</ItemName>
      <ManufacturerName>,</ManufacturerName>
      <ManufactureCountry>לא ידוע</ManufactureCountry>
      <ManufacturerItemDescription>אטבי כביסה 45 יח</ManufacturerItemDescription>
      <UnitQty>Unknown </UnitQty>
      <Quantity>0.00</Quantity>
      <UnitOfMeasure>Unknown </UnitOfMeasure>
      <bIsWeighted>0</bIsWeighted>
      <QtyInPackage>1</QtyInPackage>
      <ItemPrice>9.90</ItemPrice>
      <UnitOfMeasurePrice>0.0000</UnitOfMeasurePrice>
      <AllowDiscount>1</AllowDiscount>
      <ItemStatus>1</ItemStatus>
      <ItemId>254366</ItemId>
    </Item>
    <Item>
      <PriceUpdateDate>2016-03-30 11:39:36</PriceUpdateDate>
      <ItemCode>7290013946089</ItemCode>
      <ItemType>0</ItemType>
      <ItemName>ספריי לניקוי חלונות</ItemName>
      <ManufacturerName>,</ManufacturerName>
      <ManufactureCountry>לא ידוע</ManufactureCountry>
      <ManufacturerItemDescription>ספריי לניקוי חלונות מגיק 1 ליטר</ManufacturerItemDescription>
      <UnitQty>ליטרים</UnitQty>
      <Quantity>1.00</Quantity>
      <UnitOfMeasure>ליטר    </UnitOfMeasure>
      <bIsWeighted>0</bIsWeighted>
      <QtyInPackage>1</QtyInPackage>
      <ItemPrice>4.90</ItemPrice>
      <UnitOfMeasurePrice>4.9000</UnitOfMeasurePrice>
      <AllowDiscount>1</AllowDiscount>
      <ItemStatus>1</ItemStatus>
      <ItemId>254405</ItemId>
    </Item>
    <Item>
      <PriceUpdateDate>2015-09-20 12:28:04</PriceUpdateDate>
      <ItemCode>7290014603813</ItemCode>
      <ItemType>0</ItemType>
      <ItemName>גלידת קרמיסימו מסטיג</ItemName>
      <ManufacturerName>שטראוס</ManufacturerName>
      <ManufactureCountry>ישראל</ManufactureCountry>
      <ManufacturerItemDescription>גלידת קרמיסימו מסטיגם 1.33 ליטר</ManufacturerItemDescription>
      <UnitQty>ליטרים</UnitQty>
      <Quantity>1.33</Quantity>
      <UnitOfMeasure>ליטר    </UnitOfMeasure>
      <bIsWeighted>0</bIsWeighted>
      <QtyInPackage>1</QtyInPackage>
      <ItemPrice>15.90</ItemPrice>
      <UnitOfMeasurePrice>11.9549</UnitOfMeasurePrice>
      <AllowDiscount>1</AllowDiscount>
      <ItemStatus>1</ItemStatus>
      <ItemId>254408</ItemId>
    </Item>
    <Item>
      <PriceUpdateDate>2015-01-01 00:00:00</PriceUpdateDate>
      <ItemCode>7290010328598</ItemCode>
      <ItemType>0</ItemType>
      <ItemName>פינגרס חטיף חלבה וני</ItemName>
      <ManufacturerName>אחדות ביחר לטחינה חל</ManufacturerName>
      <ManufactureCountry>לא ידוע</ManufactureCountry>
      <ManufacturerItemDescription>פינגרס חטיף חלבה וניל 126 גרם</ManufacturerItemDescription>
      <UnitQty>גרמים</UnitQty>
      <Quantity>126.00</Quantity>
      <UnitOfMeasure>100 גרם</UnitOfMeasure>
      <bIsWeighted>0</bIsWeighted>
      <QtyInPackage>1</QtyInPackage>
      <ItemPrice>7.90</ItemPrice>
      <UnitOfMeasurePrice>6.2698</UnitOfMeasurePrice>
      <AllowDiscount>1</AllowDiscount>
      <ItemStatus>1</ItemStatus>
      <ItemId>254419</ItemId>
    </Item>
    <Item>
      <PriceUpdateDate>2015-01-01 00:00:00</PriceUpdateDate>
      <ItemCode>7290010328604</ItemCode>
      <ItemType>0</ItemType>
      <ItemName>פינגרס חטיף חלבה פיס</ItemName>
      <ManufacturerName>אחדות ביחר לטחינה חל</ManufacturerName>
      <ManufactureCountry>לא ידוע</ManufactureCountry>
      <ManufacturerItemDescription>פינגרס חטיף חלבה פיסטוק 126 גרם</ManufacturerItemDescription>
      <UnitQty>גרמים</UnitQty>
      <Quantity>126.00</Quantity>
      <UnitOfMeasure>100 גרם</UnitOfMeasure>
      <bIsWeighted>0</bIsWeighted>
      <QtyInPackage>1</QtyInPackage>
      <ItemPrice>7.90</ItemPrice>
      <UnitOfMeasurePrice>6.2698</UnitOfMeasurePrice>
      <AllowDiscount>1</AllowDiscount>
      <ItemStatus>1</ItemStatus>
      <ItemId>254420</ItemId>
    </Item>
    <Item>
      <PriceUpdateDate>2016-01-26 16:01:11</PriceUpdateDate>
      <ItemCode>7290014466555</ItemCode>
      <ItemType>0</ItemType>
      <ItemName>יין גמלא קברנה סובינ</ItemName>
      <ManufacturerName>יקב רמת הגולן</ManufacturerName>
      <ManufactureCountry>לא ידוע</ManufactureCountry>
      <ManufacturerItemDescription>יין גמלא קברנה סוביניו 750 מ"ל בציר 2012</ManufacturerItemDescription>
      <UnitQty>מיליליטרים</UnitQty>
      <Quantity>750.00</Quantity>
      <UnitOfMeasure>100 מ"ל</UnitOfMeasure>
      <bIsWeighted>0</bIsWeighted>
      <QtyInPackage>1</QtyInPackage>
      <ItemPrice>47.90</ItemPrice>
      <UnitOfMeasurePrice>6.3867</UnitOfMeasurePrice>
      <AllowDiscount>1</AllowDiscount>
      <ItemStatus>1</ItemStatus>
      <ItemId>266664</ItemId>
    </Item>
    <Item>
      <PriceUpdateDate>2015-01-01 00:00:00</PriceUpdateDate>
      <ItemCode>7290010328611</ItemCode>
      <ItemType>0</ItemType>
      <ItemName>פינגרס חטיף חלבה פול</ItemName>
      <ManufacturerName>אחדות ביחר לטחינה חל</ManufacturerName>
      <ManufactureCountry>לא ידוע</ManufactureCountry>
      <ManufacturerItemDescription>פינגרס חטיף חלבה פולי קקאו 126 גרם</ManufacturerItemDescription>
      <UnitQty>גרמים</UnitQty>
      <Quantity>126.00</Quantity>
      <UnitOfMeasure>100 גרם</UnitOfMeasure>
      <bIsWeighted>0</bIsWeighted>
      <QtyInPackage>1</QtyInPackage>
      <ItemPrice>7.90</ItemPrice>
      <UnitOfMeasurePrice>6.2698</UnitOfMeasurePrice>
      <AllowDiscount>1</AllowDiscount>
      <ItemStatus>1</ItemStatus>
      <ItemId>254421</ItemId>
    </Item>
    <Item>
      <PriceUpdateDate>2015-01-01 00:00:00</PriceUpdateDate>
      <ItemCode>7290010328628</ItemCode>
      <ItemType>0</ItemType>
      <ItemName>פינגרס חטיף חלבה ללא</ItemName>
      <ManufacturerName>אחדות ביחר לטחינה חל</ManufacturerName>
      <ManufactureCountry>לא ידוע</ManufactureCountry>
      <ManufacturerItemDescription>פינגרס חטיף חלבה ללא סוכר שקדים 126 גרם</ManufacturerItemDescription>
      <UnitQty>גרמים</UnitQty>
      <Quantity>126.00</Quantity>
      <UnitOfMeasure>100 גרם</UnitOfMeasure>
      <bIsWeighted>0</bIsWeighted>
      <QtyInPackage>1</QtyInPackage>
      <ItemPrice>7.90</ItemPrice>
      <UnitOfMeasurePrice>6.2698</UnitOfMeasurePrice>
      <AllowDiscount>1</AllowDiscount>
      <ItemStatus>1</ItemStatus>
      <ItemId>254422</ItemId>
    </Item>
    <Item>
      <PriceUpdateDate>2015-01-01 00:00:00</PriceUpdateDate>
      <ItemCode>7290014046719</ItemCode>
      <ItemType>0</ItemType>
      <ItemName>נשנושי קבנוס 200 גרם</ItemName>
      <ManufacturerName>מעדני יחיעם 1993 בעמ</ManufacturerName>
      <ManufactureCountry>לא ידוע</ManufactureCountry>
      <ManufacturerItemDescription>נשנושי קבנוס 200 גרם</ManufacturerItemDescription>
      <UnitQty>גרמים</UnitQty>
      <Quantity>200.00</Quantity>
      <UnitOfMeasure>100 גרם</UnitOfMeasure>
      <bIsWeighted>0</bIsWeighted>
      <QtyInPackage>1</QtyInPackage>
      <ItemPrice>16.90</ItemPrice>
      <UnitOfMeasurePrice>8.4500</UnitOfMeasurePrice>
      <AllowDiscount>1</AllowDiscount>
      <ItemStatus>1</ItemStatus>
      <ItemId>254423</ItemId>
    </Item>
    <Item>
      <PriceUpdateDate>2015-01-01 00:00:00</PriceUpdateDate>
      <ItemCode>7290107873222</ItemCode>
      <ItemType>0</ItemType>
      <ItemName>חומוס עם חריף 400 גר</ItemName>
      <ManufacturerName>צבר</ManufacturerName>
      <ManufactureCountry>לא ידוע</ManufactureCountry>
      <ManufacturerItemDescription>חומוס עם חריף 400 גרם צבר</ManufacturerItemDescription>
      <UnitQty>גרמים</UnitQty>
      <Quantity>400.00</Quantity>
      <UnitOfMeasure>100 גרם</UnitOfMeasure>
      <bIsWeighted>0</bIsWeighted>
      <QtyInPackage>1</QtyInPackage>
      <ItemPrice>11.90</ItemPrice>
      <UnitOfMeasurePrice>2.9750</UnitOfMeasurePrice>
      <AllowDiscount>1</AllowDiscount>
      <ItemStatus>1</ItemStatus>
      <ItemId>254425</ItemId>
    </Item>
    <Item>
      <PriceUpdateDate>2016-03-01 16:01:20</PriceUpdateDate>
      <ItemCode>4645083</ItemCode>
      <ItemType>0</ItemType>
      <ItemName>דג סול</ItemName>
      <ManufacturerName>,</ManufacturerName>
      <ManufactureCountry>לא ידוע</ManufactureCountry>
      <ManufacturerItemDescription>דג סול</ManufacturerItemDescription>
      <UnitQty>קילוגרמים</UnitQty>
      <Quantity>1.00</Quantity>
      <UnitOfMeasure>ק"ג</UnitOfMeasure>
      <bIsWeighted>1</bIsWeighted>
      <QtyInPackage>לא ידוע</QtyInPackage>
      <ItemPrice>37.90</ItemPrice>
      <UnitOfMeasurePrice>37.9000</UnitOfMeasurePrice>
      <AllowDiscount>1</AllowDiscount>
      <ItemStatus>1</ItemStatus>
      <ItemId>254430</ItemId>
    </Item>
    <Item>
      <PriceUpdateDate>2016-06-08 10:08:52</PriceUpdateDate>
      <ItemCode>4645328</ItemCode>
      <ItemType>0</ItemType>
      <ItemName>סלמון / פורל ים</ItemName>
      <ManufacturerName>,</ManufacturerName>
      <ManufactureCountry>לא ידוע</ManufactureCountry>
      <ManufacturerItemDescription>פילה סלמון שלם</ManufacturerItemDescription>
      <UnitQty>קילוגרמים</UnitQty>
      <Quantity>1.00</Quantity>
      <UnitOfMeasure>ק"ג</UnitOfMeasure>
      <bIsWeighted>1</bIsWeighted>
      <QtyInPackage>לא ידוע</QtyInPackage>
      <ItemPrice>77.90</ItemPrice>
      <UnitOfMeasurePrice>77.9000</UnitOfMeasurePrice>
      <AllowDiscount>1</AllowDiscount>
      <ItemStatus>1</ItemStatus>
      <ItemId>254431</ItemId>
    </Item>
    <Item>
      <PriceUpdateDate>2016-06-08 10:08:53</PriceUpdateDate>
      <ItemCode>4645106</ItemCode>
      <ItemType>0</ItemType>
      <ItemName>סלמון / פורל ים</ItemName>
      <ManufacturerName>,</ManufacturerName>
      <ManufactureCountry>לא ידוע</ManufactureCountry>
      <ManufacturerItemDescription>פילה סלמון פרוס</ManufacturerItemDescription>
      <UnitQty>קילוגרמים</UnitQty>
      <Quantity>1.00</Quantity>
      <UnitOfMeasure>ק"ג</UnitOfMeasure>
      <bIsWeighted>1</bIsWeighted>
      <QtyInPackage>לא ידוע</QtyInPackage>
      <ItemPrice>82.90</ItemPrice>
      <UnitOfMeasurePrice>82.9000</UnitOfMeasurePrice>
      <AllowDiscount>1</AllowDiscount>
      <ItemStatus>1</ItemStatus>
      <ItemId>254432</ItemId>
    </Item>
    <Item>
      <PriceUpdateDate>2015-01-01 00:00:00</PriceUpdateDate>
      <ItemCode>7290013195005</ItemCode>
      <ItemType>0</ItemType>
      <ItemName>טונה טחון 500 גרם</ItemName>
      <ManufacturerName>,</ManufacturerName>
      <ManufactureCountry>לא ידוע</ManufactureCountry>
      <ManufacturerItemDescription>טונה טחון 500 גרם</ManufacturerItemDescription>
      <UnitQty>גרמים</UnitQty>
      <Quantity>500.00</Quantity>
      <UnitOfMeasure>100 גרם</UnitOfMeasure>
      <bIsWeighted>0</bIsWeighted>
      <QtyInPackage>1</QtyInPackage>
      <ItemPrice>24.90</ItemPrice>
      <UnitOfMeasurePrice>4.9800</UnitOfMeasurePrice>
      <AllowDiscount>1</AllowDiscount>
      <ItemStatus>1</ItemStatus>
      <ItemId>254433</ItemId>
    </Item>
    <Item>
      <PriceUpdateDate>2015-01-01 00:00:00</PriceUpdateDate>
      <ItemCode>7290013195159</ItemCode>
      <ItemType>0</ItemType>
      <ItemName>נילוס טחון 500 גרם</ItemName>
      <ManufacturerName>,</ManufacturerName>
      <ManufactureCountry>לא ידוע</ManufactureCountry>
      <ManufacturerItemDescription>נילוס טחון 500 גרם</ManufacturerItemDescription>
      <UnitQty>גרמים</UnitQty>
      <Quantity>500.00</Quantity>
      <UnitOfMeasure>100 גרם</UnitOfMeasure>
      <bIsWeighted>0</bIsWeighted>
      <QtyInPackage>1</QtyInPackage>
      <ItemPrice>24.90</ItemPrice>
      <UnitOfMeasurePrice>4.9800</UnitOfMeasurePrice>
      <AllowDiscount>1</AllowDiscount>
      <ItemStatus>1</ItemStatus>
      <ItemId>254434</ItemId>
    </Item>
    <Item>
      <PriceUpdateDate>2016-03-01 16:01:20</PriceUpdateDate>
      <ItemCode>7290013195142</ItemCode>
      <ItemType>0</ItemType>
      <ItemName>בקלה טחון 500 גרם</ItemName>
      <ManufacturerName>,</ManufacturerName>
      <ManufactureCountry>לא ידוע</ManufactureCountry>
      <ManufacturerItemDescription>בקלה טחון 500 גרם</ManufacturerItemDescription>
      <UnitQty>גרמים</UnitQty>
      <Quantity>500.00</Quantity>
      <UnitOfMeasure>100 גרם</UnitOfMeasure>
      <bIsWeighted>0</bIsWeighted>
      <QtyInPackage>1</QtyInPackage>
      <ItemPrice>19.90</ItemPrice>
      <UnitOfMeasurePrice>3.9800</UnitOfMeasurePrice>
      <AllowDiscount>1</AllowDiscount>
      <ItemStatus>1</ItemStatus>
      <ItemId>254435</ItemId>
    </Item>
    <Item>
      <PriceUpdateDate>2015-01-01 00:00:00</PriceUpdateDate>
      <ItemCode>2930235</ItemCode>
      <ItemType>0</ItemType>
      <ItemName>בשר לחמין עטרה</ItemName>
      <ManufacturerName>,</ManufacturerName>
      <ManufactureCountry>לא ידוע</ManufactureCountry>
      <ManufacturerItemDescription>בשר לחמין עטרה</ManufacturerItemDescription>
      <UnitQty>קילוגרמים</UnitQty>
      <Quantity>1.00</Quantity>
      <UnitOfMeasure>ק"ג</UnitOfMeasure>
      <bIsWeighted>1</bIsWeighted>
      <QtyInPackage>לא ידוע</QtyInPackage>
      <ItemPrice>46.90</ItemPrice>
      <UnitOfMeasurePrice>46.9000</UnitOfMeasurePrice>
      <AllowDiscount>1</AllowDiscount>
      <ItemStatus>1</ItemStatus>
      <ItemId>254438</ItemId>
    </Item>
    <Item>
      <PriceUpdateDate>2015-01-01 00:00:00</PriceUpdateDate>
      <ItemCode>7290015597012</ItemCode>
      <ItemType>0</ItemType>
      <ItemName>מאגדת מגנום קרם ברול</ItemName>
      <ManufacturerName>שטראוס</ManufacturerName>
      <ManufactureCountry>ישראל</ManufactureCountry>
      <ManufacturerItemDescription>מאגדת מגנום קרם ברולה 5 יח</ManufacturerItemDescription>
      <UnitQty>גרמים</UnitQty>
      <Quantity>330.00</Quantity>
      <UnitOfMeasure>100 גרם</UnitOfMeasure>
      <bIsWeighted>0</bIsWeighted>
      <QtyInPackage>5</QtyInPackage>
      <ItemPrice>21.90</ItemPrice>
      <UnitOfMeasurePrice>6.6364</UnitOfMeasurePrice>
      <AllowDiscount>1</AllowDiscount>
      <ItemStatus>1</ItemStatus>
      <ItemId>254440</ItemId>
    </Item>
    <Item>
      <PriceUpdateDate>2015-10-25 14:48:45</PriceUpdateDate>
      <ItemCode>7290016005110</ItemCode>
      <ItemType>1</ItemType>
      <ItemName>משושי קרקר 700 גרם</ItemName>
      <ManufacturerName>,</ManufacturerName>
      <ManufactureCountry>לא ידוע</ManufactureCountry>
      <ManufacturerItemDescription>משושי קרקר 700 גרם</ManufacturerItemDescription>
      <UnitQty>גרמים</UnitQty>
      <Quantity>700.00</Quantity>
      <UnitOfMeasure>100 גרם</UnitOfMeasure>
      <bIsWeighted>0</bIsWeighted>
      <QtyInPackage>1</QtyInPackage>
      <ItemPrice>9.90</ItemPrice>
      <UnitOfMeasurePrice>1.4143</UnitOfMeasurePrice>
      <AllowDiscount>1</AllowDiscount>
      <ItemStatus>1</ItemStatus>
      <ItemId>265539</ItemId>
    </Item>
    <Item>
      <PriceUpdateDate>2015-01-01 00:00:00</PriceUpdateDate>
      <ItemCode>7290014309012</ItemCode>
      <ItemType>0</ItemType>
      <ItemName>אגוז מוסקט טחון 40 ג</ItemName>
      <ManufacturerName>,</ManufacturerName>
      <ManufactureCountry>לא ידוע</ManufactureCountry>
      <ManufacturerItemDescription>אגוז מוסקט טחון 40 גרם</ManufacturerItemDescription>
      <UnitQty>גרמים</UnitQty>
      <Quantity>40.00</Quantity>
      <UnitOfMeasure>100 גרם</UnitOfMeasure>
      <bIsWeighted>0</bIsWeighted>
      <QtyInPackage>1</QtyInPackage>
      <ItemPrice>13.90</ItemPrice>
      <UnitOfMeasurePrice>34.7500</UnitOfMeasurePrice>
      <AllowDiscount>1</AllowDiscount>
      <ItemStatus>1</ItemStatus>
      <ItemId>254448</ItemId>
    </Item>
    <Item>
      <PriceUpdateDate>2015-01-01 00:00:00</PriceUpdateDate>
      <ItemCode>7290014309111</ItemCode>
      <ItemType>0</ItemType>
      <ItemName>הל טחון 40 גרם</ItemName>
      <ManufacturerName>,</ManufacturerName>
      <ManufactureCountry>לא ידוע</ManufactureCountry>
      <ManufacturerItemDescription>הל טחון 40 גרם</ManufacturerItemDescription>
      <UnitQty>גרמים</UnitQty>
      <Quantity>40.00</Quantity>
      <UnitOfMeasure>100 גרם</UnitOfMeasure>
      <bIsWeighted>0</bIsWeighted>
      <QtyInPackage>1</QtyInPackage>
      <ItemPrice>13.90</ItemPrice>
      <UnitOfMeasurePrice>34.7500</UnitOfMeasurePrice>
      <AllowDiscount>1</AllowDiscount>
      <ItemStatus>1</ItemStatus>
      <ItemId>254451</ItemId>
    </Item>
    <Item>
      <PriceUpdateDate>2015-01-01 00:00:00</PriceUpdateDate>
      <ItemCode>2016397</ItemCode>
      <ItemType>0</ItemType>
      <ItemName>חזרת 230 גרם</ItemName>
      <ManufacturerName>,</ManufacturerName>
      <ManufactureCountry>לא ידוע</ManufactureCountry>
      <ManufacturerItemDescription>חזרת 230 גרם</ManufacturerItemDescription>
      <UnitQty>גרמים</UnitQty>
      <Quantity>230.00</Quantity>
      <UnitOfMeasure>100 גרם</UnitOfMeasure>
      <bIsWeighted>0</bIsWeighted>
      <QtyInPackage>1</QtyInPackage>
      <ItemPrice>9.90</ItemPrice>
      <UnitOfMeasurePrice>4.3043</UnitOfMeasurePrice>
      <AllowDiscount>1</AllowDiscount>
      <ItemStatus>1</ItemStatus>
      <ItemId>254461</ItemId>
    </Item>
    <Item>
      <PriceUpdateDate>2016-01-14 13:12:02</PriceUpdateDate>
      <ItemCode>7290011254346</ItemCode>
      <ItemType>0</ItemType>
      <ItemName>קינואה 1 ק"ג</ItemName>
      <ManufacturerName>מיה תעשיות מזון בעמ</ManufacturerName>
      <ManufactureCountry>ישראל</ManufactureCountry>
      <ManufacturerItemDescription>קינואה 1 קג</ManufacturerItemDescription>
      <UnitQty>קילוגרמים</UnitQty>
      <Quantity>1.00</Quantity>
      <UnitOfMeasure>ק"ג     </UnitOfMeasure>
      <bIsWeighted>0</bIsWeighted>
      <QtyInPackage>1</QtyInPackage>
      <ItemPrice>22.90</ItemPrice>
      <UnitOfMeasurePrice>22.9000</UnitOfMeasurePrice>
      <AllowDiscount>1</AllowDiscount>
      <ItemStatus>1</ItemStatus>
      <ItemId>254486</ItemId>
    </Item>
    <Item>
      <PriceUpdateDate>2015-01-01 00:00:00</PriceUpdateDate>
      <ItemCode>7290014761193</ItemCode>
      <ItemType>0</ItemType>
      <ItemName>פרילי פירות יער 125</ItemName>
      <ManufacturerName>תנובה</ManufacturerName>
      <ManufactureCountry>ישראל</ManufactureCountry>
      <ManufacturerItemDescription>פרילי פירות יער 125 מל</ManufacturerItemDescription>
      <UnitQty>מיליליטרים</UnitQty>
      <Quantity>125.00</Quantity>
      <UnitOfMeasure>100 מ"ל</UnitOfMeasure>
      <bIsWeighted>0</bIsWeighted>
      <QtyInPackage>1</QtyInPackage>
      <ItemPrice>3.30</ItemPrice>
      <UnitOfMeasurePrice>2.6400</UnitOfMeasurePrice>
      <AllowDiscount>1</AllowDiscount>
      <ItemStatus>1</ItemStatus>
      <ItemId>254488</ItemId>
    </Item>
    <Item>
      <PriceUpdateDate>2016-02-24 13:52:22</PriceUpdateDate>
      <ItemCode>7290014855618</ItemCode>
      <ItemType>0</ItemType>
      <ItemName>מגבונים לניקוי כללי</ItemName>
      <ManufacturerName>,</ManufacturerName>
      <ManufactureCountry>לא ידוע</ManufactureCountry>
      <ManufacturerItemDescription>מגבונים לניקוי כללי קלינקל לימון שלישיה</ManufacturerItemDescription>
      <UnitQty>Unknown </UnitQty>
      <Quantity>0.00</Quantity>
      <UnitOfMeasure>Unknown </UnitOfMeasure>
      <bIsWeighted>0</bIsWeighted>
      <QtyInPackage>1</QtyInPackage>
      <ItemPrice>11.90</ItemPrice>
      <UnitOfMeasurePrice>0.0000</UnitOfMeasurePrice>
      <AllowDiscount>1</AllowDiscount>
      <ItemStatus>1</ItemStatus>
      <ItemId>254501</ItemId>
    </Item>
    <Item>
      <PriceUpdateDate>2015-01-01 00:00:00</PriceUpdateDate>
      <ItemCode>8989893</ItemCode>
      <ItemType>0</ItemType>
      <ItemName>דייסת כוסמת בד"צ 200</ItemName>
      <ManufacturerName>בטר אנד דיפרנט</ManufacturerName>
      <ManufactureCountry>לא ידוע</ManufactureCountry>
      <ManufacturerItemDescription>דייסת כוסמת בד"צ 200 גרם</ManufacturerItemDescription>
      <UnitQty>גרמים</UnitQty>
      <Quantity>200.00</Quantity>
      <UnitOfMeasure>100 גרם</UnitOfMeasure>
      <bIsWeighted>0</bIsWeighted>
      <QtyInPackage>1</QtyInPackage>
      <ItemPrice>8.80</ItemPrice>
      <UnitOfMeasurePrice>4.4000</UnitOfMeasurePrice>
      <AllowDiscount>1</AllowDiscount>
      <ItemStatus>1</ItemStatus>
      <ItemId>254505</ItemId>
    </Item>
    <Item>
      <PriceUpdateDate>2015-01-01 00:00:00</PriceUpdateDate>
      <ItemCode>7290014692688</ItemCode>
      <ItemType>0</ItemType>
      <ItemName>פולי סויה קפואים 800</ItemName>
      <ManufacturerName>קו אל טי די קיאוניונ</ManufacturerName>
      <ManufactureCountry>לא ידוע</ManufactureCountry>
      <ManufacturerItemDescription>פולי סויה קפואים 800 גרם</ManufacturerItemDescription>
      <UnitQty>גרמים</UnitQty>
      <Quantity>800.00</Quantity>
      <UnitOfMeasure>100 גרם</UnitOfMeasure>
      <bIsWeighted>0</bIsWeighted>
      <QtyInPackage>1</QtyInPackage>
      <ItemPrice>12.90</ItemPrice>
      <UnitOfMeasurePrice>1.6125</UnitOfMeasurePrice>
      <AllowDiscount>1</AllowDiscount>
      <ItemStatus>1</ItemStatus>
      <ItemId>254528</ItemId>
    </Item>
    <Item>
      <PriceUpdateDate>2015-09-20 12:48:05</PriceUpdateDate>
      <ItemCode>3806645</ItemCode>
      <ItemType>0</ItemType>
      <ItemName>פתית תירס ללא גלוטן</ItemName>
      <ManufacturerName>אסיף תעשיות מזון בעמ</ManufacturerName>
      <ManufactureCountry>צ'כיה</ManufactureCountry>
      <ManufacturerItemDescription>פתית תירס ללא גלוטן כשלפ 250 גרם</ManufacturerItemDescription>
      <UnitQty>גרמים</UnitQty>
      <Quantity>250.00</Quantity>
      <UnitOfMeasure>100 גרם</UnitOfMeasure>
      <bIsWeighted>0</bIsWeighted>
      <QtyInPackage>1</QtyInPackage>
      <ItemPrice>14.90</ItemPrice>
      <UnitOfMeasurePrice>5.9600</UnitOfMeasurePrice>
      <AllowDiscount>1</AllowDiscount>
      <ItemStatus>1</ItemStatus>
      <ItemId>254530</ItemId>
    </Item>
    <Item>
      <PriceUpdateDate>2015-06-21 09:03:42</PriceUpdateDate>
      <ItemCode>43427022217</ItemCode>
      <ItemType>0</ItemType>
      <ItemName>מיץ לימון 900 מ"ל</ItemName>
      <ManufacturerName>ליברס</ManufacturerName>
      <ManufactureCountry>לא ידוע</ManufactureCountry>
      <ManufacturerItemDescription>מיץ לימון 900 מ"ל</ManufacturerItemDescription>
      <UnitQty>מיליליטרים</UnitQty>
      <Quantity>90000.00</Quantity>
      <UnitOfMeasure>100 מ"ל</UnitOfMeasure>
      <bIsWeighted>0</bIsWeighted>
      <QtyInPackage>1</QtyInPackage>
      <ItemPrice>12.90</ItemPrice>
      <UnitOfMeasurePrice>0.0143</UnitOfMeasurePrice>
      <AllowDiscount>1</AllowDiscount>
      <ItemStatus>1</ItemStatus>
      <ItemId>254536</ItemId>
    </Item>
    <Item>
      <PriceUpdateDate>2016-05-23 16:30:12</PriceUpdateDate>
      <ItemCode>7290015014502</ItemCode>
      <ItemType>0</ItemType>
      <ItemName>כרוב אדום 400 גרם</ItemName>
      <ManufacturerName>,</ManufacturerName>
      <ManufactureCountry>לא ידוע</ManufactureCountry>
      <ManufacturerItemDescription>כרוב אדום 400 גרם</ManufacturerItemDescription>
      <UnitQty>גרמים</UnitQty>
      <Quantity>40000.00</Quantity>
      <UnitOfMeasure>100 גרם</UnitOfMeasure>
      <bIsWeighted>0</bIsWeighted>
      <QtyInPackage>1</QtyInPackage>
      <ItemPrice>9.90</ItemPrice>
      <UnitOfMeasurePrice>0.0248</UnitOfMeasurePrice>
      <AllowDiscount>1</AllowDiscount>
      <ItemStatus>1</ItemStatus>
      <ItemId>254551</ItemId>
    </Item>
    <Item>
      <PriceUpdateDate>2016-05-23 16:30:12</PriceUpdateDate>
      <ItemCode>7290015014519</ItemCode>
      <ItemType>0</ItemType>
      <ItemName>כרוב לבן 400 גרם</ItemName>
      <ManufacturerName>,</ManufacturerName>
      <ManufactureCountry>לא ידוע</ManufactureCountry>
      <ManufacturerItemDescription>כרוב לבן 400 גרם</ManufacturerItemDescription>
      <UnitQty>גרמים</UnitQty>
      <Quantity>40000.00</Quantity>
      <UnitOfMeasure>100 גרם</UnitOfMeasure>
      <bIsWeighted>0</bIsWeighted>
      <QtyInPackage>1</QtyInPackage>
      <ItemPrice>9.90</ItemPrice>
      <UnitOfMeasurePrice>0.0248</UnitOfMeasurePrice>
      <AllowDiscount>1</AllowDiscount>
      <ItemStatus>1</ItemStatus>
      <ItemId>254552</ItemId>
    </Item>
    <Item>
      <PriceUpdateDate>2016-05-23 16:30:12</PriceUpdateDate>
      <ItemCode>7290015014526</ItemCode>
      <ItemType>0</ItemType>
      <ItemName>קולסלאו  400 גרם</ItemName>
      <ManufacturerName>,</ManufacturerName>
      <ManufactureCountry>לא ידוע</ManufactureCountry>
      <ManufacturerItemDescription>קולסלאו  400 גרם</ManufacturerItemDescription>
      <UnitQty>גרמים</UnitQty>
      <Quantity>40000.00</Quantity>
      <UnitOfMeasure>100 גרם</UnitOfMeasure>
      <bIsWeighted>0</bIsWeighted>
      <QtyInPackage>1</QtyInPackage>
      <ItemPrice>9.90</ItemPrice>
      <UnitOfMeasurePrice>0.0248</UnitOfMeasurePrice>
      <AllowDiscount>1</AllowDiscount>
      <ItemStatus>1</ItemStatus>
      <ItemId>254553</ItemId>
    </Item>
    <Item>
      <PriceUpdateDate>2016-05-23 16:30:13</PriceUpdateDate>
      <ItemCode>7290015014540</ItemCode>
      <ItemType>0</ItemType>
      <ItemName>חסה אייסברג 350 גרם</ItemName>
      <ManufacturerName>,</ManufacturerName>
      <ManufactureCountry>לא ידוע</ManufactureCountry>
      <ManufacturerItemDescription>חסה אייסברג 350 גרם</ManufacturerItemDescription>
      <UnitQty>גרמים</UnitQty>
      <Quantity>35000.00</Quantity>
      <UnitOfMeasure>100 גרם</UnitOfMeasure>
      <bIsWeighted>0</bIsWeighted>
      <QtyInPackage>1</QtyInPackage>
      <ItemPrice>12.90</ItemPrice>
      <UnitOfMeasurePrice>0.0369</UnitOfMeasurePrice>
      <AllowDiscount>1</AllowDiscount>
      <ItemStatus>1</ItemStatus>
      <ItemId>254555</ItemId>
    </Item>
    <Item>
      <PriceUpdateDate>2015-01-01 00:00:00</PriceUpdateDate>
      <ItemCode>7290015014571</ItemCode>
      <ItemType>0</ItemType>
      <ItemName>כרוב לבן 1 ק"ג</ItemName>
      <ManufacturerName>,</ManufacturerName>
      <ManufactureCountry>לא ידוע</ManufactureCountry>
      <ManufacturerItemDescription>כרוב לבן 1 ק"ג</ManufacturerItemDescription>
      <UnitQty>קילוגרמים</UnitQty>
      <Quantity>1.00</Quantity>
      <UnitOfMeasure>ק"ג     </UnitOfMeasure>
      <bIsWeighted>0</bIsWeighted>
      <QtyInPackage>1</QtyInPackage>
      <ItemPrice>12.90</ItemPrice>
      <UnitOfMeasurePrice>12.9000</UnitOfMeasurePrice>
      <AllowDiscount>1</AllowDiscount>
      <ItemStatus>1</ItemStatus>
      <ItemId>254558</ItemId>
    </Item>
    <Item>
      <PriceUpdateDate>2015-01-01 00:00:00</PriceUpdateDate>
      <ItemCode>7290015014588</ItemCode>
      <ItemType>0</ItemType>
      <ItemName>כרוב אדום 1 ק"ג</ItemName>
      <ManufacturerName>,</ManufacturerName>
      <ManufactureCountry>לא ידוע</ManufactureCountry>
      <ManufacturerItemDescription>כרוב אדום 1 ק"ג</ManufacturerItemDescription>
      <UnitQty>קילוגרמים</UnitQty>
      <Quantity>1.00</Quantity>
      <UnitOfMeasure>ק"ג     </UnitOfMeasure>
      <bIsWeighted>0</bIsWeighted>
      <QtyInPackage>1</QtyInPackage>
      <ItemPrice>12.90</ItemPrice>
      <UnitOfMeasurePrice>12.9000</UnitOfMeasurePrice>
      <AllowDiscount>1</AllowDiscount>
      <ItemStatus>1</ItemStatus>
      <ItemId>254559</ItemId>
    </Item>
    <Item>
      <PriceUpdateDate>2015-01-01 00:00:00</PriceUpdateDate>
      <ItemCode>7290015014595</ItemCode>
      <ItemType>0</ItemType>
      <ItemName>קולסלאו  1 ק"ג</ItemName>
      <ManufacturerName>,</ManufacturerName>
      <ManufactureCountry>לא ידוע</ManufactureCountry>
      <ManufacturerItemDescription>קולסלאו  1 ק"ג</ManufacturerItemDescription>
      <UnitQty>קילוגרמים</UnitQty>
      <Quantity>1.00</Quantity>
      <UnitOfMeasure>ק"ג     </UnitOfMeasure>
      <bIsWeighted>0</bIsWeighted>
      <QtyInPackage>1</QtyInPackage>
      <ItemPrice>12.90</ItemPrice>
      <UnitOfMeasurePrice>12.9000</UnitOfMeasurePrice>
      <AllowDiscount>1</AllowDiscount>
      <ItemStatus>1</ItemStatus>
      <ItemId>254560</ItemId>
    </Item>
    <Item>
      <PriceUpdateDate>2015-01-01 00:00:00</PriceUpdateDate>
      <ItemCode>7290015339865</ItemCode>
      <ItemType>0</ItemType>
      <ItemName>ריבת דובדבנים 340 גר</ItemName>
      <ManufacturerName>,</ManufacturerName>
      <ManufactureCountry>לא ידוע</ManufactureCountry>
      <ManufacturerItemDescription>ריבת דובדבנים 340 גרם  כשל"פ</ManufacturerItemDescription>
      <UnitQty>גרמים</UnitQty>
      <Quantity>340.00</Quantity>
      <UnitOfMeasure>100 גרם</UnitOfMeasure>
      <bIsWeighted>0</bIsWeighted>
      <QtyInPackage>1</QtyInPackage>
      <ItemPrice>9.90</ItemPrice>
      <UnitOfMeasurePrice>2.9118</UnitOfMeasurePrice>
      <AllowDiscount>1</AllowDiscount>
      <ItemStatus>1</ItemStatus>
      <ItemId>254566</ItemId>
    </Item>
    <Item>
      <PriceUpdateDate>2015-01-01 00:00:00</PriceUpdateDate>
      <ItemCode>253053</ItemCode>
      <ItemType>0</ItemType>
      <ItemName>מזרה צבעוני 400 גרם</ItemName>
      <ManufacturerName>אופנהיימר</ManufacturerName>
      <ManufactureCountry>לא ידוע</ManufactureCountry>
      <ManufacturerItemDescription>מזרה צבעוני 400 גרם</ManufacturerItemDescription>
      <UnitQty>גרמים</UnitQty>
      <Quantity>400.00</Quantity>
      <UnitOfMeasure>100 גרם</UnitOfMeasure>
      <bIsWeighted>0</bIsWeighted>
      <QtyInPackage>1</QtyInPackage>
      <ItemPrice>13.90</ItemPrice>
      <UnitOfMeasurePrice>3.4750</UnitOfMeasurePrice>
      <AllowDiscount>1</AllowDiscount>
      <ItemStatus>1</ItemStatus>
      <ItemId>254581</ItemId>
    </Item>
    <Item>
      <PriceUpdateDate>2015-01-01 00:00:00</PriceUpdateDate>
      <ItemCode>253060</ItemCode>
      <ItemType>0</ItemType>
      <ItemName>מזרה ירוק 400 גרם</ItemName>
      <ManufacturerName>אופנהיימר</ManufacturerName>
      <ManufactureCountry>לא ידוע</ManufactureCountry>
      <ManufacturerItemDescription>מזרה ירוק 400 גרם</ManufacturerItemDescription>
      <UnitQty>גרמים</UnitQty>
      <Quantity>400.00</Quantity>
      <UnitOfMeasure>100 גרם</UnitOfMeasure>
      <bIsWeighted>0</bIsWeighted>
      <QtyInPackage>1</QtyInPackage>
      <ItemPrice>13.90</ItemPrice>
      <UnitOfMeasurePrice>3.4750</UnitOfMeasurePrice>
      <AllowDiscount>1</AllowDiscount>
      <ItemStatus>1</ItemStatus>
      <ItemId>254582</ItemId>
    </Item>
    <Item>
      <PriceUpdateDate>2015-01-01 00:00:00</PriceUpdateDate>
      <ItemCode>253077</ItemCode>
      <ItemType>0</ItemType>
      <ItemName>מזרה לבן 400 גרם</ItemName>
      <ManufacturerName>אופנהיימר</ManufacturerName>
      <ManufactureCountry>לא ידוע</ManufactureCountry>
      <ManufacturerItemDescription>מזרה לבן 400 גרם</ManufacturerItemDescription>
      <UnitQty>גרמים</UnitQty>
      <Quantity>400.00</Quantity>
      <UnitOfMeasure>100 גרם</UnitOfMeasure>
      <bIsWeighted>0</bIsWeighted>
      <QtyInPackage>1</QtyInPackage>
      <ItemPrice>13.90</ItemPrice>
      <UnitOfMeasurePrice>3.4750</UnitOfMeasurePrice>
      <AllowDiscount>1</AllowDiscount>
      <ItemStatus>1</ItemStatus>
      <ItemId>254584</ItemId>
    </Item>
    <Item>
      <PriceUpdateDate>2015-01-01 00:00:00</PriceUpdateDate>
      <ItemCode>253114</ItemCode>
      <ItemType>0</ItemType>
      <ItemName>מזרה צהוב 400 גרם</ItemName>
      <ManufacturerName>אופנהיימר</ManufacturerName>
      <ManufactureCountry>לא ידוע</ManufactureCountry>
      <ManufacturerItemDescription>מזרה צהוב 400 גרם</ManufacturerItemDescription>
      <UnitQty>גרמים</UnitQty>
      <Quantity>400.00</Quantity>
      <UnitOfMeasure>100 גרם</UnitOfMeasure>
      <bIsWeighted>0</bIsWeighted>
      <QtyInPackage>1</QtyInPackage>
      <ItemPrice>13.90</ItemPrice>
      <UnitOfMeasurePrice>3.4750</UnitOfMeasurePrice>
      <AllowDiscount>1</AllowDiscount>
      <ItemStatus>1</ItemStatus>
      <ItemId>254585</ItemId>
    </Item>
    <Item>
      <PriceUpdateDate>2015-01-01 00:00:00</PriceUpdateDate>
      <ItemCode>253121</ItemCode>
      <ItemType>0</ItemType>
      <ItemName>מזרה כחול 400 גרם</ItemName>
      <ManufacturerName>אופנהיימר</ManufacturerName>
      <ManufactureCountry>לא ידוע</ManufactureCountry>
      <ManufacturerItemDescription>מזרה כחול 400 גרם</ManufacturerItemDescription>
      <UnitQty>גרמים</UnitQty>
      <Quantity>400.00</Quantity>
      <UnitOfMeasure>100 גרם</UnitOfMeasure>
      <bIsWeighted>0</bIsWeighted>
      <QtyInPackage>1</QtyInPackage>
      <ItemPrice>13.90</ItemPrice>
      <UnitOfMeasurePrice>3.4750</UnitOfMeasurePrice>
      <AllowDiscount>1</AllowDiscount>
      <ItemStatus>1</ItemStatus>
      <ItemId>254586</ItemId>
    </Item>
    <Item>
      <PriceUpdateDate>2016-04-03 09:41:55</PriceUpdateDate>
      <ItemCode>907796</ItemCode>
      <ItemType>0</ItemType>
      <ItemName>מצות עבודת יד 1 ק"ג</ItemName>
      <ManufacturerName>,</ManufacturerName>
      <ManufactureCountry>לא ידוע</ManufactureCountry>
      <ManufacturerItemDescription>מצות עבודת יד 1 ק"ג מצעס</ManufacturerItemDescription>
      <UnitQty>קילוגרמים</UnitQty>
      <Quantity>1.00</Quantity>
      <UnitOfMeasure>ק"ג     </UnitOfMeasure>
      <bIsWeighted>0</bIsWeighted>
      <QtyInPackage>1</QtyInPackage>
      <ItemPrice>49.90</ItemPrice>
      <UnitOfMeasurePrice>49.9000</UnitOfMeasurePrice>
      <AllowDiscount>1</AllowDiscount>
      <ItemStatus>1</ItemStatus>
      <ItemId>254599</ItemId>
    </Item>
    <Item>
      <PriceUpdateDate>2016-04-03 09:41:31</PriceUpdateDate>
      <ItemCode>8285025</ItemCode>
      <ItemType>0</ItemType>
      <ItemName>מצות שמורה עבודת יד</ItemName>
      <ManufacturerName>,</ManufacturerName>
      <ManufactureCountry>לא ידוע</ManufactureCountry>
      <ManufacturerItemDescription>מצות עבודת יד 1 ק"ג הרב גרוס</ManufacturerItemDescription>
      <UnitQty>קילוגרמים</UnitQty>
      <Quantity>1.00</Quantity>
      <UnitOfMeasure>ק"ג     </UnitOfMeasure>
      <bIsWeighted>0</bIsWeighted>
      <QtyInPackage>1</QtyInPackage>
      <ItemPrice>67.90</ItemPrice>
      <UnitOfMeasurePrice>67.9000</UnitOfMeasurePrice>
      <AllowDiscount>1</AllowDiscount>
      <ItemStatus>1</ItemStatus>
      <ItemId>254600</ItemId>
    </Item>
    <Item>
      <PriceUpdateDate>2015-01-01 00:00:00</PriceUpdateDate>
      <ItemCode>907802</ItemCode>
      <ItemType>0</ItemType>
      <ItemName>מצה שמורה 1/3 עבודת</ItemName>
      <ManufacturerName>,</ManufacturerName>
      <ManufactureCountry>לא ידוע</ManufactureCountry>
      <ManufacturerItemDescription>מצה שמורה 1/3 עבודת יד חבורעס</ManufacturerItemDescription>
      <UnitQty>Unknown </UnitQty>
      <Quantity>0.00</Quantity>
      <UnitOfMeasure>Unknown </UnitOfMeasure>
      <bIsWeighted>0</bIsWeighted>
      <QtyInPackage>1</QtyInPackage>
      <ItemPrice>21.90</ItemPrice>
      <UnitOfMeasurePrice>0.0000</UnitOfMeasurePrice>
      <AllowDiscount>1</AllowDiscount>
      <ItemStatus>1</ItemStatus>
      <ItemId>254602</ItemId>
    </Item>
    <Item>
      <PriceUpdateDate>2015-01-01 00:00:00</PriceUpdateDate>
      <ItemCode>7290014281141</ItemCode>
      <ItemType>0</ItemType>
      <ItemName>קמח מצה 500 גרם</ItemName>
      <ManufacturerName>,</ManufacturerName>
      <ManufactureCountry>לא ידוע</ManufactureCountry>
      <ManufacturerItemDescription>קמח מצה 500 גרם</ManufacturerItemDescription>
      <UnitQty>גרמים</UnitQty>
      <Quantity>500.00</Quantity>
      <UnitOfMeasure>100 גרם</UnitOfMeasure>
      <bIsWeighted>0</bIsWeighted>
      <QtyInPackage>1</QtyInPackage>
      <ItemPrice>19.90</ItemPrice>
      <UnitOfMeasurePrice>3.9800</UnitOfMeasurePrice>
      <AllowDiscount>1</AllowDiscount>
      <ItemStatus>1</ItemStatus>
      <ItemId>254603</ItemId>
    </Item>
    <Item>
      <PriceUpdateDate>2015-01-01 00:00:00</PriceUpdateDate>
      <ItemCode>710069105201</ItemCode>
      <ItemType>0</ItemType>
      <ItemName>לפתן מנדרינות 850 גר</ItemName>
      <ManufacturerName>,</ManufacturerName>
      <ManufactureCountry>לא ידוע</ManufactureCountry>
      <ManufacturerItemDescription>לפתן מנדרינות 850 גרם</ManufacturerItemDescription>
      <UnitQty>גרמים</UnitQty>
      <Quantity>850.00</Quantity>
      <UnitOfMeasure>100 גרם</UnitOfMeasure>
      <bIsWeighted>0</bIsWeighted>
      <QtyInPackage>1</QtyInPackage>
      <ItemPrice>9.90</ItemPrice>
      <UnitOfMeasurePrice>1.1647</UnitOfMeasurePrice>
      <AllowDiscount>1</AllowDiscount>
      <ItemStatus>1</ItemStatus>
      <ItemId>254609</ItemId>
    </Item>
    <Item>
      <PriceUpdateDate>2015-01-01 00:00:00</PriceUpdateDate>
      <ItemCode>4791021902027</ItemCode>
      <ItemType>0</ItemType>
      <ItemName>תה ארל גריי ספיישל</ItemName>
      <ManufacturerName>,</ManufacturerName>
      <ManufactureCountry>לא ידוע</ManufactureCountry>
      <ManufacturerItemDescription>תה ארל גריי ספיישל</ManufacturerItemDescription>
      <UnitQty>גרמים</UnitQty>
      <Quantity>200.00</Quantity>
      <UnitOfMeasure>100 גרם</UnitOfMeasure>
      <bIsWeighted>0</bIsWeighted>
      <QtyInPackage>1</QtyInPackage>
      <ItemPrice>19.90</ItemPrice>
      <UnitOfMeasurePrice>9.9500</UnitOfMeasurePrice>
      <AllowDiscount>1</AllowDiscount>
      <ItemStatus>1</ItemStatus>
      <ItemId>254610</ItemId>
    </Item>
    <Item>
      <PriceUpdateDate>2015-01-01 00:00:00</PriceUpdateDate>
      <ItemCode>7290014731844</ItemCode>
      <ItemType>0</ItemType>
      <ItemName>מפיות מודפסות תלת שכ</ItemName>
      <ManufacturerName>hanketissue</ManufacturerName>
      <ManufactureCountry>לא ידוע</ManufactureCountry>
      <ManufacturerItemDescription>מפיות מודפסות תלת שכבתיות 20 יח</ManufacturerItemDescription>
      <UnitQty>Unknown </UnitQty>
      <Quantity>0.00</Quantity>
      <UnitOfMeasure>Unknown </UnitOfMeasure>
      <bIsWeighted>0</bIsWeighted>
      <QtyInPackage>1</QtyInPackage>
      <ItemPrice>6.90</ItemPrice>
      <UnitOfMeasurePrice>0.0000</UnitOfMeasurePrice>
      <AllowDiscount>1</AllowDiscount>
      <ItemStatus>1</ItemStatus>
      <ItemId>254635</ItemId>
    </Item>
    <Item>
      <PriceUpdateDate>2015-01-01 00:00:00</PriceUpdateDate>
      <ItemCode>7290014407190</ItemCode>
      <ItemType>0</ItemType>
      <ItemName>עוגיות כוסמין פקאן ל</ItemName>
      <ManufacturerName>מאפיית א.ש.ייצור ושי</ManufacturerName>
      <ManufactureCountry>לא ידוע</ManufactureCountry>
      <ManufacturerItemDescription>עוגיות כוסמין פקאן ללא סוכר 250 גרם</ManufacturerItemDescription>
      <UnitQty>גרמים</UnitQty>
      <Quantity>250.00</Quantity>
      <UnitOfMeasure>100 גרם</UnitOfMeasure>
      <bIsWeighted>0</bIsWeighted>
      <QtyInPackage>1</QtyInPackage>
      <ItemPrice>14.90</ItemPrice>
      <UnitOfMeasurePrice>5.9600</UnitOfMeasurePrice>
      <AllowDiscount>1</AllowDiscount>
      <ItemStatus>1</ItemStatus>
      <ItemId>254645</ItemId>
    </Item>
    <Item>
      <PriceUpdateDate>2015-12-29 11:53:27</PriceUpdateDate>
      <ItemCode>116921</ItemCode>
      <ItemType>0</ItemType>
      <ItemName>רוטב קנור צילי מתוק</ItemName>
      <ManufacturerName>יוניליוור</ManufacturerName>
      <ManufactureCountry>לא ידוע</ManufactureCountry>
      <ManufacturerItemDescription>רוטב קנור צילי מתוק 340 מ"ל</ManufacturerItemDescription>
      <UnitQty>מיליליטרים</UnitQty>
      <Quantity>340.00</Quantity>
      <UnitOfMeasure>100 מ"ל</UnitOfMeasure>
      <bIsWeighted>0</bIsWeighted>
      <QtyInPackage>1</QtyInPackage>
      <ItemPrice>9.90</ItemPrice>
      <UnitOfMeasurePrice>2.9118</UnitOfMeasurePrice>
      <AllowDiscount>1</AllowDiscount>
      <ItemStatus>1</ItemStatus>
      <ItemId>254654</ItemId>
    </Item>
    <Item>
      <PriceUpdateDate>2016-08-15 17:21:26</PriceUpdateDate>
      <ItemCode>6112017100247</ItemCode>
      <ItemType>1</ItemType>
      <ItemName>ארוחה מוכנה קציצות ע</ItemName>
      <ManufacturerName>,</ManufacturerName>
      <ManufactureCountry>לא ידוע</ManufactureCountry>
      <ManufacturerItemDescription>קציצות עוף אורז אפונה וגזר</ManufacturerItemDescription>
      <UnitQty>גרמים</UnitQty>
      <Quantity>400.00</Quantity>
      <UnitOfMeasure>100 גרם</UnitOfMeasure>
      <bIsWeighted>0</bIsWeighted>
      <QtyInPackage>1</QtyInPackage>
      <ItemPrice>26.90</ItemPrice>
      <UnitOfMeasurePrice>6.7250</UnitOfMeasurePrice>
      <AllowDiscount>1</AllowDiscount>
      <ItemStatus>1</ItemStatus>
      <ItemId>269366</ItemId>
    </Item>
    <Item>
      <PriceUpdateDate>2015-01-01 00:00:00</PriceUpdateDate>
      <ItemCode>812514011980</ItemCode>
      <ItemType>0</ItemType>
      <ItemName>כוס לחיים 50 יח</ItemName>
      <ManufacturerName>HANTRONIX</ManufacturerName>
      <ManufactureCountry>לא ידוע</ManufactureCountry>
      <ManufacturerItemDescription>כוס לחיים 50 יח</ManufacturerItemDescription>
      <UnitQty>Unknown </UnitQty>
      <Quantity>0.00</Quantity>
      <UnitOfMeasure>Unknown </UnitOfMeasure>
      <bIsWeighted>0</bIsWeighted>
      <QtyInPackage>1</QtyInPackage>
      <ItemPrice>7.90</ItemPrice>
      <UnitOfMeasurePrice>0.0000</UnitOfMeasurePrice>
      <AllowDiscount>1</AllowDiscount>
      <ItemStatus>1</ItemStatus>
      <ItemId>254707</ItemId>
    </Item>
    <Item>
      <PriceUpdateDate>2015-01-01 00:00:00</PriceUpdateDate>
      <ItemCode>812514015117</ItemCode>
      <ItemType>0</ItemType>
      <ItemName>כוס קריסטל 200 מ"ל 2</ItemName>
      <ManufacturerName>HANTRONIX</ManufacturerName>
      <ManufactureCountry>לא ידוע</ManufactureCountry>
      <ManufacturerItemDescription>כוס קריסטל 200 מ"ל 20 יח</ManufacturerItemDescription>
      <UnitQty>Unknown </UnitQty>
      <Quantity>0.00</Quantity>
      <UnitOfMeasure>Unknown </UnitOfMeasure>
      <bIsWeighted>0</bIsWeighted>
      <QtyInPackage>1</QtyInPackage>
      <ItemPrice>7.90</ItemPrice>
      <UnitOfMeasurePrice>0.0000</UnitOfMeasurePrice>
      <AllowDiscount>1</AllowDiscount>
      <ItemStatus>1</ItemStatus>
      <ItemId>254710</ItemId>
    </Item>
    <Item>
      <PriceUpdateDate>2015-01-01 00:00:00</PriceUpdateDate>
      <ItemCode>812514015124</ItemCode>
      <ItemType>0</ItemType>
      <ItemName>כוס קריסטל 230 מ"ל 2</ItemName>
      <ManufacturerName>HANTRONIX</ManufacturerName>
      <ManufactureCountry>לא ידוע</ManufactureCountry>
      <ManufacturerItemDescription>כוס קריסטל 230 מ"ל 20 יח</ManufacturerItemDescription>
      <UnitQty>Unknown </UnitQty>
      <Quantity>0.00</Quantity>
      <UnitOfMeasure>Unknown </UnitOfMeasure>
      <bIsWeighted>0</bIsWeighted>
      <QtyInPackage>1</QtyInPackage>
      <ItemPrice>7.90</ItemPrice>
      <UnitOfMeasurePrice>0.0000</UnitOfMeasurePrice>
      <AllowDiscount>1</AllowDiscount>
      <ItemStatus>1</ItemStatus>
      <ItemId>254711</ItemId>
    </Item>
    <Item>
      <PriceUpdateDate>2015-01-01 00:00:00</PriceUpdateDate>
      <ItemCode>812514015131</ItemCode>
      <ItemType>0</ItemType>
      <ItemName>כוס קריסטל 300 מ"ל 2</ItemName>
      <ManufacturerName>HANTRONIX</ManufacturerName>
      <ManufactureCountry>לא ידוע</ManufactureCountry>
      <ManufacturerItemDescription>כוס קריסטל 300 מ"ל 20 יח</ManufacturerItemDescription>
      <UnitQty>Unknown </UnitQty>
      <Quantity>0.00</Quantity>
      <UnitOfMeasure>Unknown </UnitOfMeasure>
      <bIsWeighted>0</bIsWeighted>
      <QtyInPackage>1</QtyInPackage>
      <ItemPrice>9.90</ItemPrice>
      <UnitOfMeasurePrice>0.0000</UnitOfMeasurePrice>
      <AllowDiscount>1</AllowDiscount>
      <ItemStatus>1</ItemStatus>
      <ItemId>254713</ItemId>
    </Item>
    <Item>
      <PriceUpdateDate>2015-01-01 00:00:00</PriceUpdateDate>
      <ItemCode>812514015155</ItemCode>
      <ItemType>0</ItemType>
      <ItemName>כוס קריסטל 400 מ"ל 2</ItemName>
      <ManufacturerName>HANTRONIX</ManufacturerName>
      <ManufactureCountry>לא ידוע</ManufactureCountry>
      <ManufacturerItemDescription>כוס קריסטל 400 מ"ל 20 יח</ManufacturerItemDescription>
      <UnitQty>Unknown </UnitQty>
      <Quantity>0.00</Quantity>
      <UnitOfMeasure>Unknown </UnitOfMeasure>
      <bIsWeighted>0</bIsWeighted>
      <QtyInPackage>1</QtyInPackage>
      <ItemPrice>14.90</ItemPrice>
      <UnitOfMeasurePrice>0.0000</UnitOfMeasurePrice>
      <AllowDiscount>1</AllowDiscount>
      <ItemStatus>1</ItemStatus>
      <ItemId>254715</ItemId>
    </Item>
    <Item>
      <PriceUpdateDate>2015-01-01 00:00:00</PriceUpdateDate>
      <ItemCode>812514015230</ItemCode>
      <ItemType>0</ItemType>
      <ItemName>כוס קריסטל 500 מ"ל 2</ItemName>
      <ManufacturerName>HANTRONIX</ManufacturerName>
      <ManufactureCountry>לא ידוע</ManufactureCountry>
      <ManufacturerItemDescription>כוס קריסטל 500 מ"ל 20 יח</ManufacturerItemDescription>
      <UnitQty>Unknown </UnitQty>
      <Quantity>0.00</Quantity>
      <UnitOfMeasure>Unknown </UnitOfMeasure>
      <bIsWeighted>0</bIsWeighted>
      <QtyInPackage>1</QtyInPackage>
      <ItemPrice>15.90</ItemPrice>
      <UnitOfMeasurePrice>0.0000</UnitOfMeasurePrice>
      <AllowDiscount>1</AllowDiscount>
      <ItemStatus>1</ItemStatus>
      <ItemId>254716</ItemId>
    </Item>
    <Item>
      <PriceUpdateDate>2015-01-01 00:00:00</PriceUpdateDate>
      <ItemCode>7290107871532</ItemCode>
      <ItemType>0</ItemType>
      <ItemName>מאגדת קרחונים מלון ד</ItemName>
      <ManufacturerName>גלידות נסטלה</ManufacturerName>
      <ManufactureCountry>לא ידוע</ManufactureCountry>
      <ManufacturerItemDescription>מאגדת קרחונים מלון דובדבן 10 יח</ManufacturerItemDescription>
      <UnitQty>גרמים</UnitQty>
      <Quantity>800.00</Quantity>
      <UnitOfMeasure>100 גרם</UnitOfMeasure>
      <bIsWeighted>0</bIsWeighted>
      <QtyInPackage>1</QtyInPackage>
      <ItemPrice>15.90</ItemPrice>
      <UnitOfMeasurePrice>1.9875</UnitOfMeasurePrice>
      <AllowDiscount>1</AllowDiscount>
      <ItemStatus>1</ItemStatus>
      <ItemId>254743</ItemId>
    </Item>
    <Item>
      <PriceUpdateDate>2016-04-07 21:33:27</PriceUpdateDate>
      <ItemCode>2391777</ItemCode>
      <ItemType>0</ItemType>
      <ItemName>קבב בקר  440 גרם כשל</ItemName>
      <ManufacturerName>,</ManufacturerName>
      <ManufactureCountry>לא ידוע</ManufactureCountry>
      <ManufacturerItemDescription>קבב בקר  440 גרם כשל"פ</ManufacturerItemDescription>
      <UnitQty>גרמים</UnitQty>
      <Quantity>440.00</Quantity>
      <UnitOfMeasure>100 גרם</UnitOfMeasure>
      <bIsWeighted>0</bIsWeighted>
      <QtyInPackage>1</QtyInPackage>
      <ItemPrice>34.90</ItemPrice>
      <UnitOfMeasurePrice>7.9318</UnitOfMeasurePrice>
      <AllowDiscount>1</AllowDiscount>
      <ItemStatus>1</ItemStatus>
      <ItemId>254752</ItemId>
    </Item>
    <Item>
      <PriceUpdateDate>2015-01-01 00:00:00</PriceUpdateDate>
      <ItemCode>3203505</ItemCode>
      <ItemType>0</ItemType>
      <ItemName>בשר הודו לחמין</ItemName>
      <ManufacturerName>,</ManufacturerName>
      <ManufactureCountry>לא ידוע</ManufactureCountry>
      <ManufacturerItemDescription>בשר הודו לחמין</ManufacturerItemDescription>
      <UnitQty>קילוגרמים</UnitQty>
      <Quantity>1.00</Quantity>
      <UnitOfMeasure>ק"ג</UnitOfMeasure>
      <bIsWeighted>1</bIsWeighted>
      <QtyInPackage>לא ידוע</QtyInPackage>
      <ItemPrice>29.90</ItemPrice>
      <UnitOfMeasurePrice>29.9000</UnitOfMeasurePrice>
      <AllowDiscount>1</AllowDiscount>
      <ItemStatus>1</ItemStatus>
      <ItemId>254754</ItemId>
    </Item>
    <Item>
      <PriceUpdateDate>2015-01-01 00:00:00</PriceUpdateDate>
      <ItemCode>7290013224873</ItemCode>
      <ItemType>0</ItemType>
      <ItemName>נוזל כלים מגיק ירוק</ItemName>
      <ManufacturerName>,</ManufacturerName>
      <ManufactureCountry>לא ידוע</ManufactureCountry>
      <ManufacturerItemDescription>נוזל כלים מגיק ירוק 18% 1.5 ליטר</ManufacturerItemDescription>
      <UnitQty>ליטרים</UnitQty>
      <Quantity>1.50</Quantity>
      <UnitOfMeasure>ליטר    </UnitOfMeasure>
      <bIsWeighted>0</bIsWeighted>
      <QtyInPackage>1</QtyInPackage>
      <ItemPrice>8.90</ItemPrice>
      <UnitOfMeasurePrice>5.9333</UnitOfMeasurePrice>
      <AllowDiscount>1</AllowDiscount>
      <ItemStatus>1</ItemStatus>
      <ItemId>254766</ItemId>
    </Item>
    <Item>
      <PriceUpdateDate>2015-01-01 00:00:00</PriceUpdateDate>
      <ItemCode>7290013946850</ItemCode>
      <ItemType>0</ItemType>
      <ItemName>נוזל כלים מגיק צהוב</ItemName>
      <ManufacturerName>,</ManufacturerName>
      <ManufactureCountry>לא ידוע</ManufactureCountry>
      <ManufacturerItemDescription>נוזל כלים מגיק צהוב 18% 1.5 ליטר</ManufacturerItemDescription>
      <UnitQty>ליטרים</UnitQty>
      <Quantity>1.50</Quantity>
      <UnitOfMeasure>ליטר    </UnitOfMeasure>
      <bIsWeighted>0</bIsWeighted>
      <QtyInPackage>1</QtyInPackage>
      <ItemPrice>8.90</ItemPrice>
      <UnitOfMeasurePrice>5.9333</UnitOfMeasurePrice>
      <AllowDiscount>1</AllowDiscount>
      <ItemStatus>1</ItemStatus>
      <ItemId>254767</ItemId>
    </Item>
    <Item>
      <PriceUpdateDate>2015-01-01 00:00:00</PriceUpdateDate>
      <ItemCode>7290014555884</ItemCode>
      <ItemType>0</ItemType>
      <ItemName>נוזל כלים מגיק פרחים</ItemName>
      <ManufacturerName>,</ManufacturerName>
      <ManufactureCountry>לא ידוע</ManufactureCountry>
      <ManufacturerItemDescription>נוזל כלים מגיק פרחים 18% 1.5 ליטר</ManufacturerItemDescription>
      <UnitQty>ליטרים</UnitQty>
      <Quantity>1.50</Quantity>
      <UnitOfMeasure>ליטר    </UnitOfMeasure>
      <bIsWeighted>0</bIsWeighted>
      <QtyInPackage>1</QtyInPackage>
      <ItemPrice>8.90</ItemPrice>
      <UnitOfMeasurePrice>5.9333</UnitOfMeasurePrice>
      <AllowDiscount>1</AllowDiscount>
      <ItemStatus>1</ItemStatus>
      <ItemId>254768</ItemId>
    </Item>
    <Item>
      <PriceUpdateDate>2016-03-28 14:11:09</PriceUpdateDate>
      <ItemCode>7290010760862</ItemCode>
      <ItemType>0</ItemType>
      <ItemName>עוגיות קוקוס מצופה 3</ItemName>
      <ManufacturerName>,</ManufacturerName>
      <ManufactureCountry>לא ידוע</ManufactureCountry>
      <ManufacturerItemDescription>עוגיות קוקוס מצופה 300 גרם חת"ס ב"ב</ManufacturerItemDescription>
      <UnitQty>גרמים</UnitQty>
      <Quantity>400.00</Quantity>
      <UnitOfMeasure>100 גרם</UnitOfMeasure>
      <bIsWeighted>0</bIsWeighted>
      <QtyInPackage>1</QtyInPackage>
      <ItemPrice>4.90</ItemPrice>
      <UnitOfMeasurePrice>1.2250</UnitOfMeasurePrice>
      <AllowDiscount>1</AllowDiscount>
      <ItemStatus>1</ItemStatus>
      <ItemId>254784</ItemId>
    </Item>
    <Item>
      <PriceUpdateDate>2015-11-01 11:08:58</PriceUpdateDate>
      <ItemCode>7290015640398</ItemCode>
      <ItemType>0</ItemType>
      <ItemName>מטהר אויר נטול גז 40</ItemName>
      <ManufacturerName>,</ManufacturerName>
      <ManufactureCountry>לא ידוע</ManufactureCountry>
      <ManufacturerItemDescription>מטהר אויר נטול גז 400 מ"ל כחול</ManufacturerItemDescription>
      <UnitQty>מיליליטרים</UnitQty>
      <Quantity>400.00</Quantity>
      <UnitOfMeasure>100 מ"ל</UnitOfMeasure>
      <bIsWeighted>0</bIsWeighted>
      <QtyInPackage>1</QtyInPackage>
      <ItemPrice>6.90</ItemPrice>
      <UnitOfMeasurePrice>1.7250</UnitOfMeasurePrice>
      <AllowDiscount>1</AllowDiscount>
      <ItemStatus>1</ItemStatus>
      <ItemId>254812</ItemId>
    </Item>
    <Item>
      <PriceUpdateDate>2015-01-01 00:00:00</PriceUpdateDate>
      <ItemCode>7290014855205</ItemCode>
      <ItemType>0</ItemType>
      <ItemName>מגבוני נייר טואלט טו</ItemName>
      <ManufacturerName>,</ManufacturerName>
      <ManufactureCountry>לא ידוע</ManufactureCountry>
      <ManufacturerItemDescription>מגבוני נייר טואלט טופ פרש 60 יח</ManufacturerItemDescription>
      <UnitQty>Unknown </UnitQty>
      <Quantity>0.00</Quantity>
      <UnitOfMeasure>Unknown </UnitOfMeasure>
      <bIsWeighted>0</bIsWeighted>
      <QtyInPackage>1</QtyInPackage>
      <ItemPrice>4.90</ItemPrice>
      <UnitOfMeasurePrice>0.0000</UnitOfMeasurePrice>
      <AllowDiscount>1</AllowDiscount>
      <ItemStatus>1</ItemStatus>
      <ItemId>254813</ItemId>
    </Item>
    <Item>
      <PriceUpdateDate>2016-08-15 11:00:34</PriceUpdateDate>
      <ItemCode>7290108751116</ItemCode>
      <ItemType>1</ItemType>
      <ItemName>מטבוחה 400 גרם</ItemName>
      <ManufacturerName>,</ManufacturerName>
      <ManufactureCountry>לא ידוע</ManufactureCountry>
      <ManufacturerItemDescription>מטבוחה 400 גרם</ManufacturerItemDescription>
      <UnitQty>גרמים</UnitQty>
      <Quantity>400.00</Quantity>
      <UnitOfMeasure>100 גרם</UnitOfMeasure>
      <bIsWeighted>0</bIsWeighted>
      <QtyInPackage>1</QtyInPackage>
      <ItemPrice>9.90</ItemPrice>
      <UnitOfMeasurePrice>2.4750</UnitOfMeasurePrice>
      <AllowDiscount>1</AllowDiscount>
      <ItemStatus>1</ItemStatus>
      <ItemId>269488</ItemId>
    </Item>
    <Item>
      <PriceUpdateDate>2015-01-01 00:00:00</PriceUpdateDate>
      <ItemCode>7290015321303</ItemCode>
      <ItemType>0</ItemType>
      <ItemName>תבלין לסטיק 250 גרם</ItemName>
      <ManufacturerName>,</ManufacturerName>
      <ManufactureCountry>לא ידוע</ManufactureCountry>
      <ManufacturerItemDescription>תבלין לסטיק 250 גרם</ManufacturerItemDescription>
      <UnitQty>גרמים</UnitQty>
      <Quantity>250.00</Quantity>
      <UnitOfMeasure>100 גרם</UnitOfMeasure>
      <bIsWeighted>0</bIsWeighted>
      <QtyInPackage>1</QtyInPackage>
      <ItemPrice>19.90</ItemPrice>
      <UnitOfMeasurePrice>7.9600</UnitOfMeasurePrice>
      <AllowDiscount>1</AllowDiscount>
      <ItemStatus>1</ItemStatus>
      <ItemId>254856</ItemId>
    </Item>
    <Item>
      <PriceUpdateDate>2015-11-01 10:58:17</PriceUpdateDate>
      <ItemCode>7290107280488</ItemCode>
      <ItemType>0</ItemType>
      <ItemName>סנובון אסלה מוצק WAV</ItemName>
      <ManufacturerName>DRAMERS S A</ManufacturerName>
      <ManufactureCountry>לא ידוע</ManufactureCountry>
      <ManufacturerItemDescription>סנובון מוצק WAVE בניחוח פרחים ורודים</ManufacturerItemDescription>
      <UnitQty>Unknown </UnitQty>
      <Quantity>0.00</Quantity>
      <UnitOfMeasure>Unknown </UnitOfMeasure>
      <bIsWeighted>0</bIsWeighted>
      <QtyInPackage>1</QtyInPackage>
      <ItemPrice>6.60</ItemPrice>
      <UnitOfMeasurePrice>0.0000</UnitOfMeasurePrice>
      <AllowDiscount>1</AllowDiscount>
      <ItemStatus>1</ItemStatus>
      <ItemId>254847</ItemId>
    </Item>
    <Item>
      <PriceUpdateDate>2015-11-01 10:58:18</PriceUpdateDate>
      <ItemCode>7290107280495</ItemCode>
      <ItemType>0</ItemType>
      <ItemName>סנובון אסלה מוצק WAV</ItemName>
      <ManufacturerName>DRAMERS S A</ManufacturerName>
      <ManufactureCountry>לא ידוע</ManufactureCountry>
      <ManufacturerItemDescription>סנובון מוצק WAVE בניחוח לימון מרענן</ManufacturerItemDescription>
      <UnitQty>Unknown </UnitQty>
      <Quantity>0.00</Quantity>
      <UnitOfMeasure>Unknown </UnitOfMeasure>
      <bIsWeighted>0</bIsWeighted>
      <QtyInPackage>1</QtyInPackage>
      <ItemPrice>6.60</ItemPrice>
      <UnitOfMeasurePrice>0.0000</UnitOfMeasurePrice>
      <AllowDiscount>1</AllowDiscount>
      <ItemStatus>1</ItemStatus>
      <ItemId>254848</ItemId>
    </Item>
    <Item>
      <PriceUpdateDate>2015-11-01 10:58:18</PriceUpdateDate>
      <ItemCode>7290107280501</ItemCode>
      <ItemType>0</ItemType>
      <ItemName>סנובון אסלה מוצק WAV</ItemName>
      <ManufacturerName>DRAMERS S A</ManufacturerName>
      <ManufactureCountry>לא ידוע</ManufactureCountry>
      <ManufacturerItemDescription>סנובון מוצק WAVE בניחוח אורנים</ManufacturerItemDescription>
      <UnitQty>Unknown </UnitQty>
      <Quantity>0.00</Quantity>
      <UnitOfMeasure>Unknown </UnitOfMeasure>
      <bIsWeighted>0</bIsWeighted>
      <QtyInPackage>1</QtyInPackage>
      <ItemPrice>6.60</ItemPrice>
      <UnitOfMeasurePrice>0.0000</UnitOfMeasurePrice>
      <AllowDiscount>1</AllowDiscount>
      <ItemStatus>1</ItemStatus>
      <ItemId>254849</ItemId>
    </Item>
    <Item>
      <PriceUpdateDate>2015-01-01 00:00:00</PriceUpdateDate>
      <ItemCode>7290015321181</ItemCode>
      <ItemType>0</ItemType>
      <ItemName>פפריקה חריפה בשמן 25</ItemName>
      <ManufacturerName>,</ManufacturerName>
      <ManufactureCountry>לא ידוע</ManufactureCountry>
      <ManufacturerItemDescription>פפריקה חריפה בשמן 300 גרם</ManufacturerItemDescription>
      <UnitQty>גרמים</UnitQty>
      <Quantity>250.00</Quantity>
      <UnitOfMeasure>100 גרם</UnitOfMeasure>
      <bIsWeighted>0</bIsWeighted>
      <QtyInPackage>1</QtyInPackage>
      <ItemPrice>19.90</ItemPrice>
      <UnitOfMeasurePrice>7.9600</UnitOfMeasurePrice>
      <AllowDiscount>1</AllowDiscount>
      <ItemStatus>1</ItemStatus>
      <ItemId>254857</ItemId>
    </Item>
    <Item>
      <PriceUpdateDate>2015-01-01 00:00:00</PriceUpdateDate>
      <ItemCode>7290015321198</ItemCode>
      <ItemType>0</ItemType>
      <ItemName>פפריקה חריפה 300 גרם</ItemName>
      <ManufacturerName>,</ManufacturerName>
      <ManufactureCountry>לא ידוע</ManufactureCountry>
      <ManufacturerItemDescription>פפריקה חריפה 300 גרם</ManufacturerItemDescription>
      <UnitQty>גרמים</UnitQty>
      <Quantity>300.00</Quantity>
      <UnitOfMeasure>100 גרם</UnitOfMeasure>
      <bIsWeighted>0</bIsWeighted>
      <QtyInPackage>1</QtyInPackage>
      <ItemPrice>19.90</ItemPrice>
      <UnitOfMeasurePrice>6.6333</UnitOfMeasurePrice>
      <AllowDiscount>1</AllowDiscount>
      <ItemStatus>1</ItemStatus>
      <ItemId>254858</ItemId>
    </Item>
    <Item>
      <PriceUpdateDate>2015-01-01 00:00:00</PriceUpdateDate>
      <ItemCode>253107</ItemCode>
      <ItemType>0</ItemType>
      <ItemName>צמקאו לבישול ואפיה 9</ItemName>
      <ManufacturerName>אופנהיימר</ManufacturerName>
      <ManufactureCountry>לא ידוע</ManufactureCountry>
      <ManufacturerItemDescription>צמקאו לבישול ואפיה 900 גרם</ManufacturerItemDescription>
      <UnitQty>גרמים</UnitQty>
      <Quantity>900.00</Quantity>
      <UnitOfMeasure>100 גרם</UnitOfMeasure>
      <bIsWeighted>0</bIsWeighted>
      <QtyInPackage>1</QtyInPackage>
      <ItemPrice>16.90</ItemPrice>
      <UnitOfMeasurePrice>1.8778</UnitOfMeasurePrice>
      <AllowDiscount>1</AllowDiscount>
      <ItemStatus>1</ItemStatus>
      <ItemId>254866</ItemId>
    </Item>
    <Item>
      <PriceUpdateDate>2015-09-10 12:09:45</PriceUpdateDate>
      <ItemCode>7501064191466</ItemCode>
      <ItemType>0</ItemType>
      <ItemName>בירה קורונה שישיה *3</ItemName>
      <ManufacturerName>,</ManufacturerName>
      <ManufactureCountry>לא ידוע</ManufactureCountry>
      <ManufacturerItemDescription>בירה קורונה שישיה *355 מ"ל 4.5% אלכוהול</ManufacturerItemDescription>
      <UnitQty>ליטרים</UnitQty>
      <Quantity>2.13</Quantity>
      <UnitOfMeasure>ליטר    </UnitOfMeasure>
      <bIsWeighted>0</bIsWeighted>
      <QtyInPackage>1</QtyInPackage>
      <ItemPrice>39.90</ItemPrice>
      <UnitOfMeasurePrice>18.7324</UnitOfMeasurePrice>
      <AllowDiscount>1</AllowDiscount>
      <ItemStatus>1</ItemStatus>
      <ItemId>254894</ItemId>
    </Item>
    <Item>
      <PriceUpdateDate>2015-01-01 00:00:00</PriceUpdateDate>
      <ItemCode>840762016655</ItemCode>
      <ItemType>0</ItemType>
      <ItemName>תרסיס שמן ירקות</ItemName>
      <ManufacturerName>,</ManufacturerName>
      <ManufactureCountry>לא ידוע</ManufactureCountry>
      <ManufacturerItemDescription>תרסיס שמן ירקות 142 מ"ל</ManufacturerItemDescription>
      <UnitQty>מיליליטרים</UnitQty>
      <Quantity>142.00</Quantity>
      <UnitOfMeasure>100 מ"ל</UnitOfMeasure>
      <bIsWeighted>0</bIsWeighted>
      <QtyInPackage>1</QtyInPackage>
      <ItemPrice>16.90</ItemPrice>
      <UnitOfMeasurePrice>11.9014</UnitOfMeasurePrice>
      <AllowDiscount>1</AllowDiscount>
      <ItemStatus>1</ItemStatus>
      <ItemId>254914</ItemId>
    </Item>
    <Item>
      <PriceUpdateDate>2016-03-31 08:33:15</PriceUpdateDate>
      <ItemCode>4685294</ItemCode>
      <ItemType>0</ItemType>
      <ItemName>חלה מקמח מלא 750 גרם</ItemName>
      <ManufacturerName>מאפית י את א ברמן בע</ManufacturerName>
      <ManufactureCountry>לא ידוע</ManufactureCountry>
      <ManufacturerItemDescription>חלה מקמח מלא 750 גרם לחם הארץ</ManufacturerItemDescription>
      <UnitQty>גרמים</UnitQty>
      <Quantity>750.00</Quantity>
      <UnitOfMeasure>100 גרם</UnitOfMeasure>
      <bIsWeighted>0</bIsWeighted>
      <QtyInPackage>1</QtyInPackage>
      <ItemPrice>10.90</ItemPrice>
      <UnitOfMeasurePrice>1.4533</UnitOfMeasurePrice>
      <AllowDiscount>1</AllowDiscount>
      <ItemStatus>1</ItemStatus>
      <ItemId>254940</ItemId>
    </Item>
    <Item>
      <PriceUpdateDate>2015-01-01 00:00:00</PriceUpdateDate>
      <ItemCode>6719171</ItemCode>
      <ItemType>0</ItemType>
      <ItemName>חלה מתוקה קלועה/עגול</ItemName>
      <ManufacturerName>מאפית י את א ברמן בע</ManufacturerName>
      <ManufactureCountry>לא ידוע</ManufactureCountry>
      <ManufacturerItemDescription>חלה מתוקה קלועה/עגולה</ManufacturerItemDescription>
      <UnitQty>Unknown </UnitQty>
      <Quantity>0.00</Quantity>
      <UnitOfMeasure>Unknown </UnitOfMeasure>
      <bIsWeighted>0</bIsWeighted>
      <QtyInPackage>1</QtyInPackage>
      <ItemPrice>7.99</ItemPrice>
      <UnitOfMeasurePrice>0.0000</UnitOfMeasurePrice>
      <AllowDiscount>1</AllowDiscount>
      <ItemStatus>1</ItemStatus>
      <ItemId>254944</ItemId>
    </Item>
    <Item>
      <PriceUpdateDate>2015-01-01 00:00:00</PriceUpdateDate>
      <ItemCode>498157</ItemCode>
      <ItemType>0</ItemType>
      <ItemName>לחמניה שמיניה כפולה</ItemName>
      <ManufacturerName>מאפית י את א ברמן בע</ManufacturerName>
      <ManufactureCountry>לא ידוע</ManufactureCountry>
      <ManufacturerItemDescription>לחמניה שמיניה כפולה</ManufacturerItemDescription>
      <UnitQty>גרמים</UnitQty>
      <Quantity>120.00</Quantity>
      <UnitOfMeasure>100 גרם</UnitOfMeasure>
      <bIsWeighted>0</bIsWeighted>
      <QtyInPackage>1</QtyInPackage>
      <ItemPrice>2.00</ItemPrice>
      <UnitOfMeasurePrice>1.6667</UnitOfMeasurePrice>
      <AllowDiscount>1</AllowDiscount>
      <ItemStatus>1</ItemStatus>
      <ItemId>254948</ItemId>
    </Item>
    <Item>
      <PriceUpdateDate>2015-01-01 00:00:00</PriceUpdateDate>
      <ItemCode>7290013771285</ItemCode>
      <ItemType>0</ItemType>
      <ItemName>גבינה בולגרית קלאסית</ItemName>
      <ManufacturerName>מחלבת השומרון</ManufacturerName>
      <ManufactureCountry>ישראל</ManufactureCountry>
      <ManufacturerItemDescription>גבינה בולגרית קלאסית 5% 200 גרם</ManufacturerItemDescription>
      <UnitQty>גרמים</UnitQty>
      <Quantity>200.00</Quantity>
      <UnitOfMeasure>100 גרם</UnitOfMeasure>
      <bIsWeighted>0</bIsWeighted>
      <QtyInPackage>1</QtyInPackage>
      <ItemPrice>10.90</ItemPrice>
      <UnitOfMeasurePrice>5.4500</UnitOfMeasurePrice>
      <AllowDiscount>1</AllowDiscount>
      <ItemStatus>1</ItemStatus>
      <ItemId>254977</ItemId>
    </Item>
    <Item>
      <PriceUpdateDate>2015-01-01 00:00:00</PriceUpdateDate>
      <ItemCode>7290013771308</ItemCode>
      <ItemType>0</ItemType>
      <ItemName>גבינה בולגרית קלאסית</ItemName>
      <ManufacturerName>מחלבת השומרון</ManufacturerName>
      <ManufactureCountry>ישראל</ManufactureCountry>
      <ManufacturerItemDescription>גבינה בולגרית קלאסית 16% 200 גרם</ManufacturerItemDescription>
      <UnitQty>גרמים</UnitQty>
      <Quantity>200.00</Quantity>
      <UnitOfMeasure>100 גרם</UnitOfMeasure>
      <bIsWeighted>0</bIsWeighted>
      <QtyInPackage>1</QtyInPackage>
      <ItemPrice>10.90</ItemPrice>
      <UnitOfMeasurePrice>5.4500</UnitOfMeasurePrice>
      <AllowDiscount>1</AllowDiscount>
      <ItemStatus>1</ItemStatus>
      <ItemId>254978</ItemId>
    </Item>
    <Item>
      <PriceUpdateDate>2015-01-01 00:00:00</PriceUpdateDate>
      <ItemCode>7290013771261</ItemCode>
      <ItemType>0</ItemType>
      <ItemName>גבינה בולגרית מעודנת</ItemName>
      <ManufacturerName>מחלבת השומרון</ManufacturerName>
      <ManufactureCountry>ישראל</ManufactureCountry>
      <ManufacturerItemDescription>גבינה בולגרית מעודנת 5% 250 גרם</ManufacturerItemDescription>
      <UnitQty>גרמים</UnitQty>
      <Quantity>250.00</Quantity>
      <UnitOfMeasure>100 גרם</UnitOfMeasure>
      <bIsWeighted>0</bIsWeighted>
      <QtyInPackage>1</QtyInPackage>
      <ItemPrice>10.90</ItemPrice>
      <UnitOfMeasurePrice>4.3600</UnitOfMeasurePrice>
      <AllowDiscount>1</AllowDiscount>
      <ItemStatus>1</ItemStatus>
      <ItemId>254979</ItemId>
    </Item>
    <Item>
      <PriceUpdateDate>2015-01-01 00:00:00</PriceUpdateDate>
      <ItemCode>7290013771292</ItemCode>
      <ItemType>0</ItemType>
      <ItemName>גבינת פטאקי 16% 250</ItemName>
      <ManufacturerName>,</ManufacturerName>
      <ManufactureCountry>לא ידוע</ManufactureCountry>
      <ManufacturerItemDescription>גבינת פטאקי 16% 250 גרם</ManufacturerItemDescription>
      <UnitQty>גרמים</UnitQty>
      <Quantity>250.00</Quantity>
      <UnitOfMeasure>100 גרם</UnitOfMeasure>
      <bIsWeighted>0</bIsWeighted>
      <QtyInPackage>1</QtyInPackage>
      <ItemPrice>10.90</ItemPrice>
      <UnitOfMeasurePrice>4.3600</UnitOfMeasurePrice>
      <AllowDiscount>1</AllowDiscount>
      <ItemStatus>1</ItemStatus>
      <ItemId>254980</ItemId>
    </Item>
    <Item>
      <PriceUpdateDate>2015-09-10 12:09:46</PriceUpdateDate>
      <ItemCode>2542506</ItemCode>
      <ItemType>0</ItemType>
      <ItemName>בירה קורונה 355 מ"ל</ItemName>
      <ManufacturerName>,</ManufacturerName>
      <ManufactureCountry>לא ידוע</ManufactureCountry>
      <ManufacturerItemDescription>בירה קורונה 355 מ"ל 4.5% אלכוהול</ManufacturerItemDescription>
      <UnitQty>מיליליטרים</UnitQty>
      <Quantity>355.00</Quantity>
      <UnitOfMeasure>100 מ"ל</UnitOfMeasure>
      <bIsWeighted>0</bIsWeighted>
      <QtyInPackage>1</QtyInPackage>
      <ItemPrice>11.90</ItemPrice>
      <UnitOfMeasurePrice>3.3521</UnitOfMeasurePrice>
      <AllowDiscount>1</AllowDiscount>
      <ItemStatus>1</ItemStatus>
      <ItemId>255089</ItemId>
    </Item>
    <Item>
      <PriceUpdateDate>2015-01-01 00:00:00</PriceUpdateDate>
      <ItemCode>7290014791565</ItemCode>
      <ItemType>0</ItemType>
      <ItemName>שוופס ענבים מוגז 1.5</ItemName>
      <ManufacturerName>יפאורה תבורי</ManufacturerName>
      <ManufactureCountry>ישראל</ManufactureCountry>
      <ManufacturerItemDescription>שוופס ענבים מוגז 1.5 ליטר</ManufacturerItemDescription>
      <UnitQty>ליטרים</UnitQty>
      <Quantity>1.50</Quantity>
      <UnitOfMeasure>ליטר    </UnitOfMeasure>
      <bIsWeighted>0</bIsWeighted>
      <QtyInPackage>1</QtyInPackage>
      <ItemPrice>6.90</ItemPrice>
      <UnitOfMeasurePrice>4.6000</UnitOfMeasurePrice>
      <AllowDiscount>1</AllowDiscount>
      <ItemStatus>1</ItemStatus>
      <ItemId>255091</ItemId>
    </Item>
    <Item>
      <PriceUpdateDate>2015-01-01 00:00:00</PriceUpdateDate>
      <ItemCode>7290015321419</ItemCode>
      <ItemType>0</ItemType>
      <ItemName>שמיר 80 גרם</ItemName>
      <ManufacturerName>,</ManufacturerName>
      <ManufactureCountry>לא ידוע</ManufactureCountry>
      <ManufacturerItemDescription>שמיר 80 גרם</ManufacturerItemDescription>
      <UnitQty>גרמים</UnitQty>
      <Quantity>80.00</Quantity>
      <UnitOfMeasure>100 גרם</UnitOfMeasure>
      <bIsWeighted>0</bIsWeighted>
      <QtyInPackage>1</QtyInPackage>
      <ItemPrice>19.90</ItemPrice>
      <UnitOfMeasurePrice>24.8750</UnitOfMeasurePrice>
      <AllowDiscount>1</AllowDiscount>
      <ItemStatus>1</ItemStatus>
      <ItemId>255095</ItemId>
    </Item>
    <Item>
      <PriceUpdateDate>2015-01-01 00:00:00</PriceUpdateDate>
      <ItemCode>7290015321167</ItemCode>
      <ItemType>0</ItemType>
      <ItemName>פפריקה מתוקה בשמן 30</ItemName>
      <ManufacturerName>,</ManufacturerName>
      <ManufactureCountry>לא ידוע</ManufactureCountry>
      <ManufacturerItemDescription>פפריקה מתוקה בשמן 300 גרם</ManufacturerItemDescription>
      <UnitQty>גרמים</UnitQty>
      <Quantity>300.00</Quantity>
      <UnitOfMeasure>100 גרם</UnitOfMeasure>
      <bIsWeighted>0</bIsWeighted>
      <QtyInPackage>1</QtyInPackage>
      <ItemPrice>19.90</ItemPrice>
      <UnitOfMeasurePrice>6.6333</UnitOfMeasurePrice>
      <AllowDiscount>1</AllowDiscount>
      <ItemStatus>1</ItemStatus>
      <ItemId>255105</ItemId>
    </Item>
    <Item>
      <PriceUpdateDate>2015-01-01 00:00:00</PriceUpdateDate>
      <ItemCode>7290015321228</ItemCode>
      <ItemType>0</ItemType>
      <ItemName>זנגוויל 200 גרם</ItemName>
      <ManufacturerName>,</ManufacturerName>
      <ManufactureCountry>לא ידוע</ManufactureCountry>
      <ManufacturerItemDescription>זנגוויל 200 גרם</ManufacturerItemDescription>
      <UnitQty>גרמים</UnitQty>
      <Quantity>200.00</Quantity>
      <UnitOfMeasure>100 גרם</UnitOfMeasure>
      <bIsWeighted>0</bIsWeighted>
      <QtyInPackage>1</QtyInPackage>
      <ItemPrice>19.90</ItemPrice>
      <UnitOfMeasurePrice>9.9500</UnitOfMeasurePrice>
      <AllowDiscount>1</AllowDiscount>
      <ItemStatus>1</ItemStatus>
      <ItemId>255106</ItemId>
    </Item>
    <Item>
      <PriceUpdateDate>2015-01-01 00:00:00</PriceUpdateDate>
      <ItemCode>7290015321242</ItemCode>
      <ItemType>0</ItemType>
      <ItemName>קינמון טחון 250 גרם</ItemName>
      <ManufacturerName>,</ManufacturerName>
      <ManufactureCountry>לא ידוע</ManufactureCountry>
      <ManufacturerItemDescription>קינמון טחון 250 גרם</ManufacturerItemDescription>
      <UnitQty>גרמים</UnitQty>
      <Quantity>250.00</Quantity>
      <UnitOfMeasure>100 גרם</UnitOfMeasure>
      <bIsWeighted>0</bIsWeighted>
      <QtyInPackage>1</QtyInPackage>
      <ItemPrice>19.90</ItemPrice>
      <UnitOfMeasurePrice>7.9600</UnitOfMeasurePrice>
      <AllowDiscount>1</AllowDiscount>
      <ItemStatus>1</ItemStatus>
      <ItemId>255108</ItemId>
    </Item>
    <Item>
      <PriceUpdateDate>2015-01-01 00:00:00</PriceUpdateDate>
      <ItemCode>7290015321259</ItemCode>
      <ItemType>0</ItemType>
      <ItemName>אבקת שום 300 גרם</ItemName>
      <ManufacturerName>,</ManufacturerName>
      <ManufactureCountry>לא ידוע</ManufactureCountry>
      <ManufacturerItemDescription>אבקת שום 300 גרם</ManufacturerItemDescription>
      <UnitQty>גרמים</UnitQty>
      <Quantity>300.00</Quantity>
      <UnitOfMeasure>100 גרם</UnitOfMeasure>
      <bIsWeighted>0</bIsWeighted>
      <QtyInPackage>1</QtyInPackage>
      <ItemPrice>19.90</ItemPrice>
      <UnitOfMeasurePrice>6.6333</UnitOfMeasurePrice>
      <AllowDiscount>1</AllowDiscount>
      <ItemStatus>1</ItemStatus>
      <ItemId>255109</ItemId>
    </Item>
    <Item>
      <PriceUpdateDate>2015-01-01 00:00:00</PriceUpdateDate>
      <ItemCode>7290015321266</ItemCode>
      <ItemType>0</ItemType>
      <ItemName>שום גבישי 300 גרם</ItemName>
      <ManufacturerName>,</ManufacturerName>
      <ManufactureCountry>לא ידוע</ManufactureCountry>
      <ManufacturerItemDescription>שום גבישי 300 גרם</ManufacturerItemDescription>
      <UnitQty>גרמים</UnitQty>
      <Quantity>300.00</Quantity>
      <UnitOfMeasure>100 גרם</UnitOfMeasure>
      <bIsWeighted>0</bIsWeighted>
      <QtyInPackage>1</QtyInPackage>
      <ItemPrice>19.90</ItemPrice>
      <UnitOfMeasurePrice>6.6333</UnitOfMeasurePrice>
      <AllowDiscount>1</AllowDiscount>
      <ItemStatus>1</ItemStatus>
      <ItemId>255110</ItemId>
    </Item>
    <Item>
      <PriceUpdateDate>2015-01-01 00:00:00</PriceUpdateDate>
      <ItemCode>7290015321273</ItemCode>
      <ItemType>0</ItemType>
      <ItemName>מלח לימון 500 גרם</ItemName>
      <ManufacturerName>,</ManufacturerName>
      <ManufactureCountry>לא ידוע</ManufactureCountry>
      <ManufacturerItemDescription>מלח לימון 500 גרם</ManufacturerItemDescription>
      <UnitQty>גרמים</UnitQty>
      <Quantity>500.00</Quantity>
      <UnitOfMeasure>100 גרם</UnitOfMeasure>
      <bIsWeighted>0</bIsWeighted>
      <QtyInPackage>1</QtyInPackage>
      <ItemPrice>19.90</ItemPrice>
      <UnitOfMeasurePrice>3.9800</UnitOfMeasurePrice>
      <AllowDiscount>1</AllowDiscount>
      <ItemStatus>1</ItemStatus>
      <ItemId>255111</ItemId>
    </Item>
    <Item>
      <PriceUpdateDate>2015-01-01 00:00:00</PriceUpdateDate>
      <ItemCode>7290015321280</ItemCode>
      <ItemType>0</ItemType>
      <ItemName>צילי 230 גרם</ItemName>
      <ManufacturerName>,</ManufacturerName>
      <ManufactureCountry>לא ידוע</ManufactureCountry>
      <ManufacturerItemDescription>צילי 230 גרם</ManufacturerItemDescription>
      <UnitQty>גרמים</UnitQty>
      <Quantity>230.00</Quantity>
      <UnitOfMeasure>100 גרם</UnitOfMeasure>
      <bIsWeighted>0</bIsWeighted>
      <QtyInPackage>1</QtyInPackage>
      <ItemPrice>19.90</ItemPrice>
      <UnitOfMeasurePrice>8.6522</UnitOfMeasurePrice>
      <AllowDiscount>1</AllowDiscount>
      <ItemStatus>1</ItemStatus>
      <ItemId>255112</ItemId>
    </Item>
    <Item>
      <PriceUpdateDate>2015-01-01 00:00:00</PriceUpdateDate>
      <ItemCode>7290015321297</ItemCode>
      <ItemType>0</ItemType>
      <ItemName>גריל עוף 230 גרם</ItemName>
      <ManufacturerName>,</ManufacturerName>
      <ManufactureCountry>לא ידוע</ManufactureCountry>
      <ManufacturerItemDescription>גריל עוף 250 גרם</ManufacturerItemDescription>
      <UnitQty>גרמים</UnitQty>
      <Quantity>250.00</Quantity>
      <UnitOfMeasure>100 גרם</UnitOfMeasure>
      <bIsWeighted>0</bIsWeighted>
      <QtyInPackage>1</QtyInPackage>
      <ItemPrice>19.90</ItemPrice>
      <UnitOfMeasurePrice>7.9600</UnitOfMeasurePrice>
      <AllowDiscount>1</AllowDiscount>
      <ItemStatus>1</ItemStatus>
      <ItemId>255113</ItemId>
    </Item>
    <Item>
      <PriceUpdateDate>2015-01-01 00:00:00</PriceUpdateDate>
      <ItemCode>7290015321310</ItemCode>
      <ItemType>0</ItemType>
      <ItemName>שווארמה 250 גרם</ItemName>
      <ManufacturerName>,</ManufacturerName>
      <ManufactureCountry>לא ידוע</ManufactureCountry>
      <ManufacturerItemDescription>שווארמה 250 גרם</ManufacturerItemDescription>
      <UnitQty>גרמים</UnitQty>
      <Quantity>250.00</Quantity>
      <UnitOfMeasure>100 גרם</UnitOfMeasure>
      <bIsWeighted>0</bIsWeighted>
      <QtyInPackage>1</QtyInPackage>
      <ItemPrice>19.90</ItemPrice>
      <UnitOfMeasurePrice>7.9600</UnitOfMeasurePrice>
      <AllowDiscount>1</AllowDiscount>
      <ItemStatus>1</ItemStatus>
      <ItemId>255114</ItemId>
    </Item>
    <Item>
      <PriceUpdateDate>2015-01-01 00:00:00</PriceUpdateDate>
      <ItemCode>7290015321334</ItemCode>
      <ItemType>0</ItemType>
      <ItemName>קארי 250 גרם</ItemName>
      <ManufacturerName>,</ManufacturerName>
      <ManufactureCountry>לא ידוע</ManufactureCountry>
      <ManufacturerItemDescription>קארי 250 גרם</ManufacturerItemDescription>
      <UnitQty>גרמים</UnitQty>
      <Quantity>250.00</Quantity>
      <UnitOfMeasure>100 גרם</UnitOfMeasure>
      <bIsWeighted>0</bIsWeighted>
      <QtyInPackage>1</QtyInPackage>
      <ItemPrice>19.90</ItemPrice>
      <UnitOfMeasurePrice>7.9600</UnitOfMeasurePrice>
      <AllowDiscount>1</AllowDiscount>
      <ItemStatus>1</ItemStatus>
      <ItemId>255115</ItemId>
    </Item>
    <Item>
      <PriceUpdateDate>2015-01-01 00:00:00</PriceUpdateDate>
      <ItemCode>7290015321341</ItemCode>
      <ItemType>0</ItemType>
      <ItemName>חוואיג למרק 250 גרם</ItemName>
      <ManufacturerName>,</ManufacturerName>
      <ManufactureCountry>לא ידוע</ManufactureCountry>
      <ManufacturerItemDescription>חוואיג למרק 250 גרם</ManufacturerItemDescription>
      <UnitQty>גרמים</UnitQty>
      <Quantity>250.00</Quantity>
      <UnitOfMeasure>100 גרם</UnitOfMeasure>
      <bIsWeighted>0</bIsWeighted>
      <QtyInPackage>1</QtyInPackage>
      <ItemPrice>19.90</ItemPrice>
      <UnitOfMeasurePrice>7.9600</UnitOfMeasurePrice>
      <AllowDiscount>1</AllowDiscount>
      <ItemStatus>1</ItemStatus>
      <ItemId>255116</ItemId>
    </Item>
    <Item>
      <PriceUpdateDate>2015-01-01 00:00:00</PriceUpdateDate>
      <ItemCode>7290015321358</ItemCode>
      <ItemType>0</ItemType>
      <ItemName>חוואיג לקפה 200 גרם</ItemName>
      <ManufacturerName>,</ManufacturerName>
      <ManufactureCountry>לא ידוע</ManufactureCountry>
      <ManufacturerItemDescription>חוואיג לקפה 200 גרם</ManufacturerItemDescription>
      <UnitQty>גרמים</UnitQty>
      <Quantity>200.00</Quantity>
      <UnitOfMeasure>100 גרם</UnitOfMeasure>
      <bIsWeighted>0</bIsWeighted>
      <QtyInPackage>1</QtyInPackage>
      <ItemPrice>19.90</ItemPrice>
      <UnitOfMeasurePrice>9.9500</UnitOfMeasurePrice>
      <AllowDiscount>1</AllowDiscount>
      <ItemStatus>1</ItemStatus>
      <ItemId>255117</ItemId>
    </Item>
    <Item>
      <PriceUpdateDate>2015-01-01 00:00:00</PriceUpdateDate>
      <ItemCode>7290015321365</ItemCode>
      <ItemType>0</ItemType>
      <ItemName>זעתר 240 גרם</ItemName>
      <ManufacturerName>,</ManufacturerName>
      <ManufactureCountry>לא ידוע</ManufactureCountry>
      <ManufacturerItemDescription>זעתר 240 גרם</ManufacturerItemDescription>
      <UnitQty>גרמים</UnitQty>
      <Quantity>240.00</Quantity>
      <UnitOfMeasure>100 גרם</UnitOfMeasure>
      <bIsWeighted>0</bIsWeighted>
      <QtyInPackage>1</QtyInPackage>
      <ItemPrice>19.90</ItemPrice>
      <UnitOfMeasurePrice>8.2917</UnitOfMeasurePrice>
      <AllowDiscount>1</AllowDiscount>
      <ItemStatus>1</ItemStatus>
      <ItemId>255118</ItemId>
    </Item>
    <Item>
      <PriceUpdateDate>2015-01-01 00:00:00</PriceUpdateDate>
      <ItemCode>7290015321389</ItemCode>
      <ItemType>0</ItemType>
      <ItemName>פטרוזיליה 80 גרם</ItemName>
      <ManufacturerName>,</ManufacturerName>
      <ManufactureCountry>לא ידוע</ManufactureCountry>
      <ManufacturerItemDescription>פטרוזיליה 80 גרם</ManufacturerItemDescription>
      <UnitQty>גרמים</UnitQty>
      <Quantity>80.00</Quantity>
      <UnitOfMeasure>100 גרם</UnitOfMeasure>
      <bIsWeighted>0</bIsWeighted>
      <QtyInPackage>1</QtyInPackage>
      <ItemPrice>19.90</ItemPrice>
      <UnitOfMeasurePrice>24.8750</UnitOfMeasurePrice>
      <AllowDiscount>1</AllowDiscount>
      <ItemStatus>1</ItemStatus>
      <ItemId>255120</ItemId>
    </Item>
    <Item>
      <PriceUpdateDate>2015-01-01 00:00:00</PriceUpdateDate>
      <ItemCode>7290015321396</ItemCode>
      <ItemType>0</ItemType>
      <ItemName>בזיליקום 80 גרם</ItemName>
      <ManufacturerName>,</ManufacturerName>
      <ManufactureCountry>לא ידוע</ManufactureCountry>
      <ManufacturerItemDescription>בזיליקום 80 גרם</ManufacturerItemDescription>
      <UnitQty>גרמים</UnitQty>
      <Quantity>80.00</Quantity>
      <UnitOfMeasure>100 גרם</UnitOfMeasure>
      <bIsWeighted>0</bIsWeighted>
      <QtyInPackage>1</QtyInPackage>
      <ItemPrice>19.90</ItemPrice>
      <UnitOfMeasurePrice>24.8750</UnitOfMeasurePrice>
      <AllowDiscount>1</AllowDiscount>
      <ItemStatus>1</ItemStatus>
      <ItemId>255121</ItemId>
    </Item>
    <Item>
      <PriceUpdateDate>2015-01-01 00:00:00</PriceUpdateDate>
      <ItemCode>7290015321433</ItemCode>
      <ItemType>0</ItemType>
      <ItemName>רוזמרין 80 גרם</ItemName>
      <ManufacturerName>,</ManufacturerName>
      <ManufactureCountry>לא ידוע</ManufactureCountry>
      <ManufacturerItemDescription>רוזמרין 80 גרם</ManufacturerItemDescription>
      <UnitQty>גרמים</UnitQty>
      <Quantity>300.00</Quantity>
      <UnitOfMeasure>100 גרם</UnitOfMeasure>
      <bIsWeighted>0</bIsWeighted>
      <QtyInPackage>1</QtyInPackage>
      <ItemPrice>19.90</ItemPrice>
      <UnitOfMeasurePrice>6.6333</UnitOfMeasurePrice>
      <AllowDiscount>1</AllowDiscount>
      <ItemStatus>1</ItemStatus>
      <ItemId>255122</ItemId>
    </Item>
    <Item>
      <PriceUpdateDate>2015-01-01 00:00:00</PriceUpdateDate>
      <ItemCode>7290015321457</ItemCode>
      <ItemType>0</ItemType>
      <ItemName>טימין 120 גרם</ItemName>
      <ManufacturerName>,</ManufacturerName>
      <ManufactureCountry>לא ידוע</ManufactureCountry>
      <ManufacturerItemDescription>טימין 120 גרם</ManufacturerItemDescription>
      <UnitQty>גרמים</UnitQty>
      <Quantity>120.00</Quantity>
      <UnitOfMeasure>100 גרם</UnitOfMeasure>
      <bIsWeighted>0</bIsWeighted>
      <QtyInPackage>1</QtyInPackage>
      <ItemPrice>19.90</ItemPrice>
      <UnitOfMeasurePrice>16.5833</UnitOfMeasurePrice>
      <AllowDiscount>1</AllowDiscount>
      <ItemStatus>1</ItemStatus>
      <ItemId>255123</ItemId>
    </Item>
    <Item>
      <PriceUpdateDate>2015-01-01 00:00:00</PriceUpdateDate>
      <ItemCode>7290015321440</ItemCode>
      <ItemType>0</ItemType>
      <ItemName>עלי דפנה 25 גרם</ItemName>
      <ManufacturerName>,</ManufacturerName>
      <ManufactureCountry>לא ידוע</ManufactureCountry>
      <ManufacturerItemDescription>עלי דפנה 25 גרם</ManufacturerItemDescription>
      <UnitQty>גרמים</UnitQty>
      <Quantity>25.00</Quantity>
      <UnitOfMeasure>100 גרם</UnitOfMeasure>
      <bIsWeighted>0</bIsWeighted>
      <QtyInPackage>1</QtyInPackage>
      <ItemPrice>19.90</ItemPrice>
      <UnitOfMeasurePrice>79.6000</UnitOfMeasurePrice>
      <AllowDiscount>1</AllowDiscount>
      <ItemStatus>1</ItemStatus>
      <ItemId>255124</ItemId>
    </Item>
    <Item>
      <PriceUpdateDate>2015-01-01 00:00:00</PriceUpdateDate>
      <ItemCode>7290015321426</ItemCode>
      <ItemType>0</ItemType>
      <ItemName>אורגנו 120 גרם</ItemName>
      <ManufacturerName>,</ManufacturerName>
      <ManufactureCountry>לא ידוע</ManufactureCountry>
      <ManufacturerItemDescription>אורגנו 120 גרם</ManufacturerItemDescription>
      <UnitQty>גרמים</UnitQty>
      <Quantity>120.00</Quantity>
      <UnitOfMeasure>100 גרם</UnitOfMeasure>
      <bIsWeighted>0</bIsWeighted>
      <QtyInPackage>1</QtyInPackage>
      <ItemPrice>19.90</ItemPrice>
      <UnitOfMeasurePrice>16.5833</UnitOfMeasurePrice>
      <AllowDiscount>1</AllowDiscount>
      <ItemStatus>1</ItemStatus>
      <ItemId>255125</ItemId>
    </Item>
    <Item>
      <PriceUpdateDate>2015-01-01 00:00:00</PriceUpdateDate>
      <ItemCode>7290014339491</ItemCode>
      <ItemType>0</ItemType>
      <ItemName>בורקס תפו"א 800 גרם</ItemName>
      <ManufacturerName>,</ManufacturerName>
      <ManufactureCountry>לא ידוע</ManufactureCountry>
      <ManufacturerItemDescription>בורקס תפו"א 800 גרם שף הבצק</ManufacturerItemDescription>
      <UnitQty>גרמים</UnitQty>
      <Quantity>800.00</Quantity>
      <UnitOfMeasure>100 גרם</UnitOfMeasure>
      <bIsWeighted>0</bIsWeighted>
      <QtyInPackage>1</QtyInPackage>
      <ItemPrice>8.80</ItemPrice>
      <UnitOfMeasurePrice>1.1000</UnitOfMeasurePrice>
      <AllowDiscount>1</AllowDiscount>
      <ItemStatus>1</ItemStatus>
      <ItemId>255132</ItemId>
    </Item>
    <Item>
      <PriceUpdateDate>2015-10-28 16:01:18</PriceUpdateDate>
      <ItemCode>7290104855450</ItemCode>
      <ItemType>0</ItemType>
      <ItemName>גביע 1 ליטר 25 יחידו</ItemName>
      <ManufacturerName>צח ליין</ManufacturerName>
      <ManufactureCountry>לא ידוע</ManufactureCountry>
      <ManufacturerItemDescription>גביע 1000 מ"ל 25 יח</ManufacturerItemDescription>
      <UnitQty>Unknown </UnitQty>
      <Quantity>0.00</Quantity>
      <UnitOfMeasure>Unknown </UnitOfMeasure>
      <bIsWeighted>0</bIsWeighted>
      <QtyInPackage>1</QtyInPackage>
      <ItemPrice>19.90</ItemPrice>
      <UnitOfMeasurePrice>0.0000</UnitOfMeasurePrice>
      <AllowDiscount>1</AllowDiscount>
      <ItemStatus>1</ItemStatus>
      <ItemId>265688</ItemId>
    </Item>
    <Item>
      <PriceUpdateDate>2015-01-01 00:00:00</PriceUpdateDate>
      <ItemCode>2701712</ItemCode>
      <ItemType>0</ItemType>
      <ItemName>אטריות השף 400 גרם</ItemName>
      <ManufacturerName>,</ManufacturerName>
      <ManufactureCountry>לא ידוע</ManufactureCountry>
      <ManufacturerItemDescription>אטריות השף 400 גרם</ManufacturerItemDescription>
      <UnitQty>גרמים</UnitQty>
      <Quantity>400.00</Quantity>
      <UnitOfMeasure>100 גרם</UnitOfMeasure>
      <bIsWeighted>0</bIsWeighted>
      <QtyInPackage>1</QtyInPackage>
      <ItemPrice>3.90</ItemPrice>
      <UnitOfMeasurePrice>0.9750</UnitOfMeasurePrice>
      <AllowDiscount>1</AllowDiscount>
      <ItemStatus>1</ItemStatus>
      <ItemId>255135</ItemId>
    </Item>
    <Item>
      <PriceUpdateDate>2015-01-01 00:00:00</PriceUpdateDate>
      <ItemCode>7296107000941</ItemCode>
      <ItemType>0</ItemType>
      <ItemName>מלפפון בחומץ 13-17 A</ItemName>
      <ManufacturerName>,</ManufacturerName>
      <ManufactureCountry>לא ידוע</ManufactureCountry>
      <ManufacturerItemDescription>מלפפון בחומץ 13-17 A2</ManufacturerItemDescription>
      <UnitQty>גרמים</UnitQty>
      <Quantity>290.00</Quantity>
      <UnitOfMeasure>100 גרם</UnitOfMeasure>
      <bIsWeighted>0</bIsWeighted>
      <QtyInPackage>1</QtyInPackage>
      <ItemPrice>4.90</ItemPrice>
      <UnitOfMeasurePrice>1.6897</UnitOfMeasurePrice>
      <AllowDiscount>1</AllowDiscount>
      <ItemStatus>1</ItemStatus>
      <ItemId>255138</ItemId>
    </Item>
    <Item>
      <PriceUpdateDate>2016-08-03 11:52:30</PriceUpdateDate>
      <ItemCode>3574660464429</ItemCode>
      <ItemType>0</ItemType>
      <ItemName>מגן תחתון קרפרי אוור</ItemName>
      <ManufacturerName>גונסון</ManufacturerName>
      <ManufactureCountry>איטליה</ManufactureCountry>
      <ManufacturerItemDescription>מגן תחתון קרפרי אוורירי 76 יח</ManufacturerItemDescription>
      <UnitQty>Unknown </UnitQty>
      <Quantity>0.00</Quantity>
      <UnitOfMeasure>Unknown </UnitOfMeasure>
      <bIsWeighted>0</bIsWeighted>
      <QtyInPackage>1</QtyInPackage>
      <ItemPrice>22.80</ItemPrice>
      <UnitOfMeasurePrice>0.0000</UnitOfMeasurePrice>
      <AllowDiscount>1</AllowDiscount>
      <ItemStatus>1</ItemStatus>
      <ItemId>255143</ItemId>
    </Item>
    <Item>
      <PriceUpdateDate>2016-08-03 11:52:30</PriceUpdateDate>
      <ItemCode>3574660464337</ItemCode>
      <ItemType>0</ItemType>
      <ItemName>מגן תחתון קרפרי מבוש</ItemName>
      <ManufacturerName>גונסון</ManufacturerName>
      <ManufactureCountry>איטליה</ManufactureCountry>
      <ManufacturerItemDescription>מגן תחתון קרפרי מבושם 76 יח</ManufacturerItemDescription>
      <UnitQty>Unknown </UnitQty>
      <Quantity>0.00</Quantity>
      <UnitOfMeasure>Unknown </UnitOfMeasure>
      <bIsWeighted>0</bIsWeighted>
      <QtyInPackage>1</QtyInPackage>
      <ItemPrice>22.80</ItemPrice>
      <UnitOfMeasurePrice>0.0000</UnitOfMeasurePrice>
      <AllowDiscount>1</AllowDiscount>
      <ItemStatus>1</ItemStatus>
      <ItemId>255144</ItemId>
    </Item>
    <Item>
      <PriceUpdateDate>2016-08-03 11:52:30</PriceUpdateDate>
      <ItemCode>3574660464368</ItemCode>
      <ItemType>0</ItemType>
      <ItemName>מגן תחתון קרפרי אוור</ItemName>
      <ManufacturerName>גונסון</ManufacturerName>
      <ManufactureCountry>איטליה</ManufactureCountry>
      <ManufacturerItemDescription>מגן תחתון קרפרי אוורירי 76 יח</ManufacturerItemDescription>
      <UnitQty>Unknown </UnitQty>
      <Quantity>0.00</Quantity>
      <UnitOfMeasure>Unknown </UnitOfMeasure>
      <bIsWeighted>0</bIsWeighted>
      <QtyInPackage>1</QtyInPackage>
      <ItemPrice>22.80</ItemPrice>
      <UnitOfMeasurePrice>0.0000</UnitOfMeasurePrice>
      <AllowDiscount>1</AllowDiscount>
      <ItemStatus>1</ItemStatus>
      <ItemId>255145</ItemId>
    </Item>
    <Item>
      <PriceUpdateDate>2016-08-03 11:52:30</PriceUpdateDate>
      <ItemCode>3574660464399</ItemCode>
      <ItemType>0</ItemType>
      <ItemName>מגן תחתון קרפרי אוור</ItemName>
      <ManufacturerName>גונסון</ManufacturerName>
      <ManufactureCountry>איטליה</ManufactureCountry>
      <ManufacturerItemDescription>מגן תחתון קרפרי אוורירי 76 יח</ManufacturerItemDescription>
      <UnitQty>Unknown </UnitQty>
      <Quantity>0.00</Quantity>
      <UnitOfMeasure>Unknown </UnitOfMeasure>
      <bIsWeighted>0</bIsWeighted>
      <QtyInPackage>1</QtyInPackage>
      <ItemPrice>22.80</ItemPrice>
      <UnitOfMeasurePrice>0.0000</UnitOfMeasurePrice>
      <AllowDiscount>1</AllowDiscount>
      <ItemStatus>1</ItemStatus>
      <ItemId>255146</ItemId>
    </Item>
    <Item>
      <PriceUpdateDate>2015-01-01 00:00:00</PriceUpdateDate>
      <ItemCode>3014260022730</ItemCode>
      <ItemType>0</ItemType>
      <ItemName>מברשת שיניים אדוונטג</ItemName>
      <ManufacturerName>פרוקטר</ManufacturerName>
      <ManufactureCountry>ישראל</ManufactureCountry>
      <ManufacturerItemDescription>מברשת שיניים אדוונטג 40 זוג מדיום</ManufacturerItemDescription>
      <UnitQty>Unknown </UnitQty>
      <Quantity>0.00</Quantity>
      <UnitOfMeasure>Unknown </UnitOfMeasure>
      <bIsWeighted>0</bIsWeighted>
      <QtyInPackage>2</QtyInPackage>
      <ItemPrice>24.90</ItemPrice>
      <UnitOfMeasurePrice>0.0000</UnitOfMeasurePrice>
      <AllowDiscount>1</AllowDiscount>
      <ItemStatus>1</ItemStatus>
      <ItemId>255147</ItemId>
    </Item>
    <Item>
      <PriceUpdateDate>2015-01-01 00:00:00</PriceUpdateDate>
      <ItemCode>7290015339483</ItemCode>
      <ItemType>0</ItemType>
      <ItemName>ערמונים קלופיים וקלו</ItemName>
      <ManufacturerName>,</ManufacturerName>
      <ManufactureCountry>לא ידוע</ManufactureCountry>
      <ManufacturerItemDescription>ערמונים קלופיים וקלויים 100 גרם</ManufacturerItemDescription>
      <UnitQty>גרמים</UnitQty>
      <Quantity>100.00</Quantity>
      <UnitOfMeasure>100 גרם</UnitOfMeasure>
      <bIsWeighted>0</bIsWeighted>
      <QtyInPackage>1</QtyInPackage>
      <ItemPrice>4.90</ItemPrice>
      <UnitOfMeasurePrice>4.9000</UnitOfMeasurePrice>
      <AllowDiscount>1</AllowDiscount>
      <ItemStatus>1</ItemStatus>
      <ItemId>255151</ItemId>
    </Item>
    <Item>
      <PriceUpdateDate>2015-01-01 00:00:00</PriceUpdateDate>
      <ItemCode>7290106577268</ItemCode>
      <ItemType>0</ItemType>
      <ItemName>במבה במילוי פונץ בננ</ItemName>
      <ManufacturerName>אסם</ManufacturerName>
      <ManufactureCountry>לא ידוע</ManufactureCountry>
      <ManufacturerItemDescription>במבה במילוי פונץ בננה 60 גרם</ManufacturerItemDescription>
      <UnitQty>גרמים</UnitQty>
      <Quantity>60.00</Quantity>
      <UnitOfMeasure>100 גרם</UnitOfMeasure>
      <bIsWeighted>0</bIsWeighted>
      <QtyInPackage>1</QtyInPackage>
      <ItemPrice>4.50</ItemPrice>
      <UnitOfMeasurePrice>7.5000</UnitOfMeasurePrice>
      <AllowDiscount>1</AllowDiscount>
      <ItemStatus>1</ItemStatus>
      <ItemId>255160</ItemId>
    </Item>
    <Item>
      <PriceUpdateDate>2015-09-21 08:15:34</PriceUpdateDate>
      <ItemCode>7290107873888</ItemCode>
      <ItemType>0</ItemType>
      <ItemName>ביסלי אקסטרים + שקית</ItemName>
      <ManufacturerName>אסם</ManufacturerName>
      <ManufactureCountry>לא ידוע</ManufactureCountry>
      <ManufacturerItemDescription>ביסלי אקסטרים + שקית תבלון 70 גרם</ManufacturerItemDescription>
      <UnitQty>גרמים</UnitQty>
      <Quantity>70.00</Quantity>
      <UnitOfMeasure>100 גרם</UnitOfMeasure>
      <bIsWeighted>0</bIsWeighted>
      <QtyInPackage>1</QtyInPackage>
      <ItemPrice>3.90</ItemPrice>
      <UnitOfMeasurePrice>5.5714</UnitOfMeasurePrice>
      <AllowDiscount>1</AllowDiscount>
      <ItemStatus>1</ItemStatus>
      <ItemId>255162</ItemId>
    </Item>
    <Item>
      <PriceUpdateDate>2015-01-01 00:00:00</PriceUpdateDate>
      <ItemCode>4771683</ItemCode>
      <ItemType>0</ItemType>
      <ItemName>קוסקוס דק 900 גרם</ItemName>
      <ManufacturerName>,</ManufacturerName>
      <ManufactureCountry>לא ידוע</ManufactureCountry>
      <ManufacturerItemDescription>קוסקוס דק 900 גרם</ManufacturerItemDescription>
      <UnitQty>גרמים</UnitQty>
      <Quantity>900.00</Quantity>
      <UnitOfMeasure>100 גרם</UnitOfMeasure>
      <bIsWeighted>0</bIsWeighted>
      <QtyInPackage>1</QtyInPackage>
      <ItemPrice>7.90</ItemPrice>
      <UnitOfMeasurePrice>0.8778</UnitOfMeasurePrice>
      <AllowDiscount>1</AllowDiscount>
      <ItemStatus>1</ItemStatus>
      <ItemId>255182</ItemId>
    </Item>
    <Item>
      <PriceUpdateDate>2015-10-12 13:23:38</PriceUpdateDate>
      <ItemCode>7290019297413</ItemCode>
      <ItemType>0</ItemType>
      <ItemName>מעדן פרי אפרסק ללא ס</ItemName>
      <ManufacturerName>,</ManufacturerName>
      <ManufactureCountry>לא ידוע</ManufactureCountry>
      <ManufacturerItemDescription>מעדן פרי אפרסק ללא סוכר</ManufacturerItemDescription>
      <UnitQty>גרמים</UnitQty>
      <Quantity>284.00</Quantity>
      <UnitOfMeasure>100 גרם</UnitOfMeasure>
      <bIsWeighted>0</bIsWeighted>
      <QtyInPackage>1</QtyInPackage>
      <ItemPrice>9.90</ItemPrice>
      <UnitOfMeasurePrice>3.4859</UnitOfMeasurePrice>
      <AllowDiscount>1</AllowDiscount>
      <ItemStatus>1</ItemStatus>
      <ItemId>255228</ItemId>
    </Item>
    <Item>
      <PriceUpdateDate>2015-10-12 13:23:38</PriceUpdateDate>
      <ItemCode>7290019297420</ItemCode>
      <ItemType>0</ItemType>
      <ItemName>מעדן פרי תות שדה ללא</ItemName>
      <ManufacturerName>,</ManufacturerName>
      <ManufactureCountry>לא ידוע</ManufactureCountry>
      <ManufacturerItemDescription>מעדן פרי תות שדה ללא סוכר</ManufacturerItemDescription>
      <UnitQty>גרמים</UnitQty>
      <Quantity>284.00</Quantity>
      <UnitOfMeasure>100 גרם</UnitOfMeasure>
      <bIsWeighted>0</bIsWeighted>
      <QtyInPackage>1</QtyInPackage>
      <ItemPrice>9.90</ItemPrice>
      <UnitOfMeasurePrice>3.4859</UnitOfMeasurePrice>
      <AllowDiscount>1</AllowDiscount>
      <ItemStatus>1</ItemStatus>
      <ItemId>255230</ItemId>
    </Item>
    <Item>
      <PriceUpdateDate>2015-10-12 13:23:39</PriceUpdateDate>
      <ItemCode>7290019297437</ItemCode>
      <ItemType>0</ItemType>
      <ItemName>מעדן פרי אוכמניות לל</ItemName>
      <ManufacturerName>,</ManufacturerName>
      <ManufactureCountry>לא ידוע</ManufactureCountry>
      <ManufacturerItemDescription>מעדן פרי אוכמניות ללא סוכר</ManufacturerItemDescription>
      <UnitQty>גרמים</UnitQty>
      <Quantity>284.00</Quantity>
      <UnitOfMeasure>100 גרם</UnitOfMeasure>
      <bIsWeighted>0</bIsWeighted>
      <QtyInPackage>1</QtyInPackage>
      <ItemPrice>9.90</ItemPrice>
      <UnitOfMeasurePrice>3.4859</UnitOfMeasurePrice>
      <AllowDiscount>1</AllowDiscount>
      <ItemStatus>1</ItemStatus>
      <ItemId>255231</ItemId>
    </Item>
    <Item>
      <PriceUpdateDate>2015-10-12 13:23:39</PriceUpdateDate>
      <ItemCode>7290019297406</ItemCode>
      <ItemType>0</ItemType>
      <ItemName>מעדן פרי דובדבן ללא</ItemName>
      <ManufacturerName>,</ManufacturerName>
      <ManufactureCountry>לא ידוע</ManufactureCountry>
      <ManufacturerItemDescription>מעדן פרי דובדבן ללא סוכר</ManufacturerItemDescription>
      <UnitQty>גרמים</UnitQty>
      <Quantity>284.00</Quantity>
      <UnitOfMeasure>100 גרם</UnitOfMeasure>
      <bIsWeighted>0</bIsWeighted>
      <QtyInPackage>1</QtyInPackage>
      <ItemPrice>9.90</ItemPrice>
      <UnitOfMeasurePrice>3.4859</UnitOfMeasurePrice>
      <AllowDiscount>1</AllowDiscount>
      <ItemStatus>1</ItemStatus>
      <ItemId>255232</ItemId>
    </Item>
    <Item>
      <PriceUpdateDate>2015-01-01 00:00:00</PriceUpdateDate>
      <ItemCode>7290102396924</ItemCode>
      <ItemType>0</ItemType>
      <ItemName>מו בננה ומוס שוקולד</ItemName>
      <ManufacturerName>טרה</ManufacturerName>
      <ManufactureCountry>ישראל</ManufactureCountry>
      <ManufacturerItemDescription>מו בננה ומוס שוקולד 123 גרם</ManufacturerItemDescription>
      <UnitQty>גרמים</UnitQty>
      <Quantity>123.00</Quantity>
      <UnitOfMeasure>100 גרם</UnitOfMeasure>
      <bIsWeighted>0</bIsWeighted>
      <QtyInPackage>1</QtyInPackage>
      <ItemPrice>2.80</ItemPrice>
      <UnitOfMeasurePrice>2.2764</UnitOfMeasurePrice>
      <AllowDiscount>1</AllowDiscount>
      <ItemStatus>1</ItemStatus>
      <ItemId>255236</ItemId>
    </Item>
    <Item>
      <PriceUpdateDate>2015-10-15 13:31:20</PriceUpdateDate>
      <ItemCode>7290102396672</ItemCode>
      <ItemType>0</ItemType>
      <ItemName>גבינה נועם דק דק 9%</ItemName>
      <ManufacturerName>טרה</ManufacturerName>
      <ManufactureCountry>לא ידוע</ManufactureCountry>
      <ManufacturerItemDescription>גבינה נועם דק דק 9% 360 גרם</ManufacturerItemDescription>
      <UnitQty>גרמים</UnitQty>
      <Quantity>360.00</Quantity>
      <UnitOfMeasure>100 גרם</UnitOfMeasure>
      <bIsWeighted>0</bIsWeighted>
      <QtyInPackage>1</QtyInPackage>
      <ItemPrice>25.90</ItemPrice>
      <UnitOfMeasurePrice>7.1944</UnitOfMeasurePrice>
      <AllowDiscount>1</AllowDiscount>
      <ItemStatus>1</ItemStatus>
      <ItemId>265457</ItemId>
    </Item>
    <Item>
      <PriceUpdateDate>2015-09-21 13:25:29</PriceUpdateDate>
      <ItemCode>7290014555709</ItemCode>
      <ItemType>0</ItemType>
      <ItemName>שמפו ומרכך נובו 700</ItemName>
      <ManufacturerName>,</ManufacturerName>
      <ManufactureCountry>לא ידוע</ManufactureCountry>
      <ManufacturerItemDescription>שמפו ומרכך נובו 700 מ"ל</ManufacturerItemDescription>
      <UnitQty>מיליליטרים</UnitQty>
      <Quantity>700.00</Quantity>
      <UnitOfMeasure>100 מ"ל</UnitOfMeasure>
      <bIsWeighted>0</bIsWeighted>
      <QtyInPackage>1</QtyInPackage>
      <ItemPrice>7.90</ItemPrice>
      <UnitOfMeasurePrice>1.1286</UnitOfMeasurePrice>
      <AllowDiscount>1</AllowDiscount>
      <ItemStatus>1</ItemStatus>
      <ItemId>255253</ItemId>
    </Item>
    <Item>
      <PriceUpdateDate>2015-01-01 00:00:00</PriceUpdateDate>
      <ItemCode>7290014094475</ItemCode>
      <ItemType>0</ItemType>
      <ItemName>רוטב צילי מתוק אהרונ</ItemName>
      <ManufacturerName>,</ManufacturerName>
      <ManufactureCountry>לא ידוע</ManufactureCountry>
      <ManufacturerItemDescription>רוטב צילי מתוק אהרוני 700 מ"ל</ManufacturerItemDescription>
      <UnitQty>מיליליטרים</UnitQty>
      <Quantity>700.00</Quantity>
      <UnitOfMeasure>100 מ"ל</UnitOfMeasure>
      <bIsWeighted>0</bIsWeighted>
      <QtyInPackage>1</QtyInPackage>
      <ItemPrice>13.90</ItemPrice>
      <UnitOfMeasurePrice>1.9857</UnitOfMeasurePrice>
      <AllowDiscount>1</AllowDiscount>
      <ItemStatus>1</ItemStatus>
      <ItemId>255255</ItemId>
    </Item>
    <Item>
      <PriceUpdateDate>2015-01-01 00:00:00</PriceUpdateDate>
      <ItemCode>7290102396696</ItemCode>
      <ItemType>0</ItemType>
      <ItemName>יוגורט מולר מיקס יוג</ItemName>
      <ManufacturerName>מולר</ManufacturerName>
      <ManufactureCountry>לא ידוע</ManufactureCountry>
      <ManufacturerItemDescription>מולר מיקס יוגורט עוגיות 150 מ"ל</ManufacturerItemDescription>
      <UnitQty>מיליליטרים</UnitQty>
      <Quantity>150.00</Quantity>
      <UnitOfMeasure>100 מ"ל</UnitOfMeasure>
      <bIsWeighted>0</bIsWeighted>
      <QtyInPackage>1</QtyInPackage>
      <ItemPrice>5.60</ItemPrice>
      <UnitOfMeasurePrice>3.7333</UnitOfMeasurePrice>
      <AllowDiscount>1</AllowDiscount>
      <ItemStatus>1</ItemStatus>
      <ItemId>255259</ItemId>
    </Item>
    <Item>
      <PriceUpdateDate>2015-01-01 00:00:00</PriceUpdateDate>
      <ItemCode>7290103901868</ItemCode>
      <ItemType>0</ItemType>
      <ItemName>בובה + עגלה ואביזרים</ItemName>
      <ManufacturerName>,</ManufacturerName>
      <ManufactureCountry>Unknown</ManufactureCountry>
      <ManufacturerItemDescription>בובה + עגלה ואביזרים</ManufacturerItemDescription>
      <UnitQty>Unknown </UnitQty>
      <Quantity>0.00</Quantity>
      <UnitOfMeasure>Unknown </UnitOfMeasure>
      <bIsWeighted>0</bIsWeighted>
      <QtyInPackage>1</QtyInPackage>
      <ItemPrice>49.90</ItemPrice>
      <UnitOfMeasurePrice>0.0000</UnitOfMeasurePrice>
      <AllowDiscount>1</AllowDiscount>
      <ItemStatus>1</ItemStatus>
      <ItemId>255262</ItemId>
    </Item>
    <Item>
      <PriceUpdateDate>2015-01-01 00:00:00</PriceUpdateDate>
      <ItemCode>2439165</ItemCode>
      <ItemType>0</ItemType>
      <ItemName>גבינת גאודה עלמה פרו</ItemName>
      <ManufacturerName>,</ManufacturerName>
      <ManufactureCountry>לא ידוע</ManufactureCountry>
      <ManufacturerItemDescription>גבינת גאודה עלמה פרוסה 1 ק"ג</ManufacturerItemDescription>
      <UnitQty>קילוגרמים</UnitQty>
      <Quantity>1.00</Quantity>
      <UnitOfMeasure>ק"ג     </UnitOfMeasure>
      <bIsWeighted>0</bIsWeighted>
      <QtyInPackage>1</QtyInPackage>
      <ItemPrice>29.90</ItemPrice>
      <UnitOfMeasurePrice>29.9000</UnitOfMeasurePrice>
      <AllowDiscount>1</AllowDiscount>
      <ItemStatus>1</ItemStatus>
      <ItemId>255278</ItemId>
    </Item>
    <Item>
      <PriceUpdateDate>2016-07-06 09:45:32</PriceUpdateDate>
      <ItemCode>7290109351643</ItemCode>
      <ItemType>0</ItemType>
      <ItemName>חומוס בסיבוב ברוטב ש</ItemName>
      <ManufacturerName>צבר</ManufacturerName>
      <ManufactureCountry>לא ידוע</ManufactureCountry>
      <ManufacturerItemDescription>חומוס בסיבוב ברוטב שום 400 גרם צבר</ManufacturerItemDescription>
      <UnitQty>גרמים</UnitQty>
      <Quantity>400.00</Quantity>
      <UnitOfMeasure>100 גרם</UnitOfMeasure>
      <bIsWeighted>0</bIsWeighted>
      <QtyInPackage>1</QtyInPackage>
      <ItemPrice>14.90</ItemPrice>
      <UnitOfMeasurePrice>3.7250</UnitOfMeasurePrice>
      <AllowDiscount>1</AllowDiscount>
      <ItemStatus>1</ItemStatus>
      <ItemId>268796</ItemId>
    </Item>
    <Item>
      <PriceUpdateDate>2015-09-01 11:08:25</PriceUpdateDate>
      <ItemCode>7290015014496</ItemCode>
      <ItemType>0</ItemType>
      <ItemName>בייבי מיקס 500 גרם</ItemName>
      <ManufacturerName>,</ManufacturerName>
      <ManufactureCountry>לא ידוע</ManufactureCountry>
      <ManufacturerItemDescription>בייבי מיקס 500 גרם</ManufacturerItemDescription>
      <UnitQty>לא מנהל יחידת מידה</UnitQty>
      <Quantity>0.00</Quantity>
      <UnitOfMeasure>לא מנהל יחידת מידה</UnitOfMeasure>
      <bIsWeighted>0</bIsWeighted>
      <QtyInPackage>1</QtyInPackage>
      <ItemPrice>9.90</ItemPrice>
      <UnitOfMeasurePrice>0.0000</UnitOfMeasurePrice>
      <AllowDiscount>1</AllowDiscount>
      <ItemStatus>1</ItemStatus>
      <ItemId>255282</ItemId>
    </Item>
    <Item>
      <PriceUpdateDate>2015-01-01 00:00:00</PriceUpdateDate>
      <ItemCode>2253815</ItemCode>
      <ItemType>0</ItemType>
      <ItemName>מארז שום כתוש דורות</ItemName>
      <ManufacturerName>דורות</ManufacturerName>
      <ManufactureCountry>ישראל</ManufactureCountry>
      <ManufacturerItemDescription>מארז שום כתוש דורות 2*80 גרם</ManufacturerItemDescription>
      <UnitQty>גרמים</UnitQty>
      <Quantity>80.00</Quantity>
      <UnitOfMeasure>100 גרם</UnitOfMeasure>
      <bIsWeighted>0</bIsWeighted>
      <QtyInPackage>2</QtyInPackage>
      <ItemPrice>13.80</ItemPrice>
      <UnitOfMeasurePrice>17.2500</UnitOfMeasurePrice>
      <AllowDiscount>1</AllowDiscount>
      <ItemStatus>1</ItemStatus>
      <ItemId>255284</ItemId>
    </Item>
    <Item>
      <PriceUpdateDate>2015-11-01 11:06:29</PriceUpdateDate>
      <ItemCode>7290100924457</ItemCode>
      <ItemType>0</ItemType>
      <ItemName>מארז 1/3 כדוריות לחי</ItemName>
      <ManufacturerName>הנקל סוד</ManufacturerName>
      <ManufactureCountry>לא ידוע</ManufactureCountry>
      <ManufacturerItemDescription>מארז 1/3 כדוריות לחיטוי לאסלה לימון</ManufacturerItemDescription>
      <UnitQty>גרמים</UnitQty>
      <Quantity>150.00</Quantity>
      <UnitOfMeasure>100 גרם</UnitOfMeasure>
      <bIsWeighted>0</bIsWeighted>
      <QtyInPackage>1</QtyInPackage>
      <ItemPrice>14.90</ItemPrice>
      <UnitOfMeasurePrice>9.9333</UnitOfMeasurePrice>
      <AllowDiscount>1</AllowDiscount>
      <ItemStatus>1</ItemStatus>
      <ItemId>255300</ItemId>
    </Item>
    <Item>
      <PriceUpdateDate>2015-11-01 11:06:29</PriceUpdateDate>
      <ItemCode>7290100924464</ItemCode>
      <ItemType>0</ItemType>
      <ItemName>מארז 1/3 כדוריות לחי</ItemName>
      <ManufacturerName>עטרה</ManufacturerName>
      <ManufactureCountry>לא ידוע</ManufactureCountry>
      <ManufacturerItemDescription>מארז 1/3 כדוריות לחיטוי לאסלה אקונומיקה</ManufacturerItemDescription>
      <UnitQty>גרמים</UnitQty>
      <Quantity>150.00</Quantity>
      <UnitOfMeasure>100 גרם</UnitOfMeasure>
      <bIsWeighted>0</bIsWeighted>
      <QtyInPackage>1</QtyInPackage>
      <ItemPrice>14.90</ItemPrice>
      <UnitOfMeasurePrice>9.9333</UnitOfMeasurePrice>
      <AllowDiscount>1</AllowDiscount>
      <ItemStatus>1</ItemStatus>
      <ItemId>255301</ItemId>
    </Item>
    <Item>
      <PriceUpdateDate>2015-07-22 08:19:27</PriceUpdateDate>
      <ItemCode>7290013585325</ItemCode>
      <ItemType>0</ItemType>
      <ItemName>קוקה קולה 2 ליטר שיש</ItemName>
      <ManufacturerName>קוקה קולה</ManufacturerName>
      <ManufactureCountry>ישראל</ManufactureCountry>
      <ManufacturerItemDescription>קוקה קולה 2 ליטר שישייה</ManufacturerItemDescription>
      <UnitQty>ליטרים</UnitQty>
      <Quantity>12.00</Quantity>
      <UnitOfMeasure>ליטר    </UnitOfMeasure>
      <bIsWeighted>0</bIsWeighted>
      <QtyInPackage>6</QtyInPackage>
      <ItemPrice>39.90</ItemPrice>
      <UnitOfMeasurePrice>3.3250</UnitOfMeasurePrice>
      <AllowDiscount>1</AllowDiscount>
      <ItemStatus>1</ItemStatus>
      <ItemId>255312</ItemId>
    </Item>
    <Item>
      <PriceUpdateDate>2015-04-28 11:45:51</PriceUpdateDate>
      <ItemCode>7290014855595</ItemCode>
      <ItemType>0</ItemType>
      <ItemName>מארז 1/6 מגבוני טואל</ItemName>
      <ManufacturerName>,</ManufacturerName>
      <ManufactureCountry>לא ידוע</ManufactureCountry>
      <ManufacturerItemDescription>מארז 1/6 מגבוני טואלט לחים</ManufacturerItemDescription>
      <UnitQty>Unknown </UnitQty>
      <Quantity>0.00</Quantity>
      <UnitOfMeasure>Unknown </UnitOfMeasure>
      <bIsWeighted>0</bIsWeighted>
      <QtyInPackage>1</QtyInPackage>
      <ItemPrice>19.90</ItemPrice>
      <UnitOfMeasurePrice>0.0000</UnitOfMeasurePrice>
      <AllowDiscount>1</AllowDiscount>
      <ItemStatus>1</ItemStatus>
      <ItemId>255302</ItemId>
    </Item>
    <Item>
      <PriceUpdateDate>2016-05-11 10:11:13</PriceUpdateDate>
      <ItemCode>7290108355031</ItemCode>
      <ItemType>0</ItemType>
      <ItemName>אל סבון מיניונים נקה</ItemName>
      <ManufacturerName>נקה 7</ManufacturerName>
      <ManufactureCountry>לא ידוע</ManufactureCountry>
      <ManufacturerItemDescription>אל סבון מיניונים נקה קידס 750 מ"ל</ManufacturerItemDescription>
      <UnitQty>מיליליטרים</UnitQty>
      <Quantity>750.00</Quantity>
      <UnitOfMeasure>100 מ"ל</UnitOfMeasure>
      <bIsWeighted>0</bIsWeighted>
      <QtyInPackage>1</QtyInPackage>
      <ItemPrice>9.90</ItemPrice>
      <UnitOfMeasurePrice>1.3200</UnitOfMeasurePrice>
      <AllowDiscount>1</AllowDiscount>
      <ItemStatus>1</ItemStatus>
      <ItemId>268107</ItemId>
    </Item>
    <Item>
      <PriceUpdateDate>2016-06-02 09:37:20</PriceUpdateDate>
      <ItemCode>7290101868996</ItemCode>
      <ItemType>0</ItemType>
      <ItemName>טבליות למדיח  AIO פי</ItemName>
      <ManufacturerName>רקיט בנקיזר</ManufacturerName>
      <ManufactureCountry>פולין</ManufactureCountry>
      <ManufacturerItemDescription>טבליות למדיח  AIO פיניש 60 יח</ManufacturerItemDescription>
      <UnitQty>Unknown </UnitQty>
      <Quantity>0.00</Quantity>
      <UnitOfMeasure>Unknown </UnitOfMeasure>
      <bIsWeighted>0</bIsWeighted>
      <QtyInPackage>1</QtyInPackage>
      <ItemPrice>59.90</ItemPrice>
      <UnitOfMeasurePrice>0.0000</UnitOfMeasurePrice>
      <AllowDiscount>1</AllowDiscount>
      <ItemStatus>1</ItemStatus>
      <ItemId>255306</ItemId>
    </Item>
    <Item>
      <PriceUpdateDate>2015-04-29 14:31:12</PriceUpdateDate>
      <ItemCode>7290011282868</ItemCode>
      <ItemType>0</ItemType>
      <ItemName>נוזל רצפות דוחה חרקי</ItemName>
      <ManufacturerName>,</ManufacturerName>
      <ManufactureCountry>לא ידוע</ManufactureCountry>
      <ManufacturerItemDescription>נוזל רצפות דוחה חרקים מגיק 2 ליטר</ManufacturerItemDescription>
      <UnitQty>Unknown </UnitQty>
      <Quantity>0.00</Quantity>
      <UnitOfMeasure>Unknown </UnitOfMeasure>
      <bIsWeighted>0</bIsWeighted>
      <QtyInPackage>1</QtyInPackage>
      <ItemPrice>11.90</ItemPrice>
      <UnitOfMeasurePrice>0.0000</UnitOfMeasurePrice>
      <AllowDiscount>1</AllowDiscount>
      <ItemStatus>1</ItemStatus>
      <ItemId>255317</ItemId>
    </Item>
    <Item>
      <PriceUpdateDate>2015-11-23 10:10:53</PriceUpdateDate>
      <ItemCode>7290014600065</ItemCode>
      <ItemType>0</ItemType>
      <ItemName>קרקר נאש בטעם זעתר 1</ItemName>
      <ManufacturerName>,</ManufacturerName>
      <ManufactureCountry>לא ידוע</ManufactureCountry>
      <ManufacturerItemDescription>קרקר נאש בתוספת זעתר1.2 ק"ג</ManufacturerItemDescription>
      <UnitQty>קילוגרמים</UnitQty>
      <Quantity>1.20</Quantity>
      <UnitOfMeasure>ק"ג     </UnitOfMeasure>
      <bIsWeighted>0</bIsWeighted>
      <QtyInPackage>1</QtyInPackage>
      <ItemPrice>19.90</ItemPrice>
      <UnitOfMeasurePrice>16.5833</UnitOfMeasurePrice>
      <AllowDiscount>1</AllowDiscount>
      <ItemStatus>1</ItemStatus>
      <ItemId>265861</ItemId>
    </Item>
    <Item>
      <PriceUpdateDate>2015-04-29 14:31:12</PriceUpdateDate>
      <ItemCode>7290107871273</ItemCode>
      <ItemType>0</ItemType>
      <ItemName>מארז פריכיות אורז 31</ItemName>
      <ManufacturerName>פרח תעשיות</ManufacturerName>
      <ManufactureCountry>לא ידוע</ManufactureCountry>
      <ManufacturerItemDescription>מארז פריכיות אורז 310 גרם</ManufacturerItemDescription>
      <UnitQty>גרמים</UnitQty>
      <Quantity>310.00</Quantity>
      <UnitOfMeasure>100 גרם</UnitOfMeasure>
      <bIsWeighted>0</bIsWeighted>
      <QtyInPackage>1</QtyInPackage>
      <ItemPrice>12.90</ItemPrice>
      <UnitOfMeasurePrice>4.1613</UnitOfMeasurePrice>
      <AllowDiscount>1</AllowDiscount>
      <ItemStatus>1</ItemStatus>
      <ItemId>255326</ItemId>
    </Item>
    <Item>
      <PriceUpdateDate>2015-04-30 07:45:41</PriceUpdateDate>
      <ItemCode>6112014100578</ItemCode>
      <ItemType>0</ItemType>
      <ItemName>חוט דנטלי</ItemName>
      <ManufacturerName>,</ManufacturerName>
      <ManufactureCountry>לא ידוע</ManufactureCountry>
      <ManufacturerItemDescription>חוט דנטלי</ManufacturerItemDescription>
      <UnitQty>Unknown </UnitQty>
      <Quantity>0.00</Quantity>
      <UnitOfMeasure>Unknown </UnitOfMeasure>
      <bIsWeighted>0</bIsWeighted>
      <QtyInPackage>1</QtyInPackage>
      <ItemPrice>7.90</ItemPrice>
      <UnitOfMeasurePrice>0.0000</UnitOfMeasurePrice>
      <AllowDiscount>1</AllowDiscount>
      <ItemStatus>1</ItemStatus>
      <ItemId>255337</ItemId>
    </Item>
    <Item>
      <PriceUpdateDate>2015-04-30 07:45:41</PriceUpdateDate>
      <ItemCode>6112014100585</ItemCode>
      <ItemType>0</ItemType>
      <ItemName>חוט דנטלי</ItemName>
      <ManufacturerName>,</ManufacturerName>
      <ManufactureCountry>לא ידוע</ManufactureCountry>
      <ManufacturerItemDescription>חוט דנטלי</ManufacturerItemDescription>
      <UnitQty>Unknown </UnitQty>
      <Quantity>0.00</Quantity>
      <UnitOfMeasure>Unknown </UnitOfMeasure>
      <bIsWeighted>0</bIsWeighted>
      <QtyInPackage>1</QtyInPackage>
      <ItemPrice>7.90</ItemPrice>
      <UnitOfMeasurePrice>0.0000</UnitOfMeasurePrice>
      <AllowDiscount>1</AllowDiscount>
      <ItemStatus>1</ItemStatus>
      <ItemId>255338</ItemId>
    </Item>
    <Item>
      <PriceUpdateDate>2015-04-30 12:16:04</PriceUpdateDate>
      <ItemCode>7290013585370</ItemCode>
      <ItemType>0</ItemType>
      <ItemName>קוקה קולה 2 ליטר</ItemName>
      <ManufacturerName>קוקה קולה</ManufacturerName>
      <ManufactureCountry>ישראל</ManufactureCountry>
      <ManufacturerItemDescription>קוקה קולה 2 ליטר</ManufacturerItemDescription>
      <UnitQty>ליטרים</UnitQty>
      <Quantity>2.00</Quantity>
      <UnitOfMeasure>ליטר    </UnitOfMeasure>
      <bIsWeighted>0</bIsWeighted>
      <QtyInPackage>1</QtyInPackage>
      <ItemPrice>8.20</ItemPrice>
      <UnitOfMeasurePrice>4.1000</UnitOfMeasurePrice>
      <AllowDiscount>1</AllowDiscount>
      <ItemStatus>1</ItemStatus>
      <ItemId>255344</ItemId>
    </Item>
    <Item>
      <PriceUpdateDate>2015-04-30 15:00:56</PriceUpdateDate>
      <ItemCode>7290106667594</ItemCode>
      <ItemType>0</ItemType>
      <ItemName>דנונה אפרסק 0% 150 מ</ItemName>
      <ManufacturerName>שטראוס</ManufacturerName>
      <ManufactureCountry>ישראל</ManufactureCountry>
      <ManufacturerItemDescription>דנונה אפרסק 0% 150 מל</ManufacturerItemDescription>
      <UnitQty>מיליליטרים</UnitQty>
      <Quantity>150.00</Quantity>
      <UnitOfMeasure>100 מ"ל</UnitOfMeasure>
      <bIsWeighted>0</bIsWeighted>
      <QtyInPackage>1</QtyInPackage>
      <ItemPrice>4.50</ItemPrice>
      <UnitOfMeasurePrice>3.0000</UnitOfMeasurePrice>
      <AllowDiscount>1</AllowDiscount>
      <ItemStatus>1</ItemStatus>
      <ItemId>255356</ItemId>
    </Item>
    <Item>
      <PriceUpdateDate>2016-05-15 10:26:38</PriceUpdateDate>
      <ItemCode>7290103401627</ItemCode>
      <ItemType>0</ItemType>
      <ItemName>דנונה אננס 3% 150 מ"</ItemName>
      <ManufacturerName>שטראוס</ManufacturerName>
      <ManufactureCountry>ישראל</ManufactureCountry>
      <ManufacturerItemDescription>דנונה אננס 3% 150 מל</ManufacturerItemDescription>
      <UnitQty>מיליליטרים</UnitQty>
      <Quantity>150.00</Quantity>
      <UnitOfMeasure>100 מ"ל</UnitOfMeasure>
      <bIsWeighted>0</bIsWeighted>
      <QtyInPackage>1</QtyInPackage>
      <ItemPrice>3.50</ItemPrice>
      <UnitOfMeasurePrice>2.3333</UnitOfMeasurePrice>
      <AllowDiscount>1</AllowDiscount>
      <ItemStatus>1</ItemStatus>
      <ItemId>255357</ItemId>
    </Item>
    <Item>
      <PriceUpdateDate>2015-06-23 12:48:23</PriceUpdateDate>
      <ItemCode>7290014434837</ItemCode>
      <ItemType>1</ItemType>
      <ItemName>מאגדת סוכריות קטנטנו</ItemName>
      <ManufacturerName>סוויט טיים פודסטופ ב</ManufacturerName>
      <ManufactureCountry>לא ידוע</ManufactureCountry>
      <ManufacturerItemDescription>מאגדת סוכריות קטנטנות אריזה פירמידה 24 י</ManufacturerItemDescription>
      <UnitQty>Unknown </UnitQty>
      <Quantity>0.00</Quantity>
      <UnitOfMeasure>Unknown </UnitOfMeasure>
      <bIsWeighted>0</bIsWeighted>
      <QtyInPackage>1</QtyInPackage>
      <ItemPrice>9.90</ItemPrice>
      <UnitOfMeasurePrice>0.0000</UnitOfMeasurePrice>
      <AllowDiscount>1</AllowDiscount>
      <ItemStatus>1</ItemStatus>
      <ItemId>264229</ItemId>
    </Item>
    <Item>
      <PriceUpdateDate>2015-05-04 10:16:09</PriceUpdateDate>
      <ItemCode>7290014761520</ItemCode>
      <ItemType>0</ItemType>
      <ItemName>יופלה דובדבן חמוציות</ItemName>
      <ManufacturerName>,</ManufacturerName>
      <ManufactureCountry>לא ידוע</ManufactureCountry>
      <ManufacturerItemDescription>יופלה דובדבן חמוציות בתחתית 150 מ"ל בד"צ</ManufacturerItemDescription>
      <UnitQty>גרמים</UnitQty>
      <Quantity>150.00</Quantity>
      <UnitOfMeasure>100 גרם</UnitOfMeasure>
      <bIsWeighted>0</bIsWeighted>
      <QtyInPackage>1</QtyInPackage>
      <ItemPrice>3.90</ItemPrice>
      <UnitOfMeasurePrice>2.6000</UnitOfMeasurePrice>
      <AllowDiscount>1</AllowDiscount>
      <ItemStatus>1</ItemStatus>
      <ItemId>255361</ItemId>
    </Item>
    <Item>
      <PriceUpdateDate>2015-04-30 15:00:56</PriceUpdateDate>
      <ItemCode>103396</ItemCode>
      <ItemType>0</ItemType>
      <ItemName>אדממה 800 גרם בד"צ</ItemName>
      <ManufacturerName>,</ManufacturerName>
      <ManufactureCountry>לא ידוע</ManufactureCountry>
      <ManufacturerItemDescription>אדממה 800 גרם בד"צ בית יוסף</ManufacturerItemDescription>
      <UnitQty>גרמים</UnitQty>
      <Quantity>800.00</Quantity>
      <UnitOfMeasure>100 גרם</UnitOfMeasure>
      <bIsWeighted>0</bIsWeighted>
      <QtyInPackage>1</QtyInPackage>
      <ItemPrice>9.90</ItemPrice>
      <UnitOfMeasurePrice>1.2375</UnitOfMeasurePrice>
      <AllowDiscount>1</AllowDiscount>
      <ItemStatus>1</ItemStatus>
      <ItemId>255365</ItemId>
    </Item>
    <Item>
      <PriceUpdateDate>2015-04-30 17:45:58</PriceUpdateDate>
      <ItemCode>8697480065821</ItemCode>
      <ItemType>0</ItemType>
      <ItemName>פסטה 900 גרם</ItemName>
      <ManufacturerName>,</ManufacturerName>
      <ManufactureCountry>לא ידוע</ManufactureCountry>
      <ManufacturerItemDescription>פסטה 900 גרם</ManufacturerItemDescription>
      <UnitQty>גרמים</UnitQty>
      <Quantity>900.00</Quantity>
      <UnitOfMeasure>100 גרם</UnitOfMeasure>
      <bIsWeighted>0</bIsWeighted>
      <QtyInPackage>1</QtyInPackage>
      <ItemPrice>4.90</ItemPrice>
      <UnitOfMeasurePrice>0.5444</UnitOfMeasurePrice>
      <AllowDiscount>1</AllowDiscount>
      <ItemStatus>1</ItemStatus>
      <ItemId>255384</ItemId>
    </Item>
    <Item>
      <PriceUpdateDate>2015-05-05 15:45:53</PriceUpdateDate>
      <ItemCode>7290106664562</ItemCode>
      <ItemType>0</ItemType>
      <ItemName>רוטב שמנת עם פטריות</ItemName>
      <ManufacturerName>שטראוס</ManufacturerName>
      <ManufactureCountry>לא ידוע</ManufactureCountry>
      <ManufacturerItemDescription>רוטב שמנת עם פטריות 9% 250 גרם</ManufacturerItemDescription>
      <UnitQty>מיליליטרים</UnitQty>
      <Quantity>250.00</Quantity>
      <UnitOfMeasure>100 מ"ל</UnitOfMeasure>
      <bIsWeighted>0</bIsWeighted>
      <QtyInPackage>1</QtyInPackage>
      <ItemPrice>9.80</ItemPrice>
      <UnitOfMeasurePrice>3.9200</UnitOfMeasurePrice>
      <AllowDiscount>1</AllowDiscount>
      <ItemStatus>1</ItemStatus>
      <ItemId>255440</ItemId>
    </Item>
    <Item>
      <PriceUpdateDate>2015-05-05 15:45:53</PriceUpdateDate>
      <ItemCode>7290106664548</ItemCode>
      <ItemType>0</ItemType>
      <ItemName>רוטב שמנת עם 4 גבינו</ItemName>
      <ManufacturerName>שטראוס</ManufacturerName>
      <ManufactureCountry>לא ידוע</ManufactureCountry>
      <ManufacturerItemDescription>רוטב שמנת עם 4 גבינות 9% 250 גרם</ManufacturerItemDescription>
      <UnitQty>מיליליטרים</UnitQty>
      <Quantity>250.00</Quantity>
      <UnitOfMeasure>100 מ"ל</UnitOfMeasure>
      <bIsWeighted>0</bIsWeighted>
      <QtyInPackage>1</QtyInPackage>
      <ItemPrice>9.80</ItemPrice>
      <UnitOfMeasurePrice>3.9200</UnitOfMeasurePrice>
      <AllowDiscount>1</AllowDiscount>
      <ItemStatus>1</ItemStatus>
      <ItemId>255441</ItemId>
    </Item>
    <Item>
      <PriceUpdateDate>2015-08-19 08:26:38</PriceUpdateDate>
      <ItemCode>7290107280792</ItemCode>
      <ItemType>0</ItemType>
      <ItemName>נוזל כלים בשקית מילו</ItemName>
      <ManufacturerName>,</ManufacturerName>
      <ManufactureCountry>לא ידוע</ManufactureCountry>
      <ManufacturerItemDescription>נוזל כלים בשקית מילוי סנו ספארק לבנדר</ManufacturerItemDescription>
      <UnitQty>מיליליטרים</UnitQty>
      <Quantity>500.00</Quantity>
      <UnitOfMeasure>100 מ"ל</UnitOfMeasure>
      <bIsWeighted>0</bIsWeighted>
      <QtyInPackage>1</QtyInPackage>
      <ItemPrice>4.90</ItemPrice>
      <UnitOfMeasurePrice>0.9800</UnitOfMeasurePrice>
      <AllowDiscount>1</AllowDiscount>
      <ItemStatus>1</ItemStatus>
      <ItemId>255445</ItemId>
    </Item>
    <Item>
      <PriceUpdateDate>2015-06-23 12:48:23</PriceUpdateDate>
      <ItemCode>7290014434790</ItemCode>
      <ItemType>1</ItemType>
      <ItemName>מאגדת סוכריות קטנטנו</ItemName>
      <ManufacturerName>סוויט טיים פודסטופ ב</ManufacturerName>
      <ManufactureCountry>לא ידוע</ManufactureCountry>
      <ManufacturerItemDescription>מאגדת סוכריות קטנטנות אריזה אצבע 32 יח</ManufacturerItemDescription>
      <UnitQty>גרמים</UnitQty>
      <Quantity>160.00</Quantity>
      <UnitOfMeasure>100 גרם</UnitOfMeasure>
      <bIsWeighted>0</bIsWeighted>
      <QtyInPackage>1</QtyInPackage>
      <ItemPrice>9.90</ItemPrice>
      <UnitOfMeasurePrice>6.1875</UnitOfMeasurePrice>
      <AllowDiscount>1</AllowDiscount>
      <ItemStatus>1</ItemStatus>
      <ItemId>264230</ItemId>
    </Item>
    <Item>
      <PriceUpdateDate>2015-05-10 13:30:51</PriceUpdateDate>
      <ItemCode>7290014397842</ItemCode>
      <ItemType>0</ItemType>
      <ItemName>סנומט סמארט מכשיר+ 9</ItemName>
      <ManufacturerName>סנו</ManufacturerName>
      <ManufactureCountry>ישראל</ManufactureCountry>
      <ManufacturerItemDescription>סנומט סמארט מכשיר+ 90 לילות</ManufacturerItemDescription>
      <UnitQty>Unknown </UnitQty>
      <Quantity>0.00</Quantity>
      <UnitOfMeasure>Unknown </UnitOfMeasure>
      <bIsWeighted>0</bIsWeighted>
      <QtyInPackage>1</QtyInPackage>
      <ItemPrice>44.90</ItemPrice>
      <UnitOfMeasurePrice>0.0000</UnitOfMeasurePrice>
      <AllowDiscount>1</AllowDiscount>
      <ItemStatus>1</ItemStatus>
      <ItemId>255482</ItemId>
    </Item>
    <Item>
      <PriceUpdateDate>2015-05-12 10:30:51</PriceUpdateDate>
      <ItemCode>7290014600263</ItemCode>
      <ItemType>0</ItemType>
      <ItemName>קרקר מלוח כיבודים 15</ItemName>
      <ManufacturerName>,</ManufacturerName>
      <ManufactureCountry>לא ידוע</ManufactureCountry>
      <ManufacturerItemDescription>קרקר מלוח כיבודים 150 גרם</ManufacturerItemDescription>
      <UnitQty>גרמים</UnitQty>
      <Quantity>150.00</Quantity>
      <UnitOfMeasure>100 גרם</UnitOfMeasure>
      <bIsWeighted>0</bIsWeighted>
      <QtyInPackage>1</QtyInPackage>
      <ItemPrice>2.90</ItemPrice>
      <UnitOfMeasurePrice>1.9333</UnitOfMeasurePrice>
      <AllowDiscount>1</AllowDiscount>
      <ItemStatus>1</ItemStatus>
      <ItemId>255497</ItemId>
    </Item>
    <Item>
      <PriceUpdateDate>2015-05-14 12:45:57</PriceUpdateDate>
      <ItemCode>2026402</ItemCode>
      <ItemType>0</ItemType>
      <ItemName>בלינצס גבינה קפוא</ItemName>
      <ManufacturerName>מוצרי איכות אמריקאיי</ManufacturerName>
      <ManufactureCountry>ישראל</ManufactureCountry>
      <ManufacturerItemDescription>בלינצס גבינה קפוא</ManufacturerItemDescription>
      <UnitQty>Unknown </UnitQty>
      <Quantity>0.00</Quantity>
      <UnitOfMeasure>Unknown </UnitOfMeasure>
      <bIsWeighted>0</bIsWeighted>
      <QtyInPackage>1</QtyInPackage>
      <ItemPrice>14.90</ItemPrice>
      <UnitOfMeasurePrice>0.0000</UnitOfMeasurePrice>
      <AllowDiscount>1</AllowDiscount>
      <ItemStatus>1</ItemStatus>
      <ItemId>255516</ItemId>
    </Item>
    <Item>
      <PriceUpdateDate>2015-05-14 15:30:52</PriceUpdateDate>
      <ItemCode>7290014855472</ItemCode>
      <ItemType>0</ItemType>
      <ItemName>חיתולי בייביסיטר שלב</ItemName>
      <ManufacturerName>,</ManufacturerName>
      <ManufactureCountry>לא ידוע</ManufactureCountry>
      <ManufacturerItemDescription>חיתולי בייביסיטר פרפורמנס שלב 3 54 יח</ManufacturerItemDescription>
      <UnitQty>Unknown </UnitQty>
      <Quantity>0.00</Quantity>
      <UnitOfMeasure>Unknown </UnitOfMeasure>
      <bIsWeighted>0</bIsWeighted>
      <QtyInPackage>1</QtyInPackage>
      <ItemPrice>39.90</ItemPrice>
      <UnitOfMeasurePrice>0.0000</UnitOfMeasurePrice>
      <AllowDiscount>1</AllowDiscount>
      <ItemStatus>1</ItemStatus>
      <ItemId>255519</ItemId>
    </Item>
    <Item>
      <PriceUpdateDate>2015-05-14 15:30:52</PriceUpdateDate>
      <ItemCode>7290014855489</ItemCode>
      <ItemType>0</ItemType>
      <ItemName>חיתולי בייביסיטר שלב</ItemName>
      <ManufacturerName>,</ManufacturerName>
      <ManufactureCountry>לא ידוע</ManufactureCountry>
      <ManufacturerItemDescription>חיתולי בייביסיטר פרפורמנס שלב 4 48 יח</ManufacturerItemDescription>
      <UnitQty>Unknown </UnitQty>
      <Quantity>0.00</Quantity>
      <UnitOfMeasure>Unknown </UnitOfMeasure>
      <bIsWeighted>0</bIsWeighted>
      <QtyInPackage>1</QtyInPackage>
      <ItemPrice>39.90</ItemPrice>
      <UnitOfMeasurePrice>0.0000</UnitOfMeasurePrice>
      <AllowDiscount>1</AllowDiscount>
      <ItemStatus>1</ItemStatus>
      <ItemId>255520</ItemId>
    </Item>
    <Item>
      <PriceUpdateDate>2015-05-14 15:30:52</PriceUpdateDate>
      <ItemCode>7290014855496</ItemCode>
      <ItemType>0</ItemType>
      <ItemName>חיתולי בייביסיטר שלב</ItemName>
      <ManufacturerName>,</ManufacturerName>
      <ManufactureCountry>לא ידוע</ManufactureCountry>
      <ManufacturerItemDescription>חיתולי בייביסיטר פרפורמנס שלב 4+ 44 יח</ManufacturerItemDescription>
      <UnitQty>Unknown </UnitQty>
      <Quantity>0.00</Quantity>
      <UnitOfMeasure>Unknown </UnitOfMeasure>
      <bIsWeighted>0</bIsWeighted>
      <QtyInPackage>1</QtyInPackage>
      <ItemPrice>39.90</ItemPrice>
      <UnitOfMeasurePrice>0.0000</UnitOfMeasurePrice>
      <AllowDiscount>1</AllowDiscount>
      <ItemStatus>1</ItemStatus>
      <ItemId>255521</ItemId>
    </Item>
    <Item>
      <PriceUpdateDate>2015-05-14 15:30:52</PriceUpdateDate>
      <ItemCode>7290014855502</ItemCode>
      <ItemType>0</ItemType>
      <ItemName>חיתולי בייביסיטר פרפ</ItemName>
      <ManufacturerName>,</ManufacturerName>
      <ManufactureCountry>לא ידוע</ManufactureCountry>
      <ManufacturerItemDescription>חיתולי בייביסיטר פרפורמנס שלב 5 40 יח</ManufacturerItemDescription>
      <UnitQty>Unknown </UnitQty>
      <Quantity>0.00</Quantity>
      <UnitOfMeasure>Unknown </UnitOfMeasure>
      <bIsWeighted>0</bIsWeighted>
      <QtyInPackage>1</QtyInPackage>
      <ItemPrice>39.90</ItemPrice>
      <UnitOfMeasurePrice>0.0000</UnitOfMeasurePrice>
      <AllowDiscount>1</AllowDiscount>
      <ItemStatus>1</ItemStatus>
      <ItemId>255522</ItemId>
    </Item>
    <Item>
      <PriceUpdateDate>2015-05-14 15:30:53</PriceUpdateDate>
      <ItemCode>7290014855519</ItemCode>
      <ItemType>0</ItemType>
      <ItemName>חיתולי בייביסיטר פרפ</ItemName>
      <ManufacturerName>,</ManufacturerName>
      <ManufactureCountry>לא ידוע</ManufactureCountry>
      <ManufacturerItemDescription>חיתולי בייביסיטר פרפורמנס שלב 6 36 יח</ManufacturerItemDescription>
      <UnitQty>Unknown </UnitQty>
      <Quantity>0.00</Quantity>
      <UnitOfMeasure>Unknown </UnitOfMeasure>
      <bIsWeighted>0</bIsWeighted>
      <QtyInPackage>1</QtyInPackage>
      <ItemPrice>39.90</ItemPrice>
      <UnitOfMeasurePrice>0.0000</UnitOfMeasurePrice>
      <AllowDiscount>1</AllowDiscount>
      <ItemStatus>1</ItemStatus>
      <ItemId>255523</ItemId>
    </Item>
    <Item>
      <PriceUpdateDate>2016-02-29 17:40:49</PriceUpdateDate>
      <ItemCode>7290011240240</ItemCode>
      <ItemType>0</ItemType>
      <ItemName>יין קברנה סוביניון ס</ItemName>
      <ManufacturerName>,</ManufacturerName>
      <ManufactureCountry>לא ידוע</ManufactureCountry>
      <ManufacturerItemDescription>יין קברנה סוביניון סדרת ארז 750 מ"ל</ManufacturerItemDescription>
      <UnitQty>מיליליטרים</UnitQty>
      <Quantity>750.00</Quantity>
      <UnitOfMeasure>100 מ"ל</UnitOfMeasure>
      <bIsWeighted>0</bIsWeighted>
      <QtyInPackage>1</QtyInPackage>
      <ItemPrice>24.90</ItemPrice>
      <UnitOfMeasurePrice>3.3200</UnitOfMeasurePrice>
      <AllowDiscount>1</AllowDiscount>
      <ItemStatus>1</ItemStatus>
      <ItemId>255525</ItemId>
    </Item>
    <Item>
      <PriceUpdateDate>2016-02-29 17:40:50</PriceUpdateDate>
      <ItemCode>7290011240257</ItemCode>
      <ItemType>0</ItemType>
      <ItemName>יין קברנה  מרלו סדרת</ItemName>
      <ManufacturerName>,</ManufacturerName>
      <ManufactureCountry>לא ידוע</ManufactureCountry>
      <ManufacturerItemDescription>יין קברנה  מרלו סדרת ארז 750 מ"ל</ManufacturerItemDescription>
      <UnitQty>מיליליטרים</UnitQty>
      <Quantity>750.00</Quantity>
      <UnitOfMeasure>100 מ"ל</UnitOfMeasure>
      <bIsWeighted>0</bIsWeighted>
      <QtyInPackage>1</QtyInPackage>
      <ItemPrice>24.90</ItemPrice>
      <UnitOfMeasurePrice>3.3200</UnitOfMeasurePrice>
      <AllowDiscount>1</AllowDiscount>
      <ItemStatus>1</ItemStatus>
      <ItemId>255527</ItemId>
    </Item>
    <Item>
      <PriceUpdateDate>2016-02-29 17:40:50</PriceUpdateDate>
      <ItemCode>7290011240264</ItemCode>
      <ItemType>0</ItemType>
      <ItemName>יין שיראז מרלו סדרת</ItemName>
      <ManufacturerName>,</ManufacturerName>
      <ManufactureCountry>לא ידוע</ManufactureCountry>
      <ManufacturerItemDescription>יין שיראז מרלו סדרת ארז 750 מ"ל</ManufacturerItemDescription>
      <UnitQty>מיליליטרים</UnitQty>
      <Quantity>750.00</Quantity>
      <UnitOfMeasure>100 מ"ל</UnitOfMeasure>
      <bIsWeighted>0</bIsWeighted>
      <QtyInPackage>1</QtyInPackage>
      <ItemPrice>24.90</ItemPrice>
      <UnitOfMeasurePrice>3.3200</UnitOfMeasurePrice>
      <AllowDiscount>1</AllowDiscount>
      <ItemStatus>1</ItemStatus>
      <ItemId>255528</ItemId>
    </Item>
    <Item>
      <PriceUpdateDate>2015-05-18 12:15:50</PriceUpdateDate>
      <ItemCode>8410104133092</ItemCode>
      <ItemType>0</ItemType>
      <ItemName>קלגון אבקה למניעת אב</ItemName>
      <ManufacturerName>רקיט בנקיזר</ManufacturerName>
      <ManufactureCountry>לא ידוע</ManufactureCountry>
      <ManufacturerItemDescription>קלגון אבקה למניעת אבנית 1 ק"ג</ManufacturerItemDescription>
      <UnitQty>קילוגרמים</UnitQty>
      <Quantity>1.00</Quantity>
      <UnitOfMeasure>ק"ג     </UnitOfMeasure>
      <bIsWeighted>0</bIsWeighted>
      <QtyInPackage>1</QtyInPackage>
      <ItemPrice>35.90</ItemPrice>
      <UnitOfMeasurePrice>35.9000</UnitOfMeasurePrice>
      <AllowDiscount>1</AllowDiscount>
      <ItemStatus>1</ItemStatus>
      <ItemId>255631</ItemId>
    </Item>
    <Item>
      <PriceUpdateDate>2016-02-18 19:22:52</PriceUpdateDate>
      <ItemCode>23007</ItemCode>
      <ItemType>0</ItemType>
      <ItemName>ברנדי שטוק 84 750 מ"</ItemName>
      <ManufacturerName>,</ManufacturerName>
      <ManufactureCountry>לא ידוע</ManufactureCountry>
      <ManufacturerItemDescription>ברנדי שטוק 84 750 מ"ל</ManufacturerItemDescription>
      <UnitQty>מיליליטרים</UnitQty>
      <Quantity>750.00</Quantity>
      <UnitOfMeasure>100 מ"ל</UnitOfMeasure>
      <bIsWeighted>0</bIsWeighted>
      <QtyInPackage>1</QtyInPackage>
      <ItemPrice>69.90</ItemPrice>
      <UnitOfMeasurePrice>9.3200</UnitOfMeasurePrice>
      <AllowDiscount>1</AllowDiscount>
      <ItemStatus>1</ItemStatus>
      <ItemId>256249</ItemId>
    </Item>
    <Item>
      <PriceUpdateDate>2015-06-07 11:07:20</PriceUpdateDate>
      <ItemCode>3126958</ItemCode>
      <ItemType>0</ItemType>
      <ItemName>טופו גולמי 300 גרם</ItemName>
      <ManufacturerName>,</ManufacturerName>
      <ManufactureCountry>לא ידוע</ManufactureCountry>
      <ManufacturerItemDescription>טופו טבעי בוואקום במשקל</ManufacturerItemDescription>
      <UnitQty>גרמים</UnitQty>
      <Quantity>300.00</Quantity>
      <UnitOfMeasure>100 גרם</UnitOfMeasure>
      <bIsWeighted>0</bIsWeighted>
      <QtyInPackage>לא ידוע</QtyInPackage>
      <ItemPrice>11.90</ItemPrice>
      <UnitOfMeasurePrice>3.9667</UnitOfMeasurePrice>
      <AllowDiscount>1</AllowDiscount>
      <ItemStatus>1</ItemStatus>
      <ItemId>256577</ItemId>
    </Item>
    <Item>
      <PriceUpdateDate>2015-09-10 08:56:27</PriceUpdateDate>
      <ItemCode>3804320</ItemCode>
      <ItemType>0</ItemType>
      <ItemName>תיבולית קנור שום פטר</ItemName>
      <ManufacturerName>יוניליוור</ManufacturerName>
      <ManufactureCountry>ישראל</ManufactureCountry>
      <ManufacturerItemDescription>תיבולית שום פטרוזיליה</ManufacturerItemDescription>
      <UnitQty>גרמים</UnitQty>
      <Quantity>72.00</Quantity>
      <UnitOfMeasure>100 גרם</UnitOfMeasure>
      <bIsWeighted>0</bIsWeighted>
      <QtyInPackage>1</QtyInPackage>
      <ItemPrice>9.90</ItemPrice>
      <UnitOfMeasurePrice>13.7500</UnitOfMeasurePrice>
      <AllowDiscount>1</AllowDiscount>
      <ItemStatus>1</ItemStatus>
      <ItemId>256773</ItemId>
    </Item>
    <Item>
      <PriceUpdateDate>2015-09-10 08:56:28</PriceUpdateDate>
      <ItemCode>3804368</ItemCode>
      <ItemType>0</ItemType>
      <ItemName>תיבולית בזיליקום 72</ItemName>
      <ManufacturerName>,</ManufacturerName>
      <ManufactureCountry>לא ידוע</ManufactureCountry>
      <ManufacturerItemDescription>תיבולית קנור בזיליקום72ג"</ManufacturerItemDescription>
      <UnitQty>גרמים</UnitQty>
      <Quantity>72.00</Quantity>
      <UnitOfMeasure>100 גרם</UnitOfMeasure>
      <bIsWeighted>0</bIsWeighted>
      <QtyInPackage>1</QtyInPackage>
      <ItemPrice>9.90</ItemPrice>
      <UnitOfMeasurePrice>13.7500</UnitOfMeasurePrice>
      <AllowDiscount>1</AllowDiscount>
      <ItemStatus>1</ItemStatus>
      <ItemId>256774</ItemId>
    </Item>
    <Item>
      <PriceUpdateDate>2016-02-04 07:59:25</PriceUpdateDate>
      <ItemCode>4002448017684</ItemCode>
      <ItemType>0</ItemType>
      <ItemName>סיליט באנג לניקוי כל</ItemName>
      <ManufacturerName>,</ManufacturerName>
      <ManufactureCountry>לא ידוע</ManufactureCountry>
      <ManufacturerItemDescription>סיליט באנג ספריי 750 מ"ל</ManufacturerItemDescription>
      <UnitQty>מיליליטרים</UnitQty>
      <Quantity>750.00</Quantity>
      <UnitOfMeasure>100 מ"ל</UnitOfMeasure>
      <bIsWeighted>0</bIsWeighted>
      <QtyInPackage>1</QtyInPackage>
      <ItemPrice>14.90</ItemPrice>
      <UnitOfMeasurePrice>1.9867</UnitOfMeasurePrice>
      <AllowDiscount>1</AllowDiscount>
      <ItemStatus>1</ItemStatus>
      <ItemId>256823</ItemId>
    </Item>
    <Item>
      <PriceUpdateDate>2016-02-04 07:59:25</PriceUpdateDate>
      <ItemCode>4002448019480</ItemCode>
      <ItemType>0</ItemType>
      <ItemName>סיליט באנג מסיר שומן</ItemName>
      <ManufacturerName>,</ManufacturerName>
      <ManufactureCountry>לא ידוע</ManufactureCountry>
      <ManufacturerItemDescription>סיליט באנג מסיר שומן750מ</ManufacturerItemDescription>
      <UnitQty>מיליליטרים</UnitQty>
      <Quantity>750.00</Quantity>
      <UnitOfMeasure>100 מ"ל</UnitOfMeasure>
      <bIsWeighted>0</bIsWeighted>
      <QtyInPackage>1</QtyInPackage>
      <ItemPrice>14.90</ItemPrice>
      <UnitOfMeasurePrice>1.9867</UnitOfMeasurePrice>
      <AllowDiscount>1</AllowDiscount>
      <ItemStatus>1</ItemStatus>
      <ItemId>256825</ItemId>
    </Item>
    <Item>
      <PriceUpdateDate>2015-10-19 11:52:04</PriceUpdateDate>
      <ItemCode>8989749</ItemCode>
      <ItemType>0</ItemType>
      <ItemName>פריכיות קינואה 200 ג</ItemName>
      <ManufacturerName>,</ManufacturerName>
      <ManufactureCountry>לא ידוע</ManufactureCountry>
      <ManufacturerItemDescription>פריכיות קינואה 200 ג"</ManufacturerItemDescription>
      <UnitQty>גרמים</UnitQty>
      <Quantity>200.00</Quantity>
      <UnitOfMeasure>100 גרם</UnitOfMeasure>
      <bIsWeighted>0</bIsWeighted>
      <QtyInPackage>1</QtyInPackage>
      <ItemPrice>9.90</ItemPrice>
      <UnitOfMeasurePrice>4.9500</UnitOfMeasurePrice>
      <AllowDiscount>1</AllowDiscount>
      <ItemStatus>1</ItemStatus>
      <ItemId>259090</ItemId>
    </Item>
    <Item>
      <PriceUpdateDate>2015-09-01 09:40:06</PriceUpdateDate>
      <ItemCode>7290013269560</ItemCode>
      <ItemType>0</ItemType>
      <ItemName>תחליב רחצה קרמה מאסק</ItemName>
      <ManufacturerName>קוסמופארם</ManufacturerName>
      <ManufactureCountry>ישראל</ManufactureCountry>
      <ManufacturerItemDescription>תחליב רחצה קרמה מאסק 750 מ"ל</ManufacturerItemDescription>
      <UnitQty>מיליליטרים</UnitQty>
      <Quantity>750.00</Quantity>
      <UnitOfMeasure>100 מ"ל</UnitOfMeasure>
      <bIsWeighted>0</bIsWeighted>
      <QtyInPackage>1</QtyInPackage>
      <ItemPrice>14.90</ItemPrice>
      <UnitOfMeasurePrice>1.9867</UnitOfMeasurePrice>
      <AllowDiscount>1</AllowDiscount>
      <ItemStatus>1</ItemStatus>
      <ItemId>259536</ItemId>
    </Item>
    <Item>
      <PriceUpdateDate>2015-12-02 13:05:49</PriceUpdateDate>
      <ItemCode>7290015652117</ItemCode>
      <ItemType>1</ItemType>
      <ItemName>רוטב סריראצה חריף אה</ItemName>
      <ManufacturerName>,</ManufacturerName>
      <ManufactureCountry>לא ידוע</ManufactureCountry>
      <ManufacturerItemDescription>רוטב סריראצה חריף אהרוני 400 גרם</ManufacturerItemDescription>
      <UnitQty>גרמים</UnitQty>
      <Quantity>400.00</Quantity>
      <UnitOfMeasure>100 גרם</UnitOfMeasure>
      <bIsWeighted>0</bIsWeighted>
      <QtyInPackage>1</QtyInPackage>
      <ItemPrice>14.90</ItemPrice>
      <UnitOfMeasurePrice>3.7250</UnitOfMeasurePrice>
      <AllowDiscount>1</AllowDiscount>
      <ItemStatus>1</ItemStatus>
      <ItemId>265984</ItemId>
    </Item>
    <Item>
      <PriceUpdateDate>2016-06-14 12:16:35</PriceUpdateDate>
      <ItemCode>1989524</ItemCode>
      <ItemType>0</ItemType>
      <ItemName>פילה סלמון נורווגי</ItemName>
      <ManufacturerName>,</ManufacturerName>
      <ManufactureCountry>לא ידוע</ManufactureCountry>
      <ManufacturerItemDescription>פילה סלמון נורווגי בק"ג</ManufacturerItemDescription>
      <UnitQty>קילוגרמים</UnitQty>
      <Quantity>1.00</Quantity>
      <UnitOfMeasure>ק"ג</UnitOfMeasure>
      <bIsWeighted>1</bIsWeighted>
      <QtyInPackage>לא ידוע</QtyInPackage>
      <ItemPrice>59.90</ItemPrice>
      <UnitOfMeasurePrice>59.9000</UnitOfMeasurePrice>
      <AllowDiscount>1</AllowDiscount>
      <ItemStatus>1</ItemStatus>
      <ItemId>259619</ItemId>
    </Item>
    <Item>
      <PriceUpdateDate>2015-05-21 14:45:57</PriceUpdateDate>
      <ItemCode>7290101868958</ItemCode>
      <ItemType>0</ItemType>
      <ItemName>נוזל הברקה פיניש 800</ItemName>
      <ManufacturerName>רקיט בנקיזר</ManufacturerName>
      <ManufactureCountry>פולין</ManufactureCountry>
      <ManufacturerItemDescription>נוזל הברקה פיניש 800 מל</ManufacturerItemDescription>
      <UnitQty>מיליליטרים</UnitQty>
      <Quantity>800.00</Quantity>
      <UnitOfMeasure>100 מ"ל</UnitOfMeasure>
      <bIsWeighted>0</bIsWeighted>
      <QtyInPackage>800</QtyInPackage>
      <ItemPrice>19.90</ItemPrice>
      <UnitOfMeasurePrice>2.4875</UnitOfMeasurePrice>
      <AllowDiscount>1</AllowDiscount>
      <ItemStatus>1</ItemStatus>
      <ItemId>259629</ItemId>
    </Item>
    <Item>
      <PriceUpdateDate>2015-05-21 17:31:37</PriceUpdateDate>
      <ItemCode>4791021002789</ItemCode>
      <ItemType>0</ItemType>
      <ItemName>תה ירוק 100 שקיקים</ItemName>
      <ManufacturerName>,</ManufacturerName>
      <ManufactureCountry>לא ידוע</ManufactureCountry>
      <ManufacturerItemDescription>תה ירוק 100 שקיקים</ManufacturerItemDescription>
      <UnitQty>גרמים</UnitQty>
      <Quantity>200.00</Quantity>
      <UnitOfMeasure>100 גרם</UnitOfMeasure>
      <bIsWeighted>0</bIsWeighted>
      <QtyInPackage>1</QtyInPackage>
      <ItemPrice>19.90</ItemPrice>
      <UnitOfMeasurePrice>9.9500</UnitOfMeasurePrice>
      <AllowDiscount>1</AllowDiscount>
      <ItemStatus>1</ItemStatus>
      <ItemId>259630</ItemId>
    </Item>
    <Item>
      <PriceUpdateDate>2015-05-21 17:31:37</PriceUpdateDate>
      <ItemCode>7290106722248</ItemCode>
      <ItemType>0</ItemType>
      <ItemName>שוקולד פרה לבן מוס פ</ItemName>
      <ManufacturerName>,</ManufacturerName>
      <ManufactureCountry>לא ידוע</ManufactureCountry>
      <ManufacturerItemDescription>שוקולד פרה לבן מוס פירות יער מגדים 85</ManufacturerItemDescription>
      <UnitQty>גרמים</UnitQty>
      <Quantity>85.00</Quantity>
      <UnitOfMeasure>100 גרם</UnitOfMeasure>
      <bIsWeighted>0</bIsWeighted>
      <QtyInPackage>1</QtyInPackage>
      <ItemPrice>6.90</ItemPrice>
      <UnitOfMeasurePrice>8.1176</UnitOfMeasurePrice>
      <AllowDiscount>1</AllowDiscount>
      <ItemStatus>1</ItemStatus>
      <ItemId>259633</ItemId>
    </Item>
    <Item>
      <PriceUpdateDate>2015-05-21 17:31:37</PriceUpdateDate>
      <ItemCode>7290106722255</ItemCode>
      <ItemType>0</ItemType>
      <ItemName>שוקולד פרה מוס שוקו</ItemName>
      <ManufacturerName>,</ManufacturerName>
      <ManufactureCountry>לא ידוע</ManufactureCountry>
      <ManufacturerItemDescription>שוקולד פרה מוס שוקו פקאן מגדים 85 גרם</ManufacturerItemDescription>
      <UnitQty>גרמים</UnitQty>
      <Quantity>85.00</Quantity>
      <UnitOfMeasure>100 גרם</UnitOfMeasure>
      <bIsWeighted>0</bIsWeighted>
      <QtyInPackage>1</QtyInPackage>
      <ItemPrice>6.90</ItemPrice>
      <UnitOfMeasurePrice>8.1176</UnitOfMeasurePrice>
      <AllowDiscount>1</AllowDiscount>
      <ItemStatus>1</ItemStatus>
      <ItemId>259634</ItemId>
    </Item>
    <Item>
      <PriceUpdateDate>2015-06-28 10:55:09</PriceUpdateDate>
      <ItemCode>7290107875912</ItemCode>
      <ItemType>0</ItemType>
      <ItemName>מנה חמה פסטה עגבניות</ItemName>
      <ManufacturerName>טאי רזידנט</ManufacturerName>
      <ManufactureCountry>לא ידוע</ManufactureCountry>
      <ManufacturerItemDescription>מנה חמה פסטה עגבניות חריף אש 62 גרם</ManufacturerItemDescription>
      <UnitQty>גרמים</UnitQty>
      <Quantity>62.00</Quantity>
      <UnitOfMeasure>100 גרם</UnitOfMeasure>
      <bIsWeighted>0</bIsWeighted>
      <QtyInPackage>1</QtyInPackage>
      <ItemPrice>4.10</ItemPrice>
      <UnitOfMeasurePrice>6.6129</UnitOfMeasurePrice>
      <AllowDiscount>1</AllowDiscount>
      <ItemStatus>1</ItemStatus>
      <ItemId>259636</ItemId>
    </Item>
    <Item>
      <PriceUpdateDate>2015-07-22 18:22:07</PriceUpdateDate>
      <ItemCode>7290013358868</ItemCode>
      <ItemType>0</ItemType>
      <ItemName>פריכיות אורז בטעם שו</ItemName>
      <ManufacturerName>,</ManufacturerName>
      <ManufactureCountry>לא ידוע</ManufactureCountry>
      <ManufacturerItemDescription>פריכיות אורז בטעם שום ועשבי</ManufacturerItemDescription>
      <UnitQty>גרמים</UnitQty>
      <Quantity>7500.00</Quantity>
      <UnitOfMeasure>100 גרם</UnitOfMeasure>
      <bIsWeighted>0</bIsWeighted>
      <QtyInPackage>1</QtyInPackage>
      <ItemPrice>3.90</ItemPrice>
      <UnitOfMeasurePrice>0.0520</UnitOfMeasurePrice>
      <AllowDiscount>1</AllowDiscount>
      <ItemStatus>1</ItemStatus>
      <ItemId>259645</ItemId>
    </Item>
    <Item>
      <PriceUpdateDate>2015-07-12 14:45:58</PriceUpdateDate>
      <ItemCode>7290013358417</ItemCode>
      <ItemType>0</ItemType>
      <ItemName>רוטב טריאקי 300 מ"ל</ItemName>
      <ManufacturerName>קי אר אס ספייסי פוד</ManufacturerName>
      <ManufactureCountry>תאילנד</ManufactureCountry>
      <ManufacturerItemDescription>רוטב טריאקי 300 מ"ל מאסטר שף</ManufacturerItemDescription>
      <UnitQty>גרמים</UnitQty>
      <Quantity>300.00</Quantity>
      <UnitOfMeasure>100 גרם</UnitOfMeasure>
      <bIsWeighted>0</bIsWeighted>
      <QtyInPackage>1</QtyInPackage>
      <ItemPrice>9.90</ItemPrice>
      <UnitOfMeasurePrice>3.3000</UnitOfMeasurePrice>
      <AllowDiscount>1</AllowDiscount>
      <ItemStatus>1</ItemStatus>
      <ItemId>264588</ItemId>
    </Item>
    <Item>
      <PriceUpdateDate>2015-05-26 20:45:56</PriceUpdateDate>
      <ItemCode>96619659050</ItemCode>
      <ItemType>0</ItemType>
      <ItemName>תרסיס שמן קנולה XL ק</ItemName>
      <ManufacturerName>,</ManufacturerName>
      <ManufactureCountry>לא ידוע</ManufactureCountry>
      <ManufacturerItemDescription>תרסיס שמן קנולה XL קירקלנד</ManufacturerItemDescription>
      <UnitQty>מיליליטרים</UnitQty>
      <Quantity>454.00</Quantity>
      <UnitOfMeasure>100 מ"ל</UnitOfMeasure>
      <bIsWeighted>0</bIsWeighted>
      <QtyInPackage>1</QtyInPackage>
      <ItemPrice>22.90</ItemPrice>
      <UnitOfMeasurePrice>5.0441</UnitOfMeasurePrice>
      <AllowDiscount>1</AllowDiscount>
      <ItemStatus>1</ItemStatus>
      <ItemId>259659</ItemId>
    </Item>
    <Item>
      <PriceUpdateDate>2015-05-26 11:30:57</PriceUpdateDate>
      <ItemCode>1245361</ItemCode>
      <ItemType>0</ItemType>
      <ItemName>מסיר שומנים 750 מ"ל</ItemName>
      <ManufacturerName>,</ManufacturerName>
      <ManufactureCountry>לא ידוע</ManufactureCountry>
      <ManufacturerItemDescription>מסיר שומנים מגיק 750 מ"ל</ManufacturerItemDescription>
      <UnitQty>מיליליטרים</UnitQty>
      <Quantity>750.00</Quantity>
      <UnitOfMeasure>100 מ"ל</UnitOfMeasure>
      <bIsWeighted>0</bIsWeighted>
      <QtyInPackage>1</QtyInPackage>
      <ItemPrice>6.90</ItemPrice>
      <UnitOfMeasurePrice>0.9200</UnitOfMeasurePrice>
      <AllowDiscount>1</AllowDiscount>
      <ItemStatus>1</ItemStatus>
      <ItemId>259664</ItemId>
    </Item>
    <Item>
      <PriceUpdateDate>2015-08-03 12:16:06</PriceUpdateDate>
      <ItemCode>7290014761605</ItemCode>
      <ItemType>0</ItemType>
      <ItemName>גלי בטעם קרטיב לימון</ItemName>
      <ManufacturerName>תנובה מרכז שיתופי לש</ManufacturerName>
      <ManufactureCountry>לא ידוע</ManufactureCountry>
      <ManufacturerItemDescription>גלי בטעם קרטיב לימון 125 גרם בד"צ</ManufacturerItemDescription>
      <UnitQty>מיליליטרים</UnitQty>
      <Quantity>125.00</Quantity>
      <UnitOfMeasure>100 מ"ל</UnitOfMeasure>
      <bIsWeighted>0</bIsWeighted>
      <QtyInPackage>1</QtyInPackage>
      <ItemPrice>2.30</ItemPrice>
      <UnitOfMeasurePrice>1.8400</UnitOfMeasurePrice>
      <AllowDiscount>1</AllowDiscount>
      <ItemStatus>1</ItemStatus>
      <ItemId>264749</ItemId>
    </Item>
    <Item>
      <PriceUpdateDate>2015-12-10 18:05:11</PriceUpdateDate>
      <ItemCode>7290100921692</ItemCode>
      <ItemType>0</ItemType>
      <ItemName>מרכך כביסה סוד מרוכז</ItemName>
      <ManufacturerName>הנקל סוד</ManufacturerName>
      <ManufactureCountry>לא ידוע</ManufactureCountry>
      <ManufacturerItemDescription>מ.כביסה סוד מרוכז אדום 900 מ"ל</ManufacturerItemDescription>
      <UnitQty>מיליליטרים</UnitQty>
      <Quantity>900.00</Quantity>
      <UnitOfMeasure>100 מ"ל</UnitOfMeasure>
      <bIsWeighted>0</bIsWeighted>
      <QtyInPackage>1</QtyInPackage>
      <ItemPrice>14.90</ItemPrice>
      <UnitOfMeasurePrice>1.6556</UnitOfMeasurePrice>
      <AllowDiscount>1</AllowDiscount>
      <ItemStatus>1</ItemStatus>
      <ItemId>266032</ItemId>
    </Item>
    <Item>
      <PriceUpdateDate>2015-05-25 14:15:54</PriceUpdateDate>
      <ItemCode>8714789861852</ItemCode>
      <ItemType>0</ItemType>
      <ItemName>משחת שיניים קולגייט</ItemName>
      <ManufacturerName>קולגייט פלמוליב</ManufacturerName>
      <ManufactureCountry>לא ידוע</ManufactureCountry>
      <ManufacturerItemDescription>משחת שיניים קולגייט פרש  אקטי קלין 100</ManufacturerItemDescription>
      <UnitQty>מיליליטרים</UnitQty>
      <Quantity>100.00</Quantity>
      <UnitOfMeasure>100 מ"ל</UnitOfMeasure>
      <bIsWeighted>0</bIsWeighted>
      <QtyInPackage>1</QtyInPackage>
      <ItemPrice>18.90</ItemPrice>
      <UnitOfMeasurePrice>18.9000</UnitOfMeasurePrice>
      <AllowDiscount>1</AllowDiscount>
      <ItemStatus>1</ItemStatus>
      <ItemId>259663</ItemId>
    </Item>
    <Item>
      <PriceUpdateDate>2015-05-26 11:30:57</PriceUpdateDate>
      <ItemCode>7290015640527</ItemCode>
      <ItemType>0</ItemType>
      <ItemName>נוזל רצפות רוח ים 4</ItemName>
      <ManufacturerName>,</ManufacturerName>
      <ManufactureCountry>לא ידוע</ManufactureCountry>
      <ManufacturerItemDescription>נוזל רצפות רוח ים 4 ליטר מגיק</ManufacturerItemDescription>
      <UnitQty>ליטרים</UnitQty>
      <Quantity>4.00</Quantity>
      <UnitOfMeasure>ליטר    </UnitOfMeasure>
      <bIsWeighted>0</bIsWeighted>
      <QtyInPackage>1</QtyInPackage>
      <ItemPrice>9.90</ItemPrice>
      <UnitOfMeasurePrice>2.4750</UnitOfMeasurePrice>
      <AllowDiscount>1</AllowDiscount>
      <ItemStatus>1</ItemStatus>
      <ItemId>259665</ItemId>
    </Item>
    <Item>
      <PriceUpdateDate>2015-09-20 12:26:00</PriceUpdateDate>
      <ItemCode>1245514</ItemCode>
      <ItemType>0</ItemType>
      <ItemName>תכשיר דוחה יתושים רו</ItemName>
      <ManufacturerName>,</ManufacturerName>
      <ManufactureCountry>לא ידוע</ManufactureCountry>
      <ManufacturerItemDescription>תכשיר דוחה יתושים רול און 70 מ"ל</ManufacturerItemDescription>
      <UnitQty>מיליליטרים</UnitQty>
      <Quantity>70.00</Quantity>
      <UnitOfMeasure>100 מ"ל</UnitOfMeasure>
      <bIsWeighted>0</bIsWeighted>
      <QtyInPackage>1</QtyInPackage>
      <ItemPrice>4.90</ItemPrice>
      <UnitOfMeasurePrice>7.0000</UnitOfMeasurePrice>
      <AllowDiscount>1</AllowDiscount>
      <ItemStatus>1</ItemStatus>
      <ItemId>259667</ItemId>
    </Item>
    <Item>
      <PriceUpdateDate>2015-11-08 14:46:17</PriceUpdateDate>
      <ItemCode>7290106663404</ItemCode>
      <ItemType>0</ItemType>
      <ItemName>מסטיק מאסט בזוקה מגד</ItemName>
      <ManufacturerName>,</ManufacturerName>
      <ManufactureCountry>לא ידוע</ManufactureCountry>
      <ManufacturerItemDescription>מסטיק מאסט בזוקה מגדים 5 יח</ManufacturerItemDescription>
      <UnitQty>גרמים</UnitQty>
      <Quantity>140.00</Quantity>
      <UnitOfMeasure>100 גרם</UnitOfMeasure>
      <bIsWeighted>0</bIsWeighted>
      <QtyInPackage>1</QtyInPackage>
      <ItemPrice>14.90</ItemPrice>
      <UnitOfMeasurePrice>10.6429</UnitOfMeasurePrice>
      <AllowDiscount>1</AllowDiscount>
      <ItemStatus>1</ItemStatus>
      <ItemId>265802</ItemId>
    </Item>
    <Item>
      <PriceUpdateDate>2015-05-26 12:00:54</PriceUpdateDate>
      <ItemCode>96619121731</ItemCode>
      <ItemType>0</ItemType>
      <ItemName>סוכריות גלי בינס 1.8</ItemName>
      <ManufacturerName>,</ManufacturerName>
      <ManufactureCountry>לא ידוע</ManufactureCountry>
      <ManufacturerItemDescription>סוכריות גלי בינס 1.8 ק"ג קירקלנד</ManufacturerItemDescription>
      <UnitQty>קילוגרמים</UnitQty>
      <Quantity>1.80</Quantity>
      <UnitOfMeasure>ק"ג     </UnitOfMeasure>
      <bIsWeighted>0</bIsWeighted>
      <QtyInPackage>1</QtyInPackage>
      <ItemPrice>89.90</ItemPrice>
      <UnitOfMeasurePrice>49.9444</UnitOfMeasurePrice>
      <AllowDiscount>1</AllowDiscount>
      <ItemStatus>1</ItemStatus>
      <ItemId>259685</ItemId>
    </Item>
    <Item>
      <PriceUpdateDate>2015-05-26 12:00:54</PriceUpdateDate>
      <ItemCode>96619679133</ItemCode>
      <ItemType>0</ItemType>
      <ItemName>סירופ מייפל 1 ליטר</ItemName>
      <ManufacturerName>,</ManufacturerName>
      <ManufactureCountry>לא ידוע</ManufactureCountry>
      <ManufacturerItemDescription>סירופ מייפל 1 ליטר קירקלנד</ManufacturerItemDescription>
      <UnitQty>ליטרים</UnitQty>
      <Quantity>1.00</Quantity>
      <UnitOfMeasure>ליטר    </UnitOfMeasure>
      <bIsWeighted>0</bIsWeighted>
      <QtyInPackage>1</QtyInPackage>
      <ItemPrice>79.90</ItemPrice>
      <UnitOfMeasurePrice>79.9000</UnitOfMeasurePrice>
      <AllowDiscount>1</AllowDiscount>
      <ItemStatus>1</ItemStatus>
      <ItemId>259686</ItemId>
    </Item>
    <Item>
      <PriceUpdateDate>2015-05-27 07:30:57</PriceUpdateDate>
      <ItemCode>7290000908076</ItemCode>
      <ItemType>1</ItemType>
      <ItemName>דגני בוקר נוגי שוקול</ItemName>
      <ManufacturerName>,</ManufacturerName>
      <ManufactureCountry>לא ידוע</ManufactureCountry>
      <ManufacturerItemDescription>דגני בוקר נוגי שוקולד 900 גרם</ManufacturerItemDescription>
      <UnitQty>גרמים</UnitQty>
      <Quantity>900.00</Quantity>
      <UnitOfMeasure>100 גרם</UnitOfMeasure>
      <bIsWeighted>0</bIsWeighted>
      <QtyInPackage>1</QtyInPackage>
      <ItemPrice>16.90</ItemPrice>
      <UnitOfMeasurePrice>1.8778</UnitOfMeasurePrice>
      <AllowDiscount>1</AllowDiscount>
      <ItemStatus>1</ItemStatus>
      <ItemId>259700</ItemId>
    </Item>
    <Item>
      <PriceUpdateDate>2016-07-27 13:05:33</PriceUpdateDate>
      <ItemCode>7290107937870</ItemCode>
      <ItemType>0</ItemType>
      <ItemName>מעדן מילקי טופ נשיקו</ItemName>
      <ManufacturerName>שטראוס</ManufacturerName>
      <ManufactureCountry>לא ידוע</ManufactureCountry>
      <ManufacturerItemDescription>מעדן מילקי טופ נשיקות 140 מ"ל</ManufacturerItemDescription>
      <UnitQty>מיליליטרים</UnitQty>
      <Quantity>140.00</Quantity>
      <UnitOfMeasure>100 מ"ל</UnitOfMeasure>
      <bIsWeighted>0</bIsWeighted>
      <QtyInPackage>1</QtyInPackage>
      <ItemPrice>4.30</ItemPrice>
      <UnitOfMeasurePrice>3.0714</UnitOfMeasurePrice>
      <AllowDiscount>1</AllowDiscount>
      <ItemStatus>1</ItemStatus>
      <ItemId>269003</ItemId>
    </Item>
    <Item>
      <PriceUpdateDate>2015-05-27 10:15:56</PriceUpdateDate>
      <ItemCode>7290011969660</ItemCode>
      <ItemType>1</ItemType>
      <ItemName>לפתניות מרובעות פאלא</ItemName>
      <ManufacturerName>,</ManufacturerName>
      <ManufactureCountry>לא ידוע</ManufactureCountry>
      <ManufacturerItemDescription>לפתניות מרובעות פאלאס קרם</ManufacturerItemDescription>
      <UnitQty>Unknown </UnitQty>
      <Quantity>0.00</Quantity>
      <UnitOfMeasure>Unknown </UnitOfMeasure>
      <bIsWeighted>0</bIsWeighted>
      <QtyInPackage>1</QtyInPackage>
      <ItemPrice>3.90</ItemPrice>
      <UnitOfMeasurePrice>0.0000</UnitOfMeasurePrice>
      <AllowDiscount>1</AllowDiscount>
      <ItemStatus>1</ItemStatus>
      <ItemId>259730</ItemId>
    </Item>
    <Item>
      <PriceUpdateDate>2015-05-27 13:46:07</PriceUpdateDate>
      <ItemCode>3222551</ItemCode>
      <ItemType>0</ItemType>
      <ItemName>פיתות אסליות 10 יח</ItemName>
      <ManufacturerName>,</ManufacturerName>
      <ManufactureCountry>לא ידוע</ManufactureCountry>
      <ManufacturerItemDescription>פיתות אסליות 10 יח</ManufacturerItemDescription>
      <UnitQty>Unknown </UnitQty>
      <Quantity>0.00</Quantity>
      <UnitOfMeasure>Unknown </UnitOfMeasure>
      <bIsWeighted>0</bIsWeighted>
      <QtyInPackage>1</QtyInPackage>
      <ItemPrice>5.90</ItemPrice>
      <UnitOfMeasurePrice>0.0000</UnitOfMeasurePrice>
      <AllowDiscount>1</AllowDiscount>
      <ItemStatus>1</ItemStatus>
      <ItemId>259757</ItemId>
    </Item>
    <Item>
      <PriceUpdateDate>2015-08-03 12:16:06</PriceUpdateDate>
      <ItemCode>7290014762220</ItemCode>
      <ItemType>0</ItemType>
      <ItemName>גלי ענבים 125 גרם בד</ItemName>
      <ManufacturerName>תנובה מרכז שיתופי לש</ManufacturerName>
      <ManufactureCountry>לא ידוע</ManufactureCountry>
      <ManufacturerItemDescription>גלי ענבים 125 גרם בד"צ</ManufacturerItemDescription>
      <UnitQty>מיליליטרים</UnitQty>
      <Quantity>125.00</Quantity>
      <UnitOfMeasure>100 מ"ל</UnitOfMeasure>
      <bIsWeighted>0</bIsWeighted>
      <QtyInPackage>1</QtyInPackage>
      <ItemPrice>2.30</ItemPrice>
      <UnitOfMeasurePrice>1.8400</UnitOfMeasurePrice>
      <AllowDiscount>1</AllowDiscount>
      <ItemStatus>1</ItemStatus>
      <ItemId>264750</ItemId>
    </Item>
    <Item>
      <PriceUpdateDate>2015-10-28 16:01:18</PriceUpdateDate>
      <ItemCode>7290104855344</ItemCode>
      <ItemType>0</ItemType>
      <ItemName>קעריות אובלית 140 יח</ItemName>
      <ManufacturerName>ב פ תעשיות</ManufacturerName>
      <ManufactureCountry>לא ידוע</ManufactureCountry>
      <ManufacturerItemDescription>קעריות אובלית 140 יח</ManufacturerItemDescription>
      <UnitQty>Unknown </UnitQty>
      <Quantity>0.00</Quantity>
      <UnitOfMeasure>Unknown </UnitOfMeasure>
      <bIsWeighted>0</bIsWeighted>
      <QtyInPackage>1</QtyInPackage>
      <ItemPrice>19.90</ItemPrice>
      <UnitOfMeasurePrice>0.0000</UnitOfMeasurePrice>
      <AllowDiscount>1</AllowDiscount>
      <ItemStatus>1</ItemStatus>
      <ItemId>265689</ItemId>
    </Item>
    <Item>
      <PriceUpdateDate>2015-08-03 12:16:06</PriceUpdateDate>
      <ItemCode>103563</ItemCode>
      <ItemType>0</ItemType>
      <ItemName>שעועית לבנה מבושלת 7</ItemName>
      <ManufacturerName>סנפרוסט בעמ</ManufacturerName>
      <ManufactureCountry>לא ידוע</ManufactureCountry>
      <ManufacturerItemDescription>שעועית לבנה מבושלת 700 גרם</ManufacturerItemDescription>
      <UnitQty>גרמים</UnitQty>
      <Quantity>700.00</Quantity>
      <UnitOfMeasure>100 גרם</UnitOfMeasure>
      <bIsWeighted>0</bIsWeighted>
      <QtyInPackage>1</QtyInPackage>
      <ItemPrice>12.90</ItemPrice>
      <UnitOfMeasurePrice>1.8429</UnitOfMeasurePrice>
      <AllowDiscount>1</AllowDiscount>
      <ItemStatus>1</ItemStatus>
      <ItemId>264751</ItemId>
    </Item>
    <Item>
      <PriceUpdateDate>2015-07-27 14:48:25</PriceUpdateDate>
      <ItemCode>4015400737032</ItemCode>
      <ItemType>0</ItemType>
      <ItemName>פמפרס אקטיב בייביי ש</ItemName>
      <ManufacturerName>פרוקטר</ManufacturerName>
      <ManufactureCountry>לא ידוע</ManufactureCountry>
      <ManufacturerItemDescription>פמפרס אקטיב בייביי שלב 3 108 יח</ManufacturerItemDescription>
      <UnitQty>Unknown </UnitQty>
      <Quantity>0.00</Quantity>
      <UnitOfMeasure>Unknown </UnitOfMeasure>
      <bIsWeighted>0</bIsWeighted>
      <QtyInPackage>1</QtyInPackage>
      <ItemPrice>74.90</ItemPrice>
      <UnitOfMeasurePrice>0.0000</UnitOfMeasurePrice>
      <AllowDiscount>1</AllowDiscount>
      <ItemStatus>1</ItemStatus>
      <ItemId>259805</ItemId>
    </Item>
    <Item>
      <PriceUpdateDate>2015-07-27 14:48:25</PriceUpdateDate>
      <ItemCode>4015400737070</ItemCode>
      <ItemType>0</ItemType>
      <ItemName>פמפרס אקטיב בייביי ש</ItemName>
      <ManufacturerName>פרוקטר</ManufacturerName>
      <ManufactureCountry>לא ידוע</ManufactureCountry>
      <ManufacturerItemDescription>פמפרס אקטיב בייביי שלב 4 90 יח</ManufacturerItemDescription>
      <UnitQty>Unknown </UnitQty>
      <Quantity>0.00</Quantity>
      <UnitOfMeasure>Unknown </UnitOfMeasure>
      <bIsWeighted>0</bIsWeighted>
      <QtyInPackage>1</QtyInPackage>
      <ItemPrice>74.90</ItemPrice>
      <UnitOfMeasurePrice>0.0000</UnitOfMeasurePrice>
      <AllowDiscount>1</AllowDiscount>
      <ItemStatus>1</ItemStatus>
      <ItemId>259806</ItemId>
    </Item>
    <Item>
      <PriceUpdateDate>2015-07-27 14:48:25</PriceUpdateDate>
      <ItemCode>4015400737315</ItemCode>
      <ItemType>0</ItemType>
      <ItemName>פמפרס אקטיב בייביי ש</ItemName>
      <ManufacturerName>פרוקטר</ManufacturerName>
      <ManufactureCountry>לא ידוע</ManufactureCountry>
      <ManufacturerItemDescription>פמפרס אקטיב בייביי שלב 4+ 96</ManufacturerItemDescription>
      <UnitQty>Unknown </UnitQty>
      <Quantity>0.00</Quantity>
      <UnitOfMeasure>Unknown </UnitOfMeasure>
      <bIsWeighted>0</bIsWeighted>
      <QtyInPackage>1</QtyInPackage>
      <ItemPrice>74.90</ItemPrice>
      <UnitOfMeasurePrice>0.0000</UnitOfMeasurePrice>
      <AllowDiscount>1</AllowDiscount>
      <ItemStatus>1</ItemStatus>
      <ItemId>259807</ItemId>
    </Item>
    <Item>
      <PriceUpdateDate>2015-07-27 14:48:25</PriceUpdateDate>
      <ItemCode>4015400737155</ItemCode>
      <ItemType>0</ItemType>
      <ItemName>פמפרס אקטיב בייביי ש</ItemName>
      <ManufacturerName>פרוקטר</ManufacturerName>
      <ManufactureCountry>לא ידוע</ManufactureCountry>
      <ManufacturerItemDescription>פמפרס אקטיב בייביי שלב 6 66 יח</ManufacturerItemDescription>
      <UnitQty>Unknown </UnitQty>
      <Quantity>0.00</Quantity>
      <UnitOfMeasure>Unknown </UnitOfMeasure>
      <bIsWeighted>0</bIsWeighted>
      <QtyInPackage>1</QtyInPackage>
      <ItemPrice>74.90</ItemPrice>
      <UnitOfMeasurePrice>0.0000</UnitOfMeasurePrice>
      <AllowDiscount>1</AllowDiscount>
      <ItemStatus>1</ItemStatus>
      <ItemId>259809</ItemId>
    </Item>
    <Item>
      <PriceUpdateDate>2016-06-09 17:16:01</PriceUpdateDate>
      <ItemCode>7290107936248</ItemCode>
      <ItemType>0</ItemType>
      <ItemName>מעדן מילקי קפוצינו</ItemName>
      <ManufacturerName>שטראוס</ManufacturerName>
      <ManufactureCountry>ישראל</ManufactureCountry>
      <ManufacturerItemDescription>מעדן מילקי קפוצינו</ManufacturerItemDescription>
      <UnitQty>מיליליטרים</UnitQty>
      <Quantity>133.00</Quantity>
      <UnitOfMeasure>100 מ"ל</UnitOfMeasure>
      <bIsWeighted>0</bIsWeighted>
      <QtyInPackage>1</QtyInPackage>
      <ItemPrice>3.50</ItemPrice>
      <UnitOfMeasurePrice>2.6316</UnitOfMeasurePrice>
      <AllowDiscount>1</AllowDiscount>
      <ItemStatus>1</ItemStatus>
      <ItemId>268428</ItemId>
    </Item>
    <Item>
      <PriceUpdateDate>2015-06-03 14:46:01</PriceUpdateDate>
      <ItemCode>7290013531728</ItemCode>
      <ItemType>0</ItemType>
      <ItemName>סירופ מיצמיץ בטעם תפ</ItemName>
      <ManufacturerName>זנלכל</ManufacturerName>
      <ManufactureCountry>לא ידוע</ManufactureCountry>
      <ManufacturerItemDescription>סירופ מיצמיץ בטעם תפו"ע 1 ליטר</ManufacturerItemDescription>
      <UnitQty>ליטרים</UnitQty>
      <Quantity>1.00</Quantity>
      <UnitOfMeasure>ליטר    </UnitOfMeasure>
      <bIsWeighted>0</bIsWeighted>
      <QtyInPackage>1</QtyInPackage>
      <ItemPrice>7.90</ItemPrice>
      <UnitOfMeasurePrice>7.9000</UnitOfMeasurePrice>
      <AllowDiscount>1</AllowDiscount>
      <ItemStatus>1</ItemStatus>
      <ItemId>259817</ItemId>
    </Item>
    <Item>
      <PriceUpdateDate>2015-06-03 14:46:01</PriceUpdateDate>
      <ItemCode>7290013531735</ItemCode>
      <ItemType>0</ItemType>
      <ItemName>סירופ מיצמיץ בטעם אנ</ItemName>
      <ManufacturerName>זנלכל</ManufacturerName>
      <ManufactureCountry>לא ידוע</ManufactureCountry>
      <ManufacturerItemDescription>סירופ מיצמיץ בטעם אננס 1 ליטר</ManufacturerItemDescription>
      <UnitQty>ליטרים</UnitQty>
      <Quantity>1.00</Quantity>
      <UnitOfMeasure>ליטר    </UnitOfMeasure>
      <bIsWeighted>0</bIsWeighted>
      <QtyInPackage>1</QtyInPackage>
      <ItemPrice>7.90</ItemPrice>
      <UnitOfMeasurePrice>7.9000</UnitOfMeasurePrice>
      <AllowDiscount>1</AllowDiscount>
      <ItemStatus>1</ItemStatus>
      <ItemId>259818</ItemId>
    </Item>
    <Item>
      <PriceUpdateDate>2015-10-28 16:01:18</PriceUpdateDate>
      <ItemCode>7290104855351</ItemCode>
      <ItemType>0</ItemType>
      <ItemName>צלחת מרכזית 85 יח</ItemName>
      <ManufacturerName>ב פ תעשיות</ManufacturerName>
      <ManufactureCountry>לא ידוע</ManufactureCountry>
      <ManufacturerItemDescription>צלחת מרכזית 85 יח</ManufacturerItemDescription>
      <UnitQty>Unknown </UnitQty>
      <Quantity>0.00</Quantity>
      <UnitOfMeasure>Unknown </UnitOfMeasure>
      <bIsWeighted>0</bIsWeighted>
      <QtyInPackage>1</QtyInPackage>
      <ItemPrice>19.90</ItemPrice>
      <UnitOfMeasurePrice>0.0000</UnitOfMeasurePrice>
      <AllowDiscount>1</AllowDiscount>
      <ItemStatus>1</ItemStatus>
      <ItemId>265690</ItemId>
    </Item>
    <Item>
      <PriceUpdateDate>2015-06-09 14:46:02</PriceUpdateDate>
      <ItemCode>7290008453905</ItemCode>
      <ItemType>0</ItemType>
      <ItemName>מפות שולחן 6 יח עבה</ItemName>
      <ManufacturerName>,</ManufacturerName>
      <ManufactureCountry>לא ידוע</ManufactureCountry>
      <ManufacturerItemDescription>מפות שולחן 6 יח עבה</ManufacturerItemDescription>
      <UnitQty>Unknown </UnitQty>
      <Quantity>0.00</Quantity>
      <UnitOfMeasure>Unknown </UnitOfMeasure>
      <bIsWeighted>0</bIsWeighted>
      <QtyInPackage>1</QtyInPackage>
      <ItemPrice>9.90</ItemPrice>
      <UnitOfMeasurePrice>0.0000</UnitOfMeasurePrice>
      <AllowDiscount>1</AllowDiscount>
      <ItemStatus>1</ItemStatus>
      <ItemId>259838</ItemId>
    </Item>
    <Item>
      <PriceUpdateDate>2015-06-09 14:46:02</PriceUpdateDate>
      <ItemCode>7290008453882</ItemCode>
      <ItemType>0</ItemType>
      <ItemName>מפות שולחן 8 יח עבה</ItemName>
      <ManufacturerName>,</ManufacturerName>
      <ManufactureCountry>לא ידוע</ManufactureCountry>
      <ManufacturerItemDescription>מפות שולחן 8 יח עבה</ManufacturerItemDescription>
      <UnitQty>Unknown </UnitQty>
      <Quantity>0.00</Quantity>
      <UnitOfMeasure>Unknown </UnitOfMeasure>
      <bIsWeighted>0</bIsWeighted>
      <QtyInPackage>1</QtyInPackage>
      <ItemPrice>9.90</ItemPrice>
      <UnitOfMeasurePrice>0.0000</UnitOfMeasurePrice>
      <AllowDiscount>1</AllowDiscount>
      <ItemStatus>1</ItemStatus>
      <ItemId>259839</ItemId>
    </Item>
    <Item>
      <PriceUpdateDate>2015-11-29 10:21:53</PriceUpdateDate>
      <ItemCode>7290015781091</ItemCode>
      <ItemType>1</ItemType>
      <ItemName>יין ויזן קברנה סובינ</ItemName>
      <ManufacturerName>,</ManufacturerName>
      <ManufactureCountry>לא ידוע</ManufactureCountry>
      <ManufacturerItemDescription>יין קברנה סוביניון 750 מ"ל</ManufacturerItemDescription>
      <UnitQty>מיליליטרים</UnitQty>
      <Quantity>750.00</Quantity>
      <UnitOfMeasure>100 מ"ל</UnitOfMeasure>
      <bIsWeighted>0</bIsWeighted>
      <QtyInPackage>1</QtyInPackage>
      <ItemPrice>29.90</ItemPrice>
      <UnitOfMeasurePrice>3.9867</UnitOfMeasurePrice>
      <AllowDiscount>1</AllowDiscount>
      <ItemStatus>1</ItemStatus>
      <ItemId>264233</ItemId>
    </Item>
    <Item>
      <PriceUpdateDate>2015-11-29 10:21:54</PriceUpdateDate>
      <ItemCode>7290015781008</ItemCode>
      <ItemType>1</ItemType>
      <ItemName>יין ויזן מרלו 750 מ"</ItemName>
      <ManufacturerName>,</ManufacturerName>
      <ManufactureCountry>לא ידוע</ManufactureCountry>
      <ManufacturerItemDescription>יין מרלו 750 מ"ל</ManufacturerItemDescription>
      <UnitQty>מיליליטרים</UnitQty>
      <Quantity>750.00</Quantity>
      <UnitOfMeasure>100 מ"ל</UnitOfMeasure>
      <bIsWeighted>0</bIsWeighted>
      <QtyInPackage>1</QtyInPackage>
      <ItemPrice>29.90</ItemPrice>
      <UnitOfMeasurePrice>3.9867</UnitOfMeasurePrice>
      <AllowDiscount>1</AllowDiscount>
      <ItemStatus>1</ItemStatus>
      <ItemId>264234</ItemId>
    </Item>
    <Item>
      <PriceUpdateDate>2015-11-29 10:21:54</PriceUpdateDate>
      <ItemCode>7290015781015</ItemCode>
      <ItemType>1</ItemType>
      <ItemName>יין ויזן מלבק 750 מ"</ItemName>
      <ManufacturerName>,</ManufacturerName>
      <ManufactureCountry>לא ידוע</ManufactureCountry>
      <ManufacturerItemDescription>יין ויזן מלבק 750 מ"ל</ManufacturerItemDescription>
      <UnitQty>מיליליטרים</UnitQty>
      <Quantity>750.00</Quantity>
      <UnitOfMeasure>100 מ"ל</UnitOfMeasure>
      <bIsWeighted>0</bIsWeighted>
      <QtyInPackage>1</QtyInPackage>
      <ItemPrice>29.90</ItemPrice>
      <UnitOfMeasurePrice>3.9867</UnitOfMeasurePrice>
      <AllowDiscount>1</AllowDiscount>
      <ItemStatus>1</ItemStatus>
      <ItemId>264235</ItemId>
    </Item>
    <Item>
      <PriceUpdateDate>2015-11-29 10:21:54</PriceUpdateDate>
      <ItemCode>7290015781299</ItemCode>
      <ItemType>1</ItemType>
      <ItemName>יין ויזן שיראז 750 מ</ItemName>
      <ManufacturerName>,</ManufacturerName>
      <ManufactureCountry>לא ידוע</ManufactureCountry>
      <ManufacturerItemDescription>יין ויזן שיראז 750 מ"ל</ManufacturerItemDescription>
      <UnitQty>מיליליטרים</UnitQty>
      <Quantity>750.00</Quantity>
      <UnitOfMeasure>100 מ"ל</UnitOfMeasure>
      <bIsWeighted>0</bIsWeighted>
      <QtyInPackage>1</QtyInPackage>
      <ItemPrice>29.90</ItemPrice>
      <UnitOfMeasurePrice>3.9867</UnitOfMeasurePrice>
      <AllowDiscount>1</AllowDiscount>
      <ItemStatus>1</ItemStatus>
      <ItemId>264236</ItemId>
    </Item>
    <Item>
      <PriceUpdateDate>2016-05-01 11:34:52</PriceUpdateDate>
      <ItemCode>29424000373</ItemCode>
      <ItemType>0</ItemType>
      <ItemName>ופל שוקולד 200 גרם ק</ItemName>
      <ManufacturerName>,</ManufacturerName>
      <ManufactureCountry>לא ידוע</ManufactureCountry>
      <ManufacturerItemDescription>ופל שוקולד 200 גרם קלאסיק</ManufacturerItemDescription>
      <UnitQty>גרמים</UnitQty>
      <Quantity>200.00</Quantity>
      <UnitOfMeasure>100 גרם</UnitOfMeasure>
      <bIsWeighted>0</bIsWeighted>
      <QtyInPackage>1</QtyInPackage>
      <ItemPrice>2.90</ItemPrice>
      <UnitOfMeasurePrice>1.4500</UnitOfMeasurePrice>
      <AllowDiscount>1</AllowDiscount>
      <ItemStatus>1</ItemStatus>
      <ItemId>263566</ItemId>
    </Item>
    <Item>
      <PriceUpdateDate>2016-03-16 12:45:58</PriceUpdateDate>
      <ItemCode>2391074</ItemCode>
      <ItemType>0</ItemType>
      <ItemName>פסטרמי בקר 250 גרם</ItemName>
      <ManufacturerName>,</ManufacturerName>
      <ManufactureCountry>לא ידוע</ManufactureCountry>
      <ManufacturerItemDescription>פסטרמי בקר 250 גרם</ManufacturerItemDescription>
      <UnitQty>גרמים</UnitQty>
      <Quantity>250.00</Quantity>
      <UnitOfMeasure>100 גרם</UnitOfMeasure>
      <bIsWeighted>0</bIsWeighted>
      <QtyInPackage>1</QtyInPackage>
      <ItemPrice>39.90</ItemPrice>
      <UnitOfMeasurePrice>15.9600</UnitOfMeasurePrice>
      <AllowDiscount>1</AllowDiscount>
      <ItemStatus>1</ItemStatus>
      <ItemId>263771</ItemId>
    </Item>
    <Item>
      <PriceUpdateDate>2016-03-16 12:45:58</PriceUpdateDate>
      <ItemCode>2391081</ItemCode>
      <ItemType>0</ItemType>
      <ItemName>קורנביף 250 גרם</ItemName>
      <ManufacturerName>,</ManufacturerName>
      <ManufactureCountry>לא ידוע</ManufactureCountry>
      <ManufacturerItemDescription>קורנביף 250 גרם</ManufacturerItemDescription>
      <UnitQty>גרמים</UnitQty>
      <Quantity>250.00</Quantity>
      <UnitOfMeasure>100 גרם</UnitOfMeasure>
      <bIsWeighted>0</bIsWeighted>
      <QtyInPackage>1</QtyInPackage>
      <ItemPrice>39.90</ItemPrice>
      <UnitOfMeasurePrice>15.9600</UnitOfMeasurePrice>
      <AllowDiscount>1</AllowDiscount>
      <ItemStatus>1</ItemStatus>
      <ItemId>263772</ItemId>
    </Item>
    <Item>
      <PriceUpdateDate>2016-03-16 12:45:58</PriceUpdateDate>
      <ItemCode>2391029</ItemCode>
      <ItemType>0</ItemType>
      <ItemName>רוסטביף 250 גרם</ItemName>
      <ManufacturerName>,</ManufacturerName>
      <ManufactureCountry>לא ידוע</ManufactureCountry>
      <ManufacturerItemDescription>רוסטביף 250 גרם</ManufacturerItemDescription>
      <UnitQty>גרמים</UnitQty>
      <Quantity>250.00</Quantity>
      <UnitOfMeasure>100 גרם</UnitOfMeasure>
      <bIsWeighted>0</bIsWeighted>
      <QtyInPackage>1</QtyInPackage>
      <ItemPrice>39.90</ItemPrice>
      <UnitOfMeasurePrice>15.9600</UnitOfMeasurePrice>
      <AllowDiscount>1</AllowDiscount>
      <ItemStatus>1</ItemStatus>
      <ItemId>263773</ItemId>
    </Item>
    <Item>
      <PriceUpdateDate>2016-03-16 12:45:58</PriceUpdateDate>
      <ItemCode>2391104</ItemCode>
      <ItemType>0</ItemType>
      <ItemName>כתף מפולפל 250 גרם</ItemName>
      <ManufacturerName>,</ManufacturerName>
      <ManufactureCountry>לא ידוע</ManufactureCountry>
      <ManufacturerItemDescription>כתף מפולפל 250 גרם</ManufacturerItemDescription>
      <UnitQty>גרמים</UnitQty>
      <Quantity>250.00</Quantity>
      <UnitOfMeasure>100 גרם</UnitOfMeasure>
      <bIsWeighted>0</bIsWeighted>
      <QtyInPackage>1</QtyInPackage>
      <ItemPrice>39.90</ItemPrice>
      <UnitOfMeasurePrice>15.9600</UnitOfMeasurePrice>
      <AllowDiscount>1</AllowDiscount>
      <ItemStatus>1</ItemStatus>
      <ItemId>263775</ItemId>
    </Item>
    <Item>
      <PriceUpdateDate>2015-11-29 10:21:55</PriceUpdateDate>
      <ItemCode>7290015781275</ItemCode>
      <ItemType>1</ItemType>
      <ItemName>יין מוסקטו לבן 750 מ</ItemName>
      <ManufacturerName>,</ManufacturerName>
      <ManufactureCountry>לא ידוע</ManufactureCountry>
      <ManufacturerItemDescription>יין מוסקטו לבן 750 מ"ל</ManufacturerItemDescription>
      <UnitQty>מיליליטרים</UnitQty>
      <Quantity>750.00</Quantity>
      <UnitOfMeasure>100 מ"ל</UnitOfMeasure>
      <bIsWeighted>0</bIsWeighted>
      <QtyInPackage>1</QtyInPackage>
      <ItemPrice>24.90</ItemPrice>
      <UnitOfMeasurePrice>3.3200</UnitOfMeasurePrice>
      <AllowDiscount>1</AllowDiscount>
      <ItemStatus>1</ItemStatus>
      <ItemId>264239</ItemId>
    </Item>
    <Item>
      <PriceUpdateDate>2015-11-29 10:21:55</PriceUpdateDate>
      <ItemCode>7290015781268</ItemCode>
      <ItemType>1</ItemType>
      <ItemName>יין מוסקטו אדום 750</ItemName>
      <ManufacturerName>,</ManufacturerName>
      <ManufactureCountry>לא ידוע</ManufactureCountry>
      <ManufacturerItemDescription>יין מוסקטו אדום 750 מ"ל</ManufacturerItemDescription>
      <UnitQty>מיליליטרים</UnitQty>
      <Quantity>750.00</Quantity>
      <UnitOfMeasure>100 מ"ל</UnitOfMeasure>
      <bIsWeighted>0</bIsWeighted>
      <QtyInPackage>1</QtyInPackage>
      <ItemPrice>24.90</ItemPrice>
      <UnitOfMeasurePrice>3.3200</UnitOfMeasurePrice>
      <AllowDiscount>1</AllowDiscount>
      <ItemStatus>1</ItemStatus>
      <ItemId>264240</ItemId>
    </Item>
    <Item>
      <PriceUpdateDate>2015-11-29 10:21:55</PriceUpdateDate>
      <ItemCode>7290015781121</ItemCode>
      <ItemType>1</ItemType>
      <ItemName>יין אימפרשן קברנה סו</ItemName>
      <ManufacturerName>,</ManufacturerName>
      <ManufactureCountry>לא ידוע</ManufactureCountry>
      <ManufacturerItemDescription>יין אימפרשן קברנה סוביניון 750 מ"ל</ManufacturerItemDescription>
      <UnitQty>מיליליטרים</UnitQty>
      <Quantity>750.00</Quantity>
      <UnitOfMeasure>100 מ"ל</UnitOfMeasure>
      <bIsWeighted>0</bIsWeighted>
      <QtyInPackage>1</QtyInPackage>
      <ItemPrice>39.90</ItemPrice>
      <UnitOfMeasurePrice>5.3200</UnitOfMeasurePrice>
      <AllowDiscount>1</AllowDiscount>
      <ItemStatus>1</ItemStatus>
      <ItemId>264241</ItemId>
    </Item>
    <Item>
      <PriceUpdateDate>2015-11-29 10:21:56</PriceUpdateDate>
      <ItemCode>7290015781114</ItemCode>
      <ItemType>1</ItemType>
      <ItemName>יין אימפרשן מרלו 750</ItemName>
      <ManufacturerName>,</ManufacturerName>
      <ManufactureCountry>לא ידוע</ManufactureCountry>
      <ManufacturerItemDescription>יין אימפרשן מרלו 750 מ"ל</ManufacturerItemDescription>
      <UnitQty>מיליליטרים</UnitQty>
      <Quantity>750.00</Quantity>
      <UnitOfMeasure>100 מ"ל</UnitOfMeasure>
      <bIsWeighted>0</bIsWeighted>
      <QtyInPackage>1</QtyInPackage>
      <ItemPrice>39.90</ItemPrice>
      <UnitOfMeasurePrice>5.3200</UnitOfMeasurePrice>
      <AllowDiscount>1</AllowDiscount>
      <ItemStatus>1</ItemStatus>
      <ItemId>264242</ItemId>
    </Item>
    <Item>
      <PriceUpdateDate>2015-11-29 10:21:56</PriceUpdateDate>
      <ItemCode>7290015781305</ItemCode>
      <ItemType>1</ItemType>
      <ItemName>יין אימפרשן סירה 750</ItemName>
      <ManufacturerName>,</ManufacturerName>
      <ManufactureCountry>לא ידוע</ManufactureCountry>
      <ManufacturerItemDescription>יין אימפרשן סירה 750 מ"ל</ManufacturerItemDescription>
      <UnitQty>מיליליטרים</UnitQty>
      <Quantity>750.00</Quantity>
      <UnitOfMeasure>100 מ"ל</UnitOfMeasure>
      <bIsWeighted>0</bIsWeighted>
      <QtyInPackage>1</QtyInPackage>
      <ItemPrice>39.90</ItemPrice>
      <UnitOfMeasurePrice>5.3200</UnitOfMeasurePrice>
      <AllowDiscount>1</AllowDiscount>
      <ItemStatus>1</ItemStatus>
      <ItemId>264243</ItemId>
    </Item>
    <Item>
      <PriceUpdateDate>2015-11-29 10:21:57</PriceUpdateDate>
      <ItemCode>7290015781107</ItemCode>
      <ItemType>1</ItemType>
      <ItemName>יין אימפרשן סנגובזה</ItemName>
      <ManufacturerName>,</ManufacturerName>
      <ManufactureCountry>לא ידוע</ManufactureCountry>
      <ManufacturerItemDescription>יין אימפרשן סנגובזה 750 מ"ל</ManufacturerItemDescription>
      <UnitQty>מיליליטרים</UnitQty>
      <Quantity>750.00</Quantity>
      <UnitOfMeasure>100 מ"ל</UnitOfMeasure>
      <bIsWeighted>0</bIsWeighted>
      <QtyInPackage>1</QtyInPackage>
      <ItemPrice>39.90</ItemPrice>
      <UnitOfMeasurePrice>5.3200</UnitOfMeasurePrice>
      <AllowDiscount>1</AllowDiscount>
      <ItemStatus>1</ItemStatus>
      <ItemId>264244</ItemId>
    </Item>
    <Item>
      <PriceUpdateDate>2015-11-29 10:21:58</PriceUpdateDate>
      <ItemCode>7290015781169</ItemCode>
      <ItemType>1</ItemType>
      <ItemName>יין אימפרשן אדום חצי</ItemName>
      <ManufacturerName>,</ManufacturerName>
      <ManufactureCountry>לא ידוע</ManufactureCountry>
      <ManufacturerItemDescription>יין אימפרשן אדום חצי יבש 750 מ"ל</ManufacturerItemDescription>
      <UnitQty>מיליליטרים</UnitQty>
      <Quantity>750.00</Quantity>
      <UnitOfMeasure>100 מ"ל</UnitOfMeasure>
      <bIsWeighted>0</bIsWeighted>
      <QtyInPackage>1</QtyInPackage>
      <ItemPrice>39.90</ItemPrice>
      <UnitOfMeasurePrice>5.3200</UnitOfMeasurePrice>
      <AllowDiscount>1</AllowDiscount>
      <ItemStatus>1</ItemStatus>
      <ItemId>264246</ItemId>
    </Item>
    <Item>
      <PriceUpdateDate>2015-06-24 18:31:23</PriceUpdateDate>
      <ItemCode>6112015100072</ItemCode>
      <ItemType>1</ItemType>
      <ItemName>ליפה חבלים</ItemName>
      <ManufacturerName>,</ManufacturerName>
      <ManufactureCountry>לא ידוע</ManufactureCountry>
      <ManufacturerItemDescription>ליפה חבלים</ManufacturerItemDescription>
      <UnitQty>לא מנהל יחידת מידה</UnitQty>
      <Quantity>0.00</Quantity>
      <UnitOfMeasure>לא מנהל יחידת מידה</UnitOfMeasure>
      <bIsWeighted>0</bIsWeighted>
      <QtyInPackage>1</QtyInPackage>
      <ItemPrice>14.90</ItemPrice>
      <UnitOfMeasurePrice>0.0000</UnitOfMeasurePrice>
      <AllowDiscount>1</AllowDiscount>
      <ItemStatus>1</ItemStatus>
      <ItemId>264284</ItemId>
    </Item>
    <Item>
      <PriceUpdateDate>2015-06-25 12:15:57</PriceUpdateDate>
      <ItemCode>408316</ItemCode>
      <ItemType>0</ItemType>
      <ItemName>דנונה ביו 3% 200 מ"ל</ItemName>
      <ManufacturerName>שטראוס</ManufacturerName>
      <ManufactureCountry>ישראל</ManufactureCountry>
      <ManufacturerItemDescription>דנונה ביו 3% 200 מל</ManufacturerItemDescription>
      <UnitQty>גרמים</UnitQty>
      <Quantity>200.00</Quantity>
      <UnitOfMeasure>100 גרם</UnitOfMeasure>
      <bIsWeighted>0</bIsWeighted>
      <QtyInPackage>1</QtyInPackage>
      <ItemPrice>3.40</ItemPrice>
      <UnitOfMeasurePrice>1.7000</UnitOfMeasurePrice>
      <AllowDiscount>1</AllowDiscount>
      <ItemStatus>1</ItemStatus>
      <ItemId>264292</ItemId>
    </Item>
    <Item>
      <PriceUpdateDate>2015-06-25 12:15:57</PriceUpdateDate>
      <ItemCode>2824466</ItemCode>
      <ItemType>0</ItemType>
      <ItemName>דנונה ביו 0% 200 מ"ל</ItemName>
      <ManufacturerName>שטראוס</ManufacturerName>
      <ManufactureCountry>ישראל</ManufactureCountry>
      <ManufacturerItemDescription>דנונה ביו 0% 200 מל</ManufacturerItemDescription>
      <UnitQty>גרמים</UnitQty>
      <Quantity>200.00</Quantity>
      <UnitOfMeasure>100 גרם</UnitOfMeasure>
      <bIsWeighted>0</bIsWeighted>
      <QtyInPackage>1</QtyInPackage>
      <ItemPrice>3.40</ItemPrice>
      <UnitOfMeasurePrice>1.7000</UnitOfMeasurePrice>
      <AllowDiscount>1</AllowDiscount>
      <ItemStatus>1</ItemStatus>
      <ItemId>264293</ItemId>
    </Item>
    <Item>
      <PriceUpdateDate>2015-06-25 18:31:01</PriceUpdateDate>
      <ItemCode>7290012849961</ItemCode>
      <ItemType>1</ItemType>
      <ItemName>דייסה קורנפלור 200 ג</ItemName>
      <ManufacturerName>אשבל</ManufacturerName>
      <ManufactureCountry>לא ידוע</ManufactureCountry>
      <ManufacturerItemDescription>דייסה קורנפלור 200 גרם</ManufacturerItemDescription>
      <UnitQty>גרמים</UnitQty>
      <Quantity>200.00</Quantity>
      <UnitOfMeasure>100 גרם</UnitOfMeasure>
      <bIsWeighted>0</bIsWeighted>
      <QtyInPackage>1</QtyInPackage>
      <ItemPrice>9.90</ItemPrice>
      <UnitOfMeasurePrice>4.9500</UnitOfMeasurePrice>
      <AllowDiscount>1</AllowDiscount>
      <ItemStatus>1</ItemStatus>
      <ItemId>264303</ItemId>
    </Item>
    <Item>
      <PriceUpdateDate>2015-11-10 11:29:19</PriceUpdateDate>
      <ItemCode>7290014434950</ItemCode>
      <ItemType>1</ItemType>
      <ItemName>סוכריות על מקל 100 י</ItemName>
      <ManufacturerName>קונפרטיז פי אנד די</ManufacturerName>
      <ManufactureCountry>לא ידוע</ManufactureCountry>
      <ManufacturerItemDescription>מארז סוכריות גלי פרילדה 350 גרם</ManufacturerItemDescription>
      <UnitQty>גרמים</UnitQty>
      <Quantity>600.00</Quantity>
      <UnitOfMeasure>100 גרם</UnitOfMeasure>
      <bIsWeighted>0</bIsWeighted>
      <QtyInPackage>1</QtyInPackage>
      <ItemPrice>19.90</ItemPrice>
      <UnitOfMeasurePrice>3.3167</UnitOfMeasurePrice>
      <AllowDiscount>1</AllowDiscount>
      <ItemStatus>1</ItemStatus>
      <ItemId>265808</ItemId>
    </Item>
    <Item>
      <PriceUpdateDate>2015-06-25 19:45:57</PriceUpdateDate>
      <ItemCode>835811001775</ItemCode>
      <ItemType>1</ItemType>
      <ItemName>זוג כפות הגשה מפלסטי</ItemName>
      <ManufacturerName>,</ManufacturerName>
      <ManufactureCountry>לא ידוע</ManufactureCountry>
      <ManufacturerItemDescription>זוג כפות הגשה מפלסטיק שקוף</ManufacturerItemDescription>
      <UnitQty>Unknown </UnitQty>
      <Quantity>0.00</Quantity>
      <UnitOfMeasure>Unknown </UnitOfMeasure>
      <bIsWeighted>0</bIsWeighted>
      <QtyInPackage>1</QtyInPackage>
      <ItemPrice>2.90</ItemPrice>
      <UnitOfMeasurePrice>0.0000</UnitOfMeasurePrice>
      <AllowDiscount>1</AllowDiscount>
      <ItemStatus>1</ItemStatus>
      <ItemId>264309</ItemId>
    </Item>
    <Item>
      <PriceUpdateDate>2015-06-25 19:45:57</PriceUpdateDate>
      <ItemCode>835811001768</ItemCode>
      <ItemType>1</ItemType>
      <ItemName>זוג מזלגות הגשה מפלס</ItemName>
      <ManufacturerName>,</ManufacturerName>
      <ManufactureCountry>לא ידוע</ManufactureCountry>
      <ManufacturerItemDescription>זוג מזלגות הגשה מפלסטיק לבן</ManufacturerItemDescription>
      <UnitQty>Unknown </UnitQty>
      <Quantity>0.00</Quantity>
      <UnitOfMeasure>Unknown </UnitOfMeasure>
      <bIsWeighted>0</bIsWeighted>
      <QtyInPackage>1</QtyInPackage>
      <ItemPrice>2.90</ItemPrice>
      <UnitOfMeasurePrice>0.0000</UnitOfMeasurePrice>
      <AllowDiscount>1</AllowDiscount>
      <ItemStatus>1</ItemStatus>
      <ItemId>264310</ItemId>
    </Item>
    <Item>
      <PriceUpdateDate>2015-06-25 19:45:57</PriceUpdateDate>
      <ItemCode>835811001751</ItemCode>
      <ItemType>1</ItemType>
      <ItemName>זוג כפות הגשה מפלסטי</ItemName>
      <ManufacturerName>,</ManufacturerName>
      <ManufactureCountry>לא ידוע</ManufactureCountry>
      <ManufacturerItemDescription>זוג כפות הגשה מפלסטיק לבן</ManufacturerItemDescription>
      <UnitQty>Unknown </UnitQty>
      <Quantity>0.00</Quantity>
      <UnitOfMeasure>Unknown </UnitOfMeasure>
      <bIsWeighted>0</bIsWeighted>
      <QtyInPackage>1</QtyInPackage>
      <ItemPrice>2.90</ItemPrice>
      <UnitOfMeasurePrice>0.0000</UnitOfMeasurePrice>
      <AllowDiscount>1</AllowDiscount>
      <ItemStatus>1</ItemStatus>
      <ItemId>264311</ItemId>
    </Item>
    <Item>
      <PriceUpdateDate>2015-06-29 10:10:45</PriceUpdateDate>
      <ItemCode>4645205</ItemCode>
      <ItemType>0</ItemType>
      <ItemName>אמנון שלם נקי</ItemName>
      <ManufacturerName>,</ManufacturerName>
      <ManufactureCountry>לא ידוע</ManufactureCountry>
      <ManufacturerItemDescription>אמנון שלם נקי</ManufacturerItemDescription>
      <UnitQty>קילוגרמים</UnitQty>
      <Quantity>1.00</Quantity>
      <UnitOfMeasure>ק"ג</UnitOfMeasure>
      <bIsWeighted>1</bIsWeighted>
      <QtyInPackage>לא ידוע</QtyInPackage>
      <ItemPrice>34.90</ItemPrice>
      <UnitOfMeasurePrice>34.9000</UnitOfMeasurePrice>
      <AllowDiscount>1</AllowDiscount>
      <ItemStatus>1</ItemStatus>
      <ItemId>264354</ItemId>
    </Item>
    <Item>
      <PriceUpdateDate>2015-06-29 12:15:57</PriceUpdateDate>
      <ItemCode>7290102397181</ItemCode>
      <ItemType>0</ItemType>
      <ItemName>משקה יוגורט תות בננה</ItemName>
      <ManufacturerName>טרה</ManufacturerName>
      <ManufactureCountry>ישראל</ManufactureCountry>
      <ManufacturerItemDescription>משקה יוגורט תות בננה 750 מל</ManufacturerItemDescription>
      <UnitQty>גרמים</UnitQty>
      <Quantity>750.00</Quantity>
      <UnitOfMeasure>100 גרם</UnitOfMeasure>
      <bIsWeighted>0</bIsWeighted>
      <QtyInPackage>1</QtyInPackage>
      <ItemPrice>9.90</ItemPrice>
      <UnitOfMeasurePrice>1.3200</UnitOfMeasurePrice>
      <AllowDiscount>1</AllowDiscount>
      <ItemStatus>1</ItemStatus>
      <ItemId>264363</ItemId>
    </Item>
    <Item>
      <PriceUpdateDate>2015-06-29 12:40:43</PriceUpdateDate>
      <ItemCode>2787822</ItemCode>
      <ItemType>0</ItemType>
      <ItemName>גבינת גאודה עלמה 400</ItemName>
      <ManufacturerName>היינץ</ManufacturerName>
      <ManufactureCountry>לא ידוע</ManufactureCountry>
      <ManufacturerItemDescription>גבינת גאודה עלמה 400 גרם</ManufacturerItemDescription>
      <UnitQty>גרמים</UnitQty>
      <Quantity>400.00</Quantity>
      <UnitOfMeasure>100 גרם</UnitOfMeasure>
      <bIsWeighted>0</bIsWeighted>
      <QtyInPackage>1</QtyInPackage>
      <ItemPrice>14.80</ItemPrice>
      <UnitOfMeasurePrice>3.7000</UnitOfMeasurePrice>
      <AllowDiscount>1</AllowDiscount>
      <ItemStatus>1</ItemStatus>
      <ItemId>264374</ItemId>
    </Item>
    <Item>
      <PriceUpdateDate>2015-06-29 14:20:43</PriceUpdateDate>
      <ItemCode>196794</ItemCode>
      <ItemType>0</ItemType>
      <ItemName>נייר טואלט שמורת טבע</ItemName>
      <ManufacturerName>חוגלה קימברלי</ManufacturerName>
      <ManufactureCountry>לא ידוע</ManufactureCountry>
      <ManufacturerItemDescription>נ. טואלט שמורת טבע 30 גליל</ManufacturerItemDescription>
      <UnitQty>גרמים</UnitQty>
      <Quantity>3231.00</Quantity>
      <UnitOfMeasure>100 גרם</UnitOfMeasure>
      <bIsWeighted>0</bIsWeighted>
      <QtyInPackage>1</QtyInPackage>
      <ItemPrice>16.90</ItemPrice>
      <UnitOfMeasurePrice>0.5231</UnitOfMeasurePrice>
      <AllowDiscount>1</AllowDiscount>
      <ItemStatus>1</ItemStatus>
      <ItemId>264393</ItemId>
    </Item>
    <Item>
      <PriceUpdateDate>2016-07-14 08:17:35</PriceUpdateDate>
      <ItemCode>7290015150361</ItemCode>
      <ItemType>0</ItemType>
      <ItemName>תה ירוק נענע סטיביה</ItemName>
      <ManufacturerName>ויסוצקי</ManufacturerName>
      <ManufactureCountry>ישראל</ManufactureCountry>
      <ManufacturerItemDescription>תה ירוק נענע סטיביה 25 שקיקים</ManufacturerItemDescription>
      <UnitQty>גרמים</UnitQty>
      <Quantity>38.00</Quantity>
      <UnitOfMeasure>100 גרם</UnitOfMeasure>
      <bIsWeighted>0</bIsWeighted>
      <QtyInPackage>1</QtyInPackage>
      <ItemPrice>21.50</ItemPrice>
      <UnitOfMeasurePrice>56.5789</UnitOfMeasurePrice>
      <AllowDiscount>1</AllowDiscount>
      <ItemStatus>1</ItemStatus>
      <ItemId>264501</ItemId>
    </Item>
    <Item>
      <PriceUpdateDate>2015-07-02 11:50:45</PriceUpdateDate>
      <ItemCode>7290106662384</ItemCode>
      <ItemType>0</ItemType>
      <ItemName>בונבוניירה איחולים מ</ItemName>
      <ManufacturerName>עלית</ManufacturerName>
      <ManufactureCountry>לא ידוע</ManufactureCountry>
      <ManufacturerItemDescription>בונבוניירה איחולים מתוקים 42 גרם מגדים</ManufacturerItemDescription>
      <UnitQty>גרמים</UnitQty>
      <Quantity>42.00</Quantity>
      <UnitOfMeasure>100 גרם</UnitOfMeasure>
      <bIsWeighted>0</bIsWeighted>
      <QtyInPackage>1</QtyInPackage>
      <ItemPrice>7.90</ItemPrice>
      <UnitOfMeasurePrice>18.8095</UnitOfMeasurePrice>
      <AllowDiscount>1</AllowDiscount>
      <ItemStatus>1</ItemStatus>
      <ItemId>264505</ItemId>
    </Item>
    <Item>
      <PriceUpdateDate>2015-07-07 10:35:59</PriceUpdateDate>
      <ItemCode>7290014760141</ItemCode>
      <ItemType>0</ItemType>
      <ItemName>משקה שקדים טרי 1 ליט</ItemName>
      <ManufacturerName>סוי מגיק</ManufacturerName>
      <ManufactureCountry>ישראל</ManufactureCountry>
      <ManufacturerItemDescription>משקה שקדים טרי 1 ליטר</ManufacturerItemDescription>
      <UnitQty>ליטרים</UnitQty>
      <Quantity>1.00</Quantity>
      <UnitOfMeasure>ליטר    </UnitOfMeasure>
      <bIsWeighted>0</bIsWeighted>
      <QtyInPackage>1</QtyInPackage>
      <ItemPrice>8.90</ItemPrice>
      <UnitOfMeasurePrice>8.9000</UnitOfMeasurePrice>
      <AllowDiscount>1</AllowDiscount>
      <ItemStatus>1</ItemStatus>
      <ItemId>264518</ItemId>
    </Item>
    <Item>
      <PriceUpdateDate>2015-07-01 13:05:43</PriceUpdateDate>
      <ItemCode>7290107970020</ItemCode>
      <ItemType>1</ItemType>
      <ItemName>מארז אגקס חלונות 3*7</ItemName>
      <ManufacturerName>,</ManufacturerName>
      <ManufactureCountry>לא ידוע</ManufactureCountry>
      <ManufacturerItemDescription>מארז אגקס שלישיית חלונות 2.25 ליטר</ManufacturerItemDescription>
      <UnitQty>ליטרים</UnitQty>
      <Quantity>2.25</Quantity>
      <UnitOfMeasure>ליטר    </UnitOfMeasure>
      <bIsWeighted>0</bIsWeighted>
      <QtyInPackage>1</QtyInPackage>
      <ItemPrice>24.90</ItemPrice>
      <UnitOfMeasurePrice>11.0667</UnitOfMeasurePrice>
      <AllowDiscount>1</AllowDiscount>
      <ItemStatus>1</ItemStatus>
      <ItemId>264498</ItemId>
    </Item>
    <Item>
      <PriceUpdateDate>2016-02-05 07:19:29</PriceUpdateDate>
      <ItemCode>7290013358929</ItemCode>
      <ItemType>0</ItemType>
      <ItemName>קראנצוס ציפס טבעי 45</ItemName>
      <ManufacturerName>FLAPER S A APERITIVO</ManufacturerName>
      <ManufactureCountry>ספרד</ManufactureCountry>
      <ManufacturerItemDescription>קראנצוס ציפס טבעי 45 גרם</ManufacturerItemDescription>
      <UnitQty>גרמים</UnitQty>
      <Quantity>45.00</Quantity>
      <UnitOfMeasure>100 גרם</UnitOfMeasure>
      <bIsWeighted>0</bIsWeighted>
      <QtyInPackage>1</QtyInPackage>
      <ItemPrice>1.90</ItemPrice>
      <UnitOfMeasurePrice>4.2222</UnitOfMeasurePrice>
      <AllowDiscount>1</AllowDiscount>
      <ItemStatus>1</ItemStatus>
      <ItemId>264512</ItemId>
    </Item>
    <Item>
      <PriceUpdateDate>2016-02-05 07:19:37</PriceUpdateDate>
      <ItemCode>7290013358936</ItemCode>
      <ItemType>0</ItemType>
      <ItemName>קראנצוס ציפס גלי 45</ItemName>
      <ManufacturerName>FLAPER S A APERITIVO</ManufacturerName>
      <ManufactureCountry>ספרד</ManufactureCountry>
      <ManufacturerItemDescription>קראנצוס ציפס גלי 45 גרם</ManufacturerItemDescription>
      <UnitQty>גרמים</UnitQty>
      <Quantity>45.00</Quantity>
      <UnitOfMeasure>100 גרם</UnitOfMeasure>
      <bIsWeighted>0</bIsWeighted>
      <QtyInPackage>1</QtyInPackage>
      <ItemPrice>1.90</ItemPrice>
      <UnitOfMeasurePrice>4.2222</UnitOfMeasurePrice>
      <AllowDiscount>1</AllowDiscount>
      <ItemStatus>1</ItemStatus>
      <ItemId>264513</ItemId>
    </Item>
    <Item>
      <PriceUpdateDate>2015-07-06 11:25:44</PriceUpdateDate>
      <ItemCode>25675705654</ItemCode>
      <ItemType>1</ItemType>
      <ItemName>בצל מטוגן פריך 400 ג</ItemName>
      <ManufacturerName>,</ManufacturerName>
      <ManufactureCountry>לא ידוע</ManufactureCountry>
      <ManufacturerItemDescription>בצל מטוגן פריך 400 גרם</ManufacturerItemDescription>
      <UnitQty>גרמים</UnitQty>
      <Quantity>400.00</Quantity>
      <UnitOfMeasure>100 גרם</UnitOfMeasure>
      <bIsWeighted>0</bIsWeighted>
      <QtyInPackage>1</QtyInPackage>
      <ItemPrice>11.90</ItemPrice>
      <UnitOfMeasurePrice>2.9750</UnitOfMeasurePrice>
      <AllowDiscount>1</AllowDiscount>
      <ItemStatus>1</ItemStatus>
      <ItemId>264516</ItemId>
    </Item>
    <Item>
      <PriceUpdateDate>2015-07-12 14:45:58</PriceUpdateDate>
      <ItemCode>7290013358424</ItemCode>
      <ItemType>0</ItemType>
      <ItemName>רוטב סויה בהירה 500</ItemName>
      <ManufacturerName>קי אר אס ספייסי פוד</ManufacturerName>
      <ManufactureCountry>לא ידוע</ManufactureCountry>
      <ManufacturerItemDescription>רוטב סויה בהירה 300 מ"ל מאסטר שף</ManufacturerItemDescription>
      <UnitQty>גרמים</UnitQty>
      <Quantity>500.00</Quantity>
      <UnitOfMeasure>100 גרם</UnitOfMeasure>
      <bIsWeighted>0</bIsWeighted>
      <QtyInPackage>1</QtyInPackage>
      <ItemPrice>9.90</ItemPrice>
      <UnitOfMeasurePrice>1.9800</UnitOfMeasurePrice>
      <AllowDiscount>1</AllowDiscount>
      <ItemStatus>1</ItemStatus>
      <ItemId>264589</ItemId>
    </Item>
    <Item>
      <PriceUpdateDate>2015-07-22 08:19:54</PriceUpdateDate>
      <ItemCode>7290108350531</ItemCode>
      <ItemType>0</ItemType>
      <ItemName>נוזל כלים ספארק+משאב</ItemName>
      <ManufacturerName>סנו</ManufacturerName>
      <ManufactureCountry>לא ידוע</ManufactureCountry>
      <ManufacturerItemDescription>נוזל כלים סנו ספארק קלאסי משאבה 1 ליטר</ManufacturerItemDescription>
      <UnitQty>ליטרים</UnitQty>
      <Quantity>1.00</Quantity>
      <UnitOfMeasure>ליטר    </UnitOfMeasure>
      <bIsWeighted>0</bIsWeighted>
      <QtyInPackage>1</QtyInPackage>
      <ItemPrice>7.90</ItemPrice>
      <UnitOfMeasurePrice>7.9000</UnitOfMeasurePrice>
      <AllowDiscount>1</AllowDiscount>
      <ItemStatus>1</ItemStatus>
      <ItemId>264530</ItemId>
    </Item>
    <Item>
      <PriceUpdateDate>2015-07-22 08:19:54</PriceUpdateDate>
      <ItemCode>7290108350548</ItemCode>
      <ItemType>0</ItemType>
      <ItemName>נוזל כלים ספארק+משאב</ItemName>
      <ManufacturerName>סנו</ManufacturerName>
      <ManufactureCountry>לא ידוע</ManufactureCountry>
      <ManufacturerItemDescription>נוזל כלים סנו ספארק לבנדר משאבה 1 ליטר</ManufacturerItemDescription>
      <UnitQty>ליטרים</UnitQty>
      <Quantity>1.00</Quantity>
      <UnitOfMeasure>ליטר    </UnitOfMeasure>
      <bIsWeighted>0</bIsWeighted>
      <QtyInPackage>1</QtyInPackage>
      <ItemPrice>7.90</ItemPrice>
      <UnitOfMeasurePrice>7.9000</UnitOfMeasurePrice>
      <AllowDiscount>1</AllowDiscount>
      <ItemStatus>1</ItemStatus>
      <ItemId>264531</ItemId>
    </Item>
    <Item>
      <PriceUpdateDate>2015-07-22 08:19:54</PriceUpdateDate>
      <ItemCode>7290108350555</ItemCode>
      <ItemType>0</ItemType>
      <ItemName>נוזל כלים ספארק+משאב</ItemName>
      <ManufacturerName>סנו</ManufacturerName>
      <ManufactureCountry>לא ידוע</ManufactureCountry>
      <ManufacturerItemDescription>נוזל כלים סנו ספארק שקד משאבה 1 ליטר</ManufacturerItemDescription>
      <UnitQty>ליטרים</UnitQty>
      <Quantity>1.00</Quantity>
      <UnitOfMeasure>ליטר    </UnitOfMeasure>
      <bIsWeighted>0</bIsWeighted>
      <QtyInPackage>1</QtyInPackage>
      <ItemPrice>7.90</ItemPrice>
      <UnitOfMeasurePrice>7.9000</UnitOfMeasurePrice>
      <AllowDiscount>1</AllowDiscount>
      <ItemStatus>1</ItemStatus>
      <ItemId>264532</ItemId>
    </Item>
    <Item>
      <PriceUpdateDate>2015-07-08 16:25:45</PriceUpdateDate>
      <ItemCode>7290015097314</ItemCode>
      <ItemType>1</ItemType>
      <ItemName>קמח לבן מנופה 2.2 ק"</ItemName>
      <ManufacturerName>,</ManufacturerName>
      <ManufactureCountry>לא ידוע</ManufactureCountry>
      <ManufacturerItemDescription>קמח לבן מנופה 2.2 ק"ג</ManufacturerItemDescription>
      <UnitQty>קילוגרמים</UnitQty>
      <Quantity>2.20</Quantity>
      <UnitOfMeasure>ק"ג     </UnitOfMeasure>
      <bIsWeighted>0</bIsWeighted>
      <QtyInPackage>1</QtyInPackage>
      <ItemPrice>15.90</ItemPrice>
      <UnitOfMeasurePrice>7.2273</UnitOfMeasurePrice>
      <AllowDiscount>1</AllowDiscount>
      <ItemStatus>1</ItemStatus>
      <ItemId>264528</ItemId>
    </Item>
    <Item>
      <PriceUpdateDate>2015-07-08 16:50:43</PriceUpdateDate>
      <ItemCode>8693495042192</ItemCode>
      <ItemType>0</ItemType>
      <ItemName>מארז סבון מוצק פלמול</ItemName>
      <ManufacturerName>קולגייט פלמוליב</ManufacturerName>
      <ManufactureCountry>לא ידוע</ManufactureCountry>
      <ManufacturerItemDescription>מארז סבון מוצק פלמוליב קוקוס רביעיות</ManufacturerItemDescription>
      <UnitQty>גרמים</UnitQty>
      <Quantity>400.00</Quantity>
      <UnitOfMeasure>100 גרם</UnitOfMeasure>
      <bIsWeighted>0</bIsWeighted>
      <QtyInPackage>1</QtyInPackage>
      <ItemPrice>11.90</ItemPrice>
      <UnitOfMeasurePrice>2.9750</UnitOfMeasurePrice>
      <AllowDiscount>1</AllowDiscount>
      <ItemStatus>1</ItemStatus>
      <ItemId>264529</ItemId>
    </Item>
    <Item>
      <PriceUpdateDate>2015-07-21 08:46:27</PriceUpdateDate>
      <ItemCode>7290101869733</ItemCode>
      <ItemType>1</ItemType>
      <ItemName>פיניש גל למדיח לימון</ItemName>
      <ManufacturerName>,</ManufacturerName>
      <ManufactureCountry>לא ידוע</ManufactureCountry>
      <ManufacturerItemDescription>פיניש גל למדיח לימון  1 ליטר AIO</ManufacturerItemDescription>
      <UnitQty>ליטרים</UnitQty>
      <Quantity>1.00</Quantity>
      <UnitOfMeasure>ליטר    </UnitOfMeasure>
      <bIsWeighted>0</bIsWeighted>
      <QtyInPackage>1</QtyInPackage>
      <ItemPrice>29.90</ItemPrice>
      <UnitOfMeasurePrice>29.9000</UnitOfMeasurePrice>
      <AllowDiscount>1</AllowDiscount>
      <ItemStatus>1</ItemStatus>
      <ItemId>264561</ItemId>
    </Item>
    <Item>
      <PriceUpdateDate>2015-07-09 17:16:00</PriceUpdateDate>
      <ItemCode>191225</ItemCode>
      <ItemType>0</ItemType>
      <ItemName>חיתולי האגיס ליטל בי</ItemName>
      <ManufacturerName>חוגלה קימברלי</ManufacturerName>
      <ManufactureCountry>ישראל</ManufactureCountry>
      <ManufacturerItemDescription>חיתולי האגיס ליטל בייביס שלב 2</ManufacturerItemDescription>
      <UnitQty>Unknown </UnitQty>
      <Quantity>0.00</Quantity>
      <UnitOfMeasure>Unknown </UnitOfMeasure>
      <bIsWeighted>0</bIsWeighted>
      <QtyInPackage>1</QtyInPackage>
      <ItemPrice>34.90</ItemPrice>
      <UnitOfMeasurePrice>0.0000</UnitOfMeasurePrice>
      <AllowDiscount>1</AllowDiscount>
      <ItemStatus>1</ItemStatus>
      <ItemId>264574</ItemId>
    </Item>
    <Item>
      <PriceUpdateDate>2016-02-02 08:37:49</PriceUpdateDate>
      <ItemCode>204314</ItemCode>
      <ItemType>0</ItemType>
      <ItemName>טיטולים אריזת חסכון</ItemName>
      <ManufacturerName>,</ManufacturerName>
      <ManufactureCountry>לא ידוע</ManufactureCountry>
      <ManufacturerItemDescription>טיטולים אריזת חסכון מידה 2</ManufacturerItemDescription>
      <UnitQty>Unknown </UnitQty>
      <Quantity>0.00</Quantity>
      <UnitOfMeasure>Unknown </UnitOfMeasure>
      <bIsWeighted>0</bIsWeighted>
      <QtyInPackage>1</QtyInPackage>
      <ItemPrice>34.90</ItemPrice>
      <UnitOfMeasurePrice>0.0000</UnitOfMeasurePrice>
      <AllowDiscount>1</AllowDiscount>
      <ItemStatus>1</ItemStatus>
      <ItemId>264575</ItemId>
    </Item>
    <Item>
      <PriceUpdateDate>2015-07-12 14:45:58</PriceUpdateDate>
      <ItemCode>7290013358530</ItemCode>
      <ItemType>0</ItemType>
      <ItemName>רוטב צילי מתוק 700 מ</ItemName>
      <ManufacturerName>קי אר אס ספייסי פוד</ManufacturerName>
      <ManufactureCountry>לא ידוע</ManufactureCountry>
      <ManufacturerItemDescription>רוטב צילי מתוק 700 מ"ל מאסטר שף</ManufacturerItemDescription>
      <UnitQty>גרמים</UnitQty>
      <Quantity>700.00</Quantity>
      <UnitOfMeasure>100 גרם</UnitOfMeasure>
      <bIsWeighted>0</bIsWeighted>
      <QtyInPackage>1</QtyInPackage>
      <ItemPrice>9.90</ItemPrice>
      <UnitOfMeasurePrice>1.4143</UnitOfMeasurePrice>
      <AllowDiscount>1</AllowDiscount>
      <ItemStatus>1</ItemStatus>
      <ItemId>264590</ItemId>
    </Item>
    <Item>
      <PriceUpdateDate>2015-07-12 14:45:58</PriceUpdateDate>
      <ItemCode>7290013358547</ItemCode>
      <ItemType>0</ItemType>
      <ItemName>רוטב צילי חריף 700 מ</ItemName>
      <ManufacturerName>קי אר אס ספייסי פוד</ManufacturerName>
      <ManufactureCountry>תאילנד</ManufactureCountry>
      <ManufacturerItemDescription>רוטב צילי חריף 700 מ"ל מאסטר שף</ManufacturerItemDescription>
      <UnitQty>גרמים</UnitQty>
      <Quantity>700.00</Quantity>
      <UnitOfMeasure>100 גרם</UnitOfMeasure>
      <bIsWeighted>0</bIsWeighted>
      <QtyInPackage>1</QtyInPackage>
      <ItemPrice>9.90</ItemPrice>
      <UnitOfMeasurePrice>1.4143</UnitOfMeasurePrice>
      <AllowDiscount>1</AllowDiscount>
      <ItemStatus>1</ItemStatus>
      <ItemId>264591</ItemId>
    </Item>
    <Item>
      <PriceUpdateDate>2016-06-13 11:17:23</PriceUpdateDate>
      <ItemCode>7290015872133</ItemCode>
      <ItemType>0</ItemType>
      <ItemName>סלמון מעושן 150 גרם</ItemName>
      <ManufacturerName>סלטי שמיר 2006 בעמ</ManufacturerName>
      <ManufactureCountry>לא ידוע</ManufactureCountry>
      <ManufacturerItemDescription>סלמון מעושן 150 גרם</ManufacturerItemDescription>
      <UnitQty>גרמים</UnitQty>
      <Quantity>150.00</Quantity>
      <UnitOfMeasure>100 גרם</UnitOfMeasure>
      <bIsWeighted>0</bIsWeighted>
      <QtyInPackage>1</QtyInPackage>
      <ItemPrice>24.90</ItemPrice>
      <UnitOfMeasurePrice>16.6000</UnitOfMeasurePrice>
      <AllowDiscount>1</AllowDiscount>
      <ItemStatus>1</ItemStatus>
      <ItemId>264597</ItemId>
    </Item>
    <Item>
      <PriceUpdateDate>2015-07-15 15:00:38</PriceUpdateDate>
      <ItemCode>7290015642187</ItemCode>
      <ItemType>0</ItemType>
      <ItemName>חציל בטחינה 400 גרם</ItemName>
      <ManufacturerName>מעדני מיקי תעשיות מז</ManufacturerName>
      <ManufactureCountry>ישראל</ManufactureCountry>
      <ManufacturerItemDescription>חציל בטחינה 400 גרם</ManufacturerItemDescription>
      <UnitQty>גרמים</UnitQty>
      <Quantity>400.00</Quantity>
      <UnitOfMeasure>100 גרם</UnitOfMeasure>
      <bIsWeighted>0</bIsWeighted>
      <QtyInPackage>1</QtyInPackage>
      <ItemPrice>6.90</ItemPrice>
      <UnitOfMeasurePrice>1.7250</UnitOfMeasurePrice>
      <AllowDiscount>1</AllowDiscount>
      <ItemStatus>1</ItemStatus>
      <ItemId>264626</ItemId>
    </Item>
    <Item>
      <PriceUpdateDate>2015-07-15 15:00:38</PriceUpdateDate>
      <ItemCode>7290015642163</ItemCode>
      <ItemType>0</ItemType>
      <ItemName>סלט תפו"א 400 גרם</ItemName>
      <ManufacturerName>מעדני מיקי תעשיות מז</ManufacturerName>
      <ManufactureCountry>ישראל</ManufactureCountry>
      <ManufacturerItemDescription>סלט תפוא 400 גרם</ManufacturerItemDescription>
      <UnitQty>גרמים</UnitQty>
      <Quantity>400.00</Quantity>
      <UnitOfMeasure>100 גרם</UnitOfMeasure>
      <bIsWeighted>0</bIsWeighted>
      <QtyInPackage>1</QtyInPackage>
      <ItemPrice>6.90</ItemPrice>
      <UnitOfMeasurePrice>1.7250</UnitOfMeasurePrice>
      <AllowDiscount>1</AllowDiscount>
      <ItemStatus>1</ItemStatus>
      <ItemId>264627</ItemId>
    </Item>
    <Item>
      <PriceUpdateDate>2015-07-21 13:55:45</PriceUpdateDate>
      <ItemCode>7290106725775</ItemCode>
      <ItemType>0</ItemType>
      <ItemName>קפה נמס 200 גרם + ספ</ItemName>
      <ManufacturerName>עלית</ManufacturerName>
      <ManufactureCountry>ישראל</ManufactureCountry>
      <ManufacturerItemDescription>קפה נמס 200 גרם + ספל</ManufacturerItemDescription>
      <UnitQty>גרמים</UnitQty>
      <Quantity>200.00</Quantity>
      <UnitOfMeasure>100 גרם</UnitOfMeasure>
      <bIsWeighted>0</bIsWeighted>
      <QtyInPackage>1</QtyInPackage>
      <ItemPrice>19.90</ItemPrice>
      <UnitOfMeasurePrice>9.9500</UnitOfMeasurePrice>
      <AllowDiscount>1</AllowDiscount>
      <ItemStatus>1</ItemStatus>
      <ItemId>264652</ItemId>
    </Item>
    <Item>
      <PriceUpdateDate>2015-07-21 18:05:44</PriceUpdateDate>
      <ItemCode>7290013585462</ItemCode>
      <ItemType>0</ItemType>
      <ItemName>קוקה קולה זירו 2 ליט</ItemName>
      <ManufacturerName>קוקה קולה</ManufacturerName>
      <ManufactureCountry>ישראל</ManufactureCountry>
      <ManufacturerItemDescription>קוקה קולה זירו 2 ליטר שישייה</ManufacturerItemDescription>
      <UnitQty>ליטרים</UnitQty>
      <Quantity>12.00</Quantity>
      <UnitOfMeasure>ליטר    </UnitOfMeasure>
      <bIsWeighted>0</bIsWeighted>
      <QtyInPackage>6</QtyInPackage>
      <ItemPrice>39.90</ItemPrice>
      <UnitOfMeasurePrice>3.3250</UnitOfMeasurePrice>
      <AllowDiscount>1</AllowDiscount>
      <ItemStatus>1</ItemStatus>
      <ItemId>264653</ItemId>
    </Item>
    <Item>
      <PriceUpdateDate>2015-08-20 11:31:27</PriceUpdateDate>
      <ItemCode>7290013195203</ItemCode>
      <ItemType>0</ItemType>
      <ItemName>קרפיון טחון 500 גרם</ItemName>
      <ManufacturerName>,</ManufacturerName>
      <ManufactureCountry>לא ידוע</ManufactureCountry>
      <ManufacturerItemDescription>קרפיון טחון 500 גרם</ManufacturerItemDescription>
      <UnitQty>גרמים</UnitQty>
      <Quantity>500.00</Quantity>
      <UnitOfMeasure>100 גרם</UnitOfMeasure>
      <bIsWeighted>0</bIsWeighted>
      <QtyInPackage>1</QtyInPackage>
      <ItemPrice>27.90</ItemPrice>
      <UnitOfMeasurePrice>5.5800</UnitOfMeasurePrice>
      <AllowDiscount>1</AllowDiscount>
      <ItemStatus>1</ItemStatus>
      <ItemId>264654</ItemId>
    </Item>
    <Item>
      <PriceUpdateDate>2015-07-21 13:55:45</PriceUpdateDate>
      <ItemCode>7290106663558</ItemCode>
      <ItemType>1</ItemType>
      <ItemName>רוטב טריאקי רימון</ItemName>
      <ManufacturerName>בית אל מזון</ManufacturerName>
      <ManufactureCountry>ישראל</ManufactureCountry>
      <ManufacturerItemDescription>רוטב טריאקי רימון 280 מל</ManufacturerItemDescription>
      <UnitQty>מיליליטרים</UnitQty>
      <Quantity>280.00</Quantity>
      <UnitOfMeasure>100 מ"ל</UnitOfMeasure>
      <bIsWeighted>0</bIsWeighted>
      <QtyInPackage>1</QtyInPackage>
      <ItemPrice>14.90</ItemPrice>
      <UnitOfMeasurePrice>5.3214</UnitOfMeasurePrice>
      <AllowDiscount>1</AllowDiscount>
      <ItemStatus>1</ItemStatus>
      <ItemId>264658</ItemId>
    </Item>
    <Item>
      <PriceUpdateDate>2015-07-21 13:55:45</PriceUpdateDate>
      <ItemCode>7290106663534</ItemCode>
      <ItemType>1</ItemType>
      <ItemName>רוטב מנגו קארי 280 מ</ItemName>
      <ManufacturerName>בית אל מזון</ManufacturerName>
      <ManufactureCountry>ישראל</ManufactureCountry>
      <ManufacturerItemDescription>רוטב מנגו קארי 280 מל יד מרדכי</ManufacturerItemDescription>
      <UnitQty>מיליליטרים</UnitQty>
      <Quantity>280.00</Quantity>
      <UnitOfMeasure>100 מ"ל</UnitOfMeasure>
      <bIsWeighted>0</bIsWeighted>
      <QtyInPackage>1</QtyInPackage>
      <ItemPrice>14.90</ItemPrice>
      <UnitOfMeasurePrice>5.3214</UnitOfMeasurePrice>
      <AllowDiscount>1</AllowDiscount>
      <ItemStatus>1</ItemStatus>
      <ItemId>264659</ItemId>
    </Item>
    <Item>
      <PriceUpdateDate>2015-07-21 13:55:45</PriceUpdateDate>
      <ItemCode>7290106663541</ItemCode>
      <ItemType>1</ItemType>
      <ItemName>רוטב צילי שום 280 מ"</ItemName>
      <ManufacturerName>בית אל מזון</ManufacturerName>
      <ManufactureCountry>ישראל</ManufactureCountry>
      <ManufacturerItemDescription>רוטב צילי שום 280 מל יד מרדכי</ManufacturerItemDescription>
      <UnitQty>מיליליטרים</UnitQty>
      <Quantity>280.00</Quantity>
      <UnitOfMeasure>100 מ"ל</UnitOfMeasure>
      <bIsWeighted>0</bIsWeighted>
      <QtyInPackage>1</QtyInPackage>
      <ItemPrice>14.90</ItemPrice>
      <UnitOfMeasurePrice>5.3214</UnitOfMeasurePrice>
      <AllowDiscount>1</AllowDiscount>
      <ItemStatus>1</ItemStatus>
      <ItemId>264660</ItemId>
    </Item>
    <Item>
      <PriceUpdateDate>2015-07-21 13:55:45</PriceUpdateDate>
      <ItemCode>7290106725522</ItemCode>
      <ItemType>1</ItemType>
      <ItemName>רוטב שזיף רימון 280</ItemName>
      <ManufacturerName>בית אל מזון</ManufacturerName>
      <ManufactureCountry>ישראל</ManufactureCountry>
      <ManufacturerItemDescription>רוטב שזיף רימון 280 מל יד מרדכי</ManufacturerItemDescription>
      <UnitQty>מיליליטרים</UnitQty>
      <Quantity>280.00</Quantity>
      <UnitOfMeasure>100 מ"ל</UnitOfMeasure>
      <bIsWeighted>0</bIsWeighted>
      <QtyInPackage>1</QtyInPackage>
      <ItemPrice>14.90</ItemPrice>
      <UnitOfMeasurePrice>5.3214</UnitOfMeasurePrice>
      <AllowDiscount>1</AllowDiscount>
      <ItemStatus>1</ItemStatus>
      <ItemId>264661</ItemId>
    </Item>
    <Item>
      <PriceUpdateDate>2015-07-21 15:10:44</PriceUpdateDate>
      <ItemCode>7290015899208</ItemCode>
      <ItemType>0</ItemType>
      <ItemName>מרכך כביסה סגול מגיק</ItemName>
      <ManufacturerName>,</ManufacturerName>
      <ManufactureCountry>לא ידוע</ManufactureCountry>
      <ManufacturerItemDescription>מרכך כביסה סגול מגיק 4.8 ליטר</ManufacturerItemDescription>
      <UnitQty>ליטרים</UnitQty>
      <Quantity>4.80</Quantity>
      <UnitOfMeasure>ליטר    </UnitOfMeasure>
      <bIsWeighted>0</bIsWeighted>
      <QtyInPackage>1</QtyInPackage>
      <ItemPrice>14.90</ItemPrice>
      <UnitOfMeasurePrice>3.1042</UnitOfMeasurePrice>
      <AllowDiscount>1</AllowDiscount>
      <ItemStatus>1</ItemStatus>
      <ItemId>264662</ItemId>
    </Item>
    <Item>
      <PriceUpdateDate>2015-07-22 16:50:48</PriceUpdateDate>
      <ItemCode>7290015222969</ItemCode>
      <ItemType>0</ItemType>
      <ItemName>שמפו בריח ורדים 1 לי</ItemName>
      <ManufacturerName>ש שוורץ בש בעמ</ManufacturerName>
      <ManufactureCountry>לא ידוע</ManufactureCountry>
      <ManufacturerItemDescription>שמפו בריח ורדים 1 ליטר אדום</ManufacturerItemDescription>
      <UnitQty>ליטרים</UnitQty>
      <Quantity>1.00</Quantity>
      <UnitOfMeasure>ליטר    </UnitOfMeasure>
      <bIsWeighted>0</bIsWeighted>
      <QtyInPackage>1</QtyInPackage>
      <ItemPrice>7.90</ItemPrice>
      <UnitOfMeasurePrice>7.9000</UnitOfMeasurePrice>
      <AllowDiscount>1</AllowDiscount>
      <ItemStatus>1</ItemStatus>
      <ItemId>264672</ItemId>
    </Item>
    <Item>
      <PriceUpdateDate>2015-07-22 16:50:48</PriceUpdateDate>
      <ItemCode>7290015222976</ItemCode>
      <ItemType>0</ItemType>
      <ItemName>שמפו בריח פריחת אביב</ItemName>
      <ManufacturerName>ש שוורץ בש בעמ</ManufacturerName>
      <ManufactureCountry>לא ידוע</ManufactureCountry>
      <ManufacturerItemDescription>שמפו בריח פריחת אביב 1 ליטר כחול</ManufacturerItemDescription>
      <UnitQty>ליטרים</UnitQty>
      <Quantity>1.00</Quantity>
      <UnitOfMeasure>ליטר    </UnitOfMeasure>
      <bIsWeighted>0</bIsWeighted>
      <QtyInPackage>1</QtyInPackage>
      <ItemPrice>7.90</ItemPrice>
      <UnitOfMeasurePrice>7.9000</UnitOfMeasurePrice>
      <AllowDiscount>1</AllowDiscount>
      <ItemStatus>1</ItemStatus>
      <ItemId>264673</ItemId>
    </Item>
    <Item>
      <PriceUpdateDate>2015-07-22 16:50:48</PriceUpdateDate>
      <ItemCode>7290015222983</ItemCode>
      <ItemType>0</ItemType>
      <ItemName>שמפו בריח תפוז 1 ליט</ItemName>
      <ManufacturerName>ש שוורץ בש בעמ</ManufacturerName>
      <ManufactureCountry>לא ידוע</ManufactureCountry>
      <ManufacturerItemDescription>שמפו בריח תפוח1 ליטר ירוק</ManufacturerItemDescription>
      <UnitQty>ליטרים</UnitQty>
      <Quantity>1.00</Quantity>
      <UnitOfMeasure>ליטר    </UnitOfMeasure>
      <bIsWeighted>0</bIsWeighted>
      <QtyInPackage>1</QtyInPackage>
      <ItemPrice>7.90</ItemPrice>
      <UnitOfMeasurePrice>7.9000</UnitOfMeasurePrice>
      <AllowDiscount>1</AllowDiscount>
      <ItemStatus>1</ItemStatus>
      <ItemId>264674</ItemId>
    </Item>
    <Item>
      <PriceUpdateDate>2016-07-03 10:23:35</PriceUpdateDate>
      <ItemCode>7290105434029</ItemCode>
      <ItemType>0</ItemType>
      <ItemName>דאודורנט ספיד סטיק ס</ItemName>
      <ManufacturerName>,</ManufacturerName>
      <ManufactureCountry>לא ידוע</ManufactureCountry>
      <ManufacturerItemDescription>דאודורנט ספיד סטיק ספריי נוטרו לגבר</ManufacturerItemDescription>
      <UnitQty>Unknown </UnitQty>
      <Quantity>0.00</Quantity>
      <UnitOfMeasure>Unknown </UnitOfMeasure>
      <bIsWeighted>0</bIsWeighted>
      <QtyInPackage>1</QtyInPackage>
      <ItemPrice>13.90</ItemPrice>
      <UnitOfMeasurePrice>0.0000</UnitOfMeasurePrice>
      <AllowDiscount>1</AllowDiscount>
      <ItemStatus>1</ItemStatus>
      <ItemId>264664</ItemId>
    </Item>
    <Item>
      <PriceUpdateDate>2016-02-10 13:55:17</PriceUpdateDate>
      <ItemCode>7290105434012</ItemCode>
      <ItemType>0</ItemType>
      <ItemName>דאודורנט ספיד סטיק ג</ItemName>
      <ManufacturerName>,</ManufacturerName>
      <ManufactureCountry>לא ידוע</ManufactureCountry>
      <ManufacturerItemDescription>דאודורנט ספיד סטיק גל נוטרו לגבר</ManufacturerItemDescription>
      <UnitQty>Unknown </UnitQty>
      <Quantity>0.00</Quantity>
      <UnitOfMeasure>Unknown </UnitOfMeasure>
      <bIsWeighted>0</bIsWeighted>
      <QtyInPackage>1</QtyInPackage>
      <ItemPrice>17.90</ItemPrice>
      <UnitOfMeasurePrice>0.0000</UnitOfMeasurePrice>
      <AllowDiscount>1</AllowDiscount>
      <ItemStatus>1</ItemStatus>
      <ItemId>264665</ItemId>
    </Item>
    <Item>
      <PriceUpdateDate>2015-07-22 16:50:48</PriceUpdateDate>
      <ItemCode>7290015223065</ItemCode>
      <ItemType>0</ItemType>
      <ItemName>מרכך בריח משב ים 1 ל</ItemName>
      <ManufacturerName>ש שוורץ בש בעמ</ManufacturerName>
      <ManufactureCountry>לא ידוע</ManufactureCountry>
      <ManufacturerItemDescription>מרכך בריח משב ים 1 ליטר ירוק</ManufacturerItemDescription>
      <UnitQty>ליטרים</UnitQty>
      <Quantity>1.00</Quantity>
      <UnitOfMeasure>ליטר    </UnitOfMeasure>
      <bIsWeighted>0</bIsWeighted>
      <QtyInPackage>1</QtyInPackage>
      <ItemPrice>7.90</ItemPrice>
      <UnitOfMeasurePrice>7.9000</UnitOfMeasurePrice>
      <AllowDiscount>1</AllowDiscount>
      <ItemStatus>1</ItemStatus>
      <ItemId>264675</ItemId>
    </Item>
    <Item>
      <PriceUpdateDate>2015-07-22 16:50:48</PriceUpdateDate>
      <ItemCode>7290015223089</ItemCode>
      <ItemType>0</ItemType>
      <ItemName>מרכך בריח זר פרחים 1</ItemName>
      <ManufacturerName>ש שוורץ בש בעמ</ManufacturerName>
      <ManufactureCountry>לא ידוע</ManufactureCountry>
      <ManufacturerItemDescription>מרכך בריח זר פרחים 1 ליטר צהוב</ManufacturerItemDescription>
      <UnitQty>ליטרים</UnitQty>
      <Quantity>1.00</Quantity>
      <UnitOfMeasure>ליטר    </UnitOfMeasure>
      <bIsWeighted>0</bIsWeighted>
      <QtyInPackage>1</QtyInPackage>
      <ItemPrice>7.90</ItemPrice>
      <UnitOfMeasurePrice>7.9000</UnitOfMeasurePrice>
      <AllowDiscount>1</AllowDiscount>
      <ItemStatus>1</ItemStatus>
      <ItemId>264676</ItemId>
    </Item>
    <Item>
      <PriceUpdateDate>2015-07-22 16:50:48</PriceUpdateDate>
      <ItemCode>7290015223027</ItemCode>
      <ItemType>0</ItemType>
      <ItemName>סבון נוזלי בריח אביב</ItemName>
      <ManufacturerName>ש שוורץ בש בעמ</ManufacturerName>
      <ManufactureCountry>לא ידוע</ManufactureCountry>
      <ManufacturerItemDescription>סבון נוזלי בריח אביבי 1 ליטר פנינה</ManufacturerItemDescription>
      <UnitQty>ליטרים</UnitQty>
      <Quantity>1.00</Quantity>
      <UnitOfMeasure>ליטר    </UnitOfMeasure>
      <bIsWeighted>0</bIsWeighted>
      <QtyInPackage>1</QtyInPackage>
      <ItemPrice>7.90</ItemPrice>
      <UnitOfMeasurePrice>7.9000</UnitOfMeasurePrice>
      <AllowDiscount>1</AllowDiscount>
      <ItemStatus>1</ItemStatus>
      <ItemId>264677</ItemId>
    </Item>
    <Item>
      <PriceUpdateDate>2015-07-22 16:50:48</PriceUpdateDate>
      <ItemCode>7290015223034</ItemCode>
      <ItemType>0</ItemType>
      <ItemName>סבון נוזלי בריח קלאס</ItemName>
      <ManufacturerName>ש שוורץ בש בעמ</ManufacturerName>
      <ManufactureCountry>לא ידוע</ManufactureCountry>
      <ManufacturerItemDescription>סבון נוזלי בריח קלאסי 1 ליטר סגול</ManufacturerItemDescription>
      <UnitQty>ליטרים</UnitQty>
      <Quantity>1.00</Quantity>
      <UnitOfMeasure>ליטר    </UnitOfMeasure>
      <bIsWeighted>0</bIsWeighted>
      <QtyInPackage>1</QtyInPackage>
      <ItemPrice>7.90</ItemPrice>
      <UnitOfMeasurePrice>7.9000</UnitOfMeasurePrice>
      <AllowDiscount>1</AllowDiscount>
      <ItemStatus>1</ItemStatus>
      <ItemId>264678</ItemId>
    </Item>
    <Item>
      <PriceUpdateDate>2015-07-22 16:50:48</PriceUpdateDate>
      <ItemCode>7290015223041</ItemCode>
      <ItemType>0</ItemType>
      <ItemName>סבון נוזלי בריח פצול</ItemName>
      <ManufacturerName>ש שוורץ בש בעמ</ManufacturerName>
      <ManufactureCountry>לא ידוע</ManufactureCountry>
      <ManufacturerItemDescription>סבון נוזלי בריח פצולי וניל 1 ליטר ירוק</ManufacturerItemDescription>
      <UnitQty>ליטרים</UnitQty>
      <Quantity>1.00</Quantity>
      <UnitOfMeasure>ליטר    </UnitOfMeasure>
      <bIsWeighted>0</bIsWeighted>
      <QtyInPackage>1</QtyInPackage>
      <ItemPrice>7.90</ItemPrice>
      <UnitOfMeasurePrice>7.9000</UnitOfMeasurePrice>
      <AllowDiscount>1</AllowDiscount>
      <ItemStatus>1</ItemStatus>
      <ItemId>264679</ItemId>
    </Item>
    <Item>
      <PriceUpdateDate>2015-07-27 11:50:46</PriceUpdateDate>
      <ItemCode>8712561249119</ItemCode>
      <ItemType>1</ItemType>
      <ItemName>דאו אקס אפריקה</ItemName>
      <ManufacturerName>,</ManufacturerName>
      <ManufactureCountry>לא ידוע</ManufactureCountry>
      <ManufacturerItemDescription>דאו אקס אפריקה</ManufacturerItemDescription>
      <UnitQty>מיליליטרים</UnitQty>
      <Quantity>150.00</Quantity>
      <UnitOfMeasure>100 מ"ל</UnitOfMeasure>
      <bIsWeighted>0</bIsWeighted>
      <QtyInPackage>1</QtyInPackage>
      <ItemPrice>9.90</ItemPrice>
      <UnitOfMeasurePrice>6.6000</UnitOfMeasurePrice>
      <AllowDiscount>1</AllowDiscount>
      <ItemStatus>1</ItemStatus>
      <ItemId>264687</ItemId>
    </Item>
    <Item>
      <PriceUpdateDate>2015-07-27 11:50:46</PriceUpdateDate>
      <ItemCode>8712561249553</ItemCode>
      <ItemType>1</ItemType>
      <ItemName>דאו אקס אפריקה</ItemName>
      <ManufacturerName>,</ManufacturerName>
      <ManufactureCountry>לא ידוע</ManufactureCountry>
      <ManufacturerItemDescription>דאו אקס אפריקה</ManufacturerItemDescription>
      <UnitQty>מיליליטרים</UnitQty>
      <Quantity>150.00</Quantity>
      <UnitOfMeasure>100 מ"ל</UnitOfMeasure>
      <bIsWeighted>0</bIsWeighted>
      <QtyInPackage>1</QtyInPackage>
      <ItemPrice>9.90</ItemPrice>
      <UnitOfMeasurePrice>6.6000</UnitOfMeasurePrice>
      <AllowDiscount>1</AllowDiscount>
      <ItemStatus>1</ItemStatus>
      <ItemId>264688</ItemId>
    </Item>
    <Item>
      <PriceUpdateDate>2016-03-03 15:21:37</PriceUpdateDate>
      <ItemCode>7290015642170</ItemCode>
      <ItemType>0</ItemType>
      <ItemName>חציל במיונז 400 גרם</ItemName>
      <ManufacturerName>מעדני מיקי תעשיות מז</ManufacturerName>
      <ManufactureCountry>ישראל</ManufactureCountry>
      <ManufacturerItemDescription>חציל במיונז 400 גרם</ManufacturerItemDescription>
      <UnitQty>גרמים</UnitQty>
      <Quantity>400.00</Quantity>
      <UnitOfMeasure>100 גרם</UnitOfMeasure>
      <bIsWeighted>0</bIsWeighted>
      <QtyInPackage>1</QtyInPackage>
      <ItemPrice>6.90</ItemPrice>
      <UnitOfMeasurePrice>1.7250</UnitOfMeasurePrice>
      <AllowDiscount>1</AllowDiscount>
      <ItemStatus>1</ItemStatus>
      <ItemId>264706</ItemId>
    </Item>
    <Item>
      <PriceUpdateDate>2016-03-03 15:21:38</PriceUpdateDate>
      <ItemCode>7290015642347</ItemCode>
      <ItemType>0</ItemType>
      <ItemName>כרוב קולסלאו 400 גרם</ItemName>
      <ManufacturerName>מעדני מיקי תעשיות מז</ManufacturerName>
      <ManufactureCountry>ישראל</ManufactureCountry>
      <ManufacturerItemDescription>כרוב קולסלאו 400 גרם</ManufacturerItemDescription>
      <UnitQty>גרמים</UnitQty>
      <Quantity>400.00</Quantity>
      <UnitOfMeasure>100 גרם</UnitOfMeasure>
      <bIsWeighted>0</bIsWeighted>
      <QtyInPackage>1</QtyInPackage>
      <ItemPrice>6.90</ItemPrice>
      <UnitOfMeasurePrice>1.7250</UnitOfMeasurePrice>
      <AllowDiscount>1</AllowDiscount>
      <ItemStatus>1</ItemStatus>
      <ItemId>264707</ItemId>
    </Item>
    <Item>
      <PriceUpdateDate>2015-07-27 17:40:47</PriceUpdateDate>
      <ItemCode>7290015872553</ItemCode>
      <ItemType>0</ItemType>
      <ItemName>חומוס מסעדה 700 גרם</ItemName>
      <ManufacturerName>סלטי שמיר 2006 בעמ</ManufacturerName>
      <ManufactureCountry>לא ידוע</ManufactureCountry>
      <ManufacturerItemDescription>חומוס מסעדה 700 גרם</ManufacturerItemDescription>
      <UnitQty>גרמים</UnitQty>
      <Quantity>700.00</Quantity>
      <UnitOfMeasure>100 גרם</UnitOfMeasure>
      <bIsWeighted>0</bIsWeighted>
      <QtyInPackage>1</QtyInPackage>
      <ItemPrice>6.90</ItemPrice>
      <UnitOfMeasurePrice>0.9857</UnitOfMeasurePrice>
      <AllowDiscount>1</AllowDiscount>
      <ItemStatus>1</ItemStatus>
      <ItemId>264710</ItemId>
    </Item>
    <Item>
      <PriceUpdateDate>2015-08-06 17:16:01</PriceUpdateDate>
      <ItemCode>7290015674157</ItemCode>
      <ItemType>0</ItemType>
      <ItemName>טופי מרובע מיקס 500</ItemName>
      <ManufacturerName>סאדת גידה</ManufacturerName>
      <ManufactureCountry>לא ידוע</ManufactureCountry>
      <ManufacturerItemDescription>טופי מרובע מיקס 500 גרם</ManufacturerItemDescription>
      <UnitQty>גרמים</UnitQty>
      <Quantity>500.00</Quantity>
      <UnitOfMeasure>100 גרם</UnitOfMeasure>
      <bIsWeighted>0</bIsWeighted>
      <QtyInPackage>1</QtyInPackage>
      <ItemPrice>14.90</ItemPrice>
      <UnitOfMeasurePrice>2.9800</UnitOfMeasurePrice>
      <AllowDiscount>1</AllowDiscount>
      <ItemStatus>1</ItemStatus>
      <ItemId>264772</ItemId>
    </Item>
    <Item>
      <PriceUpdateDate>2015-08-06 17:16:01</PriceUpdateDate>
      <ItemCode>7290015674195</ItemCode>
      <ItemType>0</ItemType>
      <ItemName>שטיחי גומי אבטיח 300</ItemName>
      <ManufacturerName>סאדת גידה</ManufacturerName>
      <ManufactureCountry>לא ידוע</ManufactureCountry>
      <ManufacturerItemDescription>שטיחי גומי אבטיח 300 גרם</ManufacturerItemDescription>
      <UnitQty>גרמים</UnitQty>
      <Quantity>300.00</Quantity>
      <UnitOfMeasure>100 גרם</UnitOfMeasure>
      <bIsWeighted>0</bIsWeighted>
      <QtyInPackage>1</QtyInPackage>
      <ItemPrice>9.90</ItemPrice>
      <UnitOfMeasurePrice>3.3000</UnitOfMeasurePrice>
      <AllowDiscount>1</AllowDiscount>
      <ItemStatus>1</ItemStatus>
      <ItemId>264776</ItemId>
    </Item>
    <Item>
      <PriceUpdateDate>2015-08-13 10:10:52</PriceUpdateDate>
      <ItemCode>8423250</ItemCode>
      <ItemType>0</ItemType>
      <ItemName>מלח גם הים האדום 570</ItemName>
      <ManufacturerName>מלח הארץ</ManufacturerName>
      <ManufactureCountry>ישראל</ManufactureCountry>
      <ManufacturerItemDescription>מלח גם הים האדום 570 גרם</ManufacturerItemDescription>
      <UnitQty>גרמים</UnitQty>
      <Quantity>570.00</Quantity>
      <UnitOfMeasure>100 גרם</UnitOfMeasure>
      <bIsWeighted>0</bIsWeighted>
      <QtyInPackage>1</QtyInPackage>
      <ItemPrice>6.90</ItemPrice>
      <UnitOfMeasurePrice>1.2105</UnitOfMeasurePrice>
      <AllowDiscount>1</AllowDiscount>
      <ItemStatus>1</ItemStatus>
      <ItemId>264801</ItemId>
    </Item>
    <Item>
      <PriceUpdateDate>2015-08-13 10:10:52</PriceUpdateDate>
      <ItemCode>8423243</ItemCode>
      <ItemType>0</ItemType>
      <ItemName>מלח שולחן הים האדום</ItemName>
      <ManufacturerName>מלח הארץ</ManufacturerName>
      <ManufactureCountry>ישראל</ManufactureCountry>
      <ManufacturerItemDescription>מלח שולחן הים האדום 600 גרם</ManufacturerItemDescription>
      <UnitQty>גרמים</UnitQty>
      <Quantity>600.00</Quantity>
      <UnitOfMeasure>100 גרם</UnitOfMeasure>
      <bIsWeighted>0</bIsWeighted>
      <QtyInPackage>1</QtyInPackage>
      <ItemPrice>6.90</ItemPrice>
      <UnitOfMeasurePrice>1.1500</UnitOfMeasurePrice>
      <AllowDiscount>1</AllowDiscount>
      <ItemStatus>1</ItemStatus>
      <ItemId>264802</ItemId>
    </Item>
    <Item>
      <PriceUpdateDate>2015-08-13 13:05:44</PriceUpdateDate>
      <ItemCode>7290013585479</ItemCode>
      <ItemType>0</ItemType>
      <ItemName>קוקה קולה זירו  2 לי</ItemName>
      <ManufacturerName>קוקה קולה</ManufacturerName>
      <ManufactureCountry>לא ידוע</ManufactureCountry>
      <ManufacturerItemDescription>קוקה קולה זירו  2 ליטר</ManufacturerItemDescription>
      <UnitQty>ליטרים</UnitQty>
      <Quantity>2.00</Quantity>
      <UnitOfMeasure>ליטר    </UnitOfMeasure>
      <bIsWeighted>0</bIsWeighted>
      <QtyInPackage>1</QtyInPackage>
      <ItemPrice>8.20</ItemPrice>
      <UnitOfMeasurePrice>4.1000</UnitOfMeasurePrice>
      <AllowDiscount>1</AllowDiscount>
      <ItemStatus>1</ItemStatus>
      <ItemId>264811</ItemId>
    </Item>
    <Item>
      <PriceUpdateDate>2015-08-16 09:20:47</PriceUpdateDate>
      <ItemCode>7290015642637</ItemCode>
      <ItemType>0</ItemType>
      <ItemName>סלט דגים טרמה 250 גר</ItemName>
      <ManufacturerName>מעדני מיקי תעשיות מז</ManufacturerName>
      <ManufactureCountry>ישראל</ManufactureCountry>
      <ManufacturerItemDescription>סלט דגים טרמה 250 גרם</ManufacturerItemDescription>
      <UnitQty>גרמים</UnitQty>
      <Quantity>250.00</Quantity>
      <UnitOfMeasure>100 גרם</UnitOfMeasure>
      <bIsWeighted>0</bIsWeighted>
      <QtyInPackage>1</QtyInPackage>
      <ItemPrice>12.90</ItemPrice>
      <UnitOfMeasurePrice>5.1600</UnitOfMeasurePrice>
      <AllowDiscount>1</AllowDiscount>
      <ItemStatus>1</ItemStatus>
      <ItemId>264824</ItemId>
    </Item>
    <Item>
      <PriceUpdateDate>2015-08-16 09:20:47</PriceUpdateDate>
      <ItemCode>7290015642613</ItemCode>
      <ItemType>0</ItemType>
      <ItemName>סלט רמולדה 250 גרם</ItemName>
      <ManufacturerName>מעדני מיקי תעשיות מז</ManufacturerName>
      <ManufactureCountry>ישראל</ManufactureCountry>
      <ManufacturerItemDescription>סלט רמולדה 250 גרם</ManufacturerItemDescription>
      <UnitQty>גרמים</UnitQty>
      <Quantity>250.00</Quantity>
      <UnitOfMeasure>100 גרם</UnitOfMeasure>
      <bIsWeighted>0</bIsWeighted>
      <QtyInPackage>1</QtyInPackage>
      <ItemPrice>12.90</ItemPrice>
      <UnitOfMeasurePrice>5.1600</UnitOfMeasurePrice>
      <AllowDiscount>1</AllowDiscount>
      <ItemStatus>1</ItemStatus>
      <ItemId>264825</ItemId>
    </Item>
    <Item>
      <PriceUpdateDate>2015-08-16 09:20:47</PriceUpdateDate>
      <ItemCode>7290015642644</ItemCode>
      <ItemType>0</ItemType>
      <ItemName>סלט מעדן דגים מסורתי</ItemName>
      <ManufacturerName>מעדני מיקי תעשיות מז</ManufacturerName>
      <ManufactureCountry>ישראל</ManufactureCountry>
      <ManufacturerItemDescription>סלט מעדן דגים מסורתי 250 גרם</ManufacturerItemDescription>
      <UnitQty>גרמים</UnitQty>
      <Quantity>250.00</Quantity>
      <UnitOfMeasure>100 גרם</UnitOfMeasure>
      <bIsWeighted>0</bIsWeighted>
      <QtyInPackage>1</QtyInPackage>
      <ItemPrice>12.90</ItemPrice>
      <UnitOfMeasurePrice>5.1600</UnitOfMeasurePrice>
      <AllowDiscount>1</AllowDiscount>
      <ItemStatus>1</ItemStatus>
      <ItemId>264827</ItemId>
    </Item>
    <Item>
      <PriceUpdateDate>2015-08-16 14:46:01</PriceUpdateDate>
      <ItemCode>7290014236509</ItemCode>
      <ItemType>1</ItemType>
      <ItemName>מארז שקיות אוכל 3*15</ItemName>
      <ManufacturerName>,</ManufacturerName>
      <ManufactureCountry>לא ידוע</ManufactureCountry>
      <ManufacturerItemDescription>מארז שקיות אוכל 3*150 יח</ManufacturerItemDescription>
      <UnitQty>Unknown </UnitQty>
      <Quantity>0.00</Quantity>
      <UnitOfMeasure>Unknown </UnitOfMeasure>
      <bIsWeighted>0</bIsWeighted>
      <QtyInPackage>1</QtyInPackage>
      <ItemPrice>9.90</ItemPrice>
      <UnitOfMeasurePrice>0.0000</UnitOfMeasurePrice>
      <AllowDiscount>1</AllowDiscount>
      <ItemStatus>1</ItemStatus>
      <ItemId>264834</ItemId>
    </Item>
    <Item>
      <PriceUpdateDate>2015-12-11 08:09:05</PriceUpdateDate>
      <ItemCode>5410316070690</ItemCode>
      <ItemType>1</ItemType>
      <ItemName>סמירנוף אדום 3 ליטר</ItemName>
      <ManufacturerName>,</ManufacturerName>
      <ManufactureCountry>לא ידוע</ManufactureCountry>
      <ManufacturerItemDescription>סמירנוף אדום 3 ליטר</ManufacturerItemDescription>
      <UnitQty>ליטרים</UnitQty>
      <Quantity>3.00</Quantity>
      <UnitOfMeasure>ליטר    </UnitOfMeasure>
      <bIsWeighted>0</bIsWeighted>
      <QtyInPackage>1</QtyInPackage>
      <ItemPrice>179.90</ItemPrice>
      <UnitOfMeasurePrice>59.9667</UnitOfMeasurePrice>
      <AllowDiscount>1</AllowDiscount>
      <ItemStatus>1</ItemStatus>
      <ItemId>264852</ItemId>
    </Item>
    <Item>
      <PriceUpdateDate>2015-08-19 16:50:45</PriceUpdateDate>
      <ItemCode>7290014046726</ItemCode>
      <ItemType>0</ItemType>
      <ItemName>פסטרמה מעודנת בפפריק</ItemName>
      <ManufacturerName>,</ManufacturerName>
      <ManufactureCountry>לא ידוע</ManufactureCountry>
      <ManufacturerItemDescription>פסטרמה מעודנת בפפריקה 300 גרם מהדרין</ManufacturerItemDescription>
      <UnitQty>גרמים</UnitQty>
      <Quantity>300.00</Quantity>
      <UnitOfMeasure>100 גרם</UnitOfMeasure>
      <bIsWeighted>0</bIsWeighted>
      <QtyInPackage>1</QtyInPackage>
      <ItemPrice>19.90</ItemPrice>
      <UnitOfMeasurePrice>6.6333</UnitOfMeasurePrice>
      <AllowDiscount>1</AllowDiscount>
      <ItemStatus>1</ItemStatus>
      <ItemId>264880</ItemId>
    </Item>
    <Item>
      <PriceUpdateDate>2015-08-19 16:50:45</PriceUpdateDate>
      <ItemCode>7290014046733</ItemCode>
      <ItemType>0</ItemType>
      <ItemName>פסטרמה מעודנת על גחל</ItemName>
      <ManufacturerName>,</ManufacturerName>
      <ManufactureCountry>לא ידוע</ManufactureCountry>
      <ManufacturerItemDescription>פסטרמה מעודנת על גחלים 300 גרם מהדרין</ManufacturerItemDescription>
      <UnitQty>גרמים</UnitQty>
      <Quantity>300.00</Quantity>
      <UnitOfMeasure>100 גרם</UnitOfMeasure>
      <bIsWeighted>0</bIsWeighted>
      <QtyInPackage>1</QtyInPackage>
      <ItemPrice>19.90</ItemPrice>
      <UnitOfMeasurePrice>6.6333</UnitOfMeasurePrice>
      <AllowDiscount>1</AllowDiscount>
      <ItemStatus>1</ItemStatus>
      <ItemId>264881</ItemId>
    </Item>
    <Item>
      <PriceUpdateDate>2016-05-15 10:26:38</PriceUpdateDate>
      <ItemCode>7290106668713</ItemCode>
      <ItemType>0</ItemType>
      <ItemName>דנונה פירות יער 3% 1</ItemName>
      <ManufacturerName>,</ManufacturerName>
      <ManufactureCountry>לא ידוע</ManufactureCountry>
      <ManufacturerItemDescription>דנונה פירות יער 3% 150 מ"ל</ManufacturerItemDescription>
      <UnitQty>מיליליטרים</UnitQty>
      <Quantity>150.00</Quantity>
      <UnitOfMeasure>100 מ"ל</UnitOfMeasure>
      <bIsWeighted>0</bIsWeighted>
      <QtyInPackage>1</QtyInPackage>
      <ItemPrice>3.50</ItemPrice>
      <UnitOfMeasurePrice>2.3333</UnitOfMeasurePrice>
      <AllowDiscount>1</AllowDiscount>
      <ItemStatus>1</ItemStatus>
      <ItemId>264883</ItemId>
    </Item>
    <Item>
      <PriceUpdateDate>2015-08-19 16:50:45</PriceUpdateDate>
      <ItemCode>7290106663091</ItemCode>
      <ItemType>0</ItemType>
      <ItemName>לאבנה 9% 500 גרם</ItemName>
      <ManufacturerName>בר תבור</ManufacturerName>
      <ManufactureCountry>ישראל</ManufactureCountry>
      <ManufacturerItemDescription>לאבנה 9% 500 גרם</ManufacturerItemDescription>
      <UnitQty>מיליליטרים</UnitQty>
      <Quantity>500.00</Quantity>
      <UnitOfMeasure>100 מ"ל</UnitOfMeasure>
      <bIsWeighted>0</bIsWeighted>
      <QtyInPackage>1</QtyInPackage>
      <ItemPrice>14.90</ItemPrice>
      <UnitOfMeasurePrice>2.9800</UnitOfMeasurePrice>
      <AllowDiscount>1</AllowDiscount>
      <ItemStatus>1</ItemStatus>
      <ItemId>264884</ItemId>
    </Item>
    <Item>
      <PriceUpdateDate>2015-08-19 16:50:45</PriceUpdateDate>
      <ItemCode>7290105965738</ItemCode>
      <ItemType>0</ItemType>
      <ItemName>דנונה לשתיה תות בננה</ItemName>
      <ManufacturerName>שטראוס ישראל</ManufacturerName>
      <ManufactureCountry>ישראל</ManufactureCountry>
      <ManufacturerItemDescription>דנונה לשתיה תות בננה 267 מ"ל</ManufacturerItemDescription>
      <UnitQty>מיליליטרים</UnitQty>
      <Quantity>267.00</Quantity>
      <UnitOfMeasure>100 מ"ל</UnitOfMeasure>
      <bIsWeighted>0</bIsWeighted>
      <QtyInPackage>1</QtyInPackage>
      <ItemPrice>4.50</ItemPrice>
      <UnitOfMeasurePrice>1.6854</UnitOfMeasurePrice>
      <AllowDiscount>1</AllowDiscount>
      <ItemStatus>1</ItemStatus>
      <ItemId>264885</ItemId>
    </Item>
    <Item>
      <PriceUpdateDate>2016-03-28 14:34:51</PriceUpdateDate>
      <ItemCode>7290014761384</ItemCode>
      <ItemType>0</ItemType>
      <ItemName>מארז 12 יח מיני קרלו</ItemName>
      <ManufacturerName>תנובה מרכז שיתופי לש</ManufacturerName>
      <ManufactureCountry>לא ידוע</ManufactureCountry>
      <ManufacturerItemDescription>מארז 12 יח מיני קרלו קצפת</ManufacturerItemDescription>
      <UnitQty>גרמים</UnitQty>
      <Quantity>924.00</Quantity>
      <UnitOfMeasure>100 גרם</UnitOfMeasure>
      <bIsWeighted>0</bIsWeighted>
      <QtyInPackage>1</QtyInPackage>
      <ItemPrice>12.90</ItemPrice>
      <UnitOfMeasurePrice>1.3961</UnitOfMeasurePrice>
      <AllowDiscount>1</AllowDiscount>
      <ItemStatus>1</ItemStatus>
      <ItemId>264888</ItemId>
    </Item>
    <Item>
      <PriceUpdateDate>2016-02-15 18:05:54</PriceUpdateDate>
      <ItemCode>4015400990543</ItemCode>
      <ItemType>0</ItemType>
      <ItemName>אבקת כביסה אריאל קול</ItemName>
      <ManufacturerName>פרוקטר</ManufacturerName>
      <ManufactureCountry>לא ידוע</ManufactureCountry>
      <ManufacturerItemDescription>א.כביסה אריאל קולור 8 ק"ג</ManufacturerItemDescription>
      <UnitQty>קילוגרמים</UnitQty>
      <Quantity>8.00</Quantity>
      <UnitOfMeasure>ק"ג     </UnitOfMeasure>
      <bIsWeighted>0</bIsWeighted>
      <QtyInPackage>1</QtyInPackage>
      <ItemPrice>49.90</ItemPrice>
      <UnitOfMeasurePrice>6.2375</UnitOfMeasurePrice>
      <AllowDiscount>1</AllowDiscount>
      <ItemStatus>1</ItemStatus>
      <ItemId>266830</ItemId>
    </Item>
    <Item>
      <PriceUpdateDate>2015-08-20 11:25:47</PriceUpdateDate>
      <ItemCode>7290108350128</ItemCode>
      <ItemType>0</ItemType>
      <ItemName>שקיות אשפה סנו סושי</ItemName>
      <ManufacturerName>אשפלסט</ManufacturerName>
      <ManufactureCountry>ישראל</ManufactureCountry>
      <ManufacturerItemDescription>שקיות אשפה סנו סושי חזקות במיוחד 40 יח</ManufacturerItemDescription>
      <UnitQty>Unknown </UnitQty>
      <Quantity>0.00</Quantity>
      <UnitOfMeasure>Unknown </UnitOfMeasure>
      <bIsWeighted>0</bIsWeighted>
      <QtyInPackage>1</QtyInPackage>
      <ItemPrice>19.90</ItemPrice>
      <UnitOfMeasurePrice>0.0000</UnitOfMeasurePrice>
      <AllowDiscount>1</AllowDiscount>
      <ItemStatus>1</ItemStatus>
      <ItemId>264910</ItemId>
    </Item>
    <Item>
      <PriceUpdateDate>2015-08-20 11:25:47</PriceUpdateDate>
      <ItemCode>7290104963087</ItemCode>
      <ItemType>0</ItemType>
      <ItemName>אל סבון נקה 7 בניחוח</ItemName>
      <ManufacturerName>,</ManufacturerName>
      <ManufactureCountry>לא ידוע</ManufactureCountry>
      <ManufacturerItemDescription>אל סבון נקה 7 בניחוח תפוח וניל 750 מ"ל</ManufacturerItemDescription>
      <UnitQty>מיליליטרים</UnitQty>
      <Quantity>750.00</Quantity>
      <UnitOfMeasure>100 מ"ל</UnitOfMeasure>
      <bIsWeighted>0</bIsWeighted>
      <QtyInPackage>1</QtyInPackage>
      <ItemPrice>9.90</ItemPrice>
      <UnitOfMeasurePrice>1.3200</UnitOfMeasurePrice>
      <AllowDiscount>1</AllowDiscount>
      <ItemStatus>1</ItemStatus>
      <ItemId>264913</ItemId>
    </Item>
    <Item>
      <PriceUpdateDate>2015-08-20 11:25:47</PriceUpdateDate>
      <ItemCode>7290104963070</ItemCode>
      <ItemType>0</ItemType>
      <ItemName>אל סבון נקה 7 פרחי מ</ItemName>
      <ManufacturerName>,</ManufacturerName>
      <ManufactureCountry>לא ידוע</ManufactureCountry>
      <ManufacturerItemDescription>אל סבון נקה 7 בניחוח פרחי מים 750 מ"ל</ManufacturerItemDescription>
      <UnitQty>מיליליטרים</UnitQty>
      <Quantity>750.00</Quantity>
      <UnitOfMeasure>100 מ"ל</UnitOfMeasure>
      <bIsWeighted>0</bIsWeighted>
      <QtyInPackage>1</QtyInPackage>
      <ItemPrice>9.90</ItemPrice>
      <UnitOfMeasurePrice>1.3200</UnitOfMeasurePrice>
      <AllowDiscount>1</AllowDiscount>
      <ItemStatus>1</ItemStatus>
      <ItemId>264914</ItemId>
    </Item>
    <Item>
      <PriceUpdateDate>2015-08-20 11:25:47</PriceUpdateDate>
      <ItemCode>5423482</ItemCode>
      <ItemType>0</ItemType>
      <ItemName>קרם לניקוי כיריים 30</ItemName>
      <ManufacturerName>סנו</ManufacturerName>
      <ManufactureCountry>ישראל</ManufactureCountry>
      <ManufacturerItemDescription>קרם לניקוי כיריים 300 מ"ל</ManufacturerItemDescription>
      <UnitQty>גרמים</UnitQty>
      <Quantity>470.00</Quantity>
      <UnitOfMeasure>100 גרם</UnitOfMeasure>
      <bIsWeighted>0</bIsWeighted>
      <QtyInPackage>1</QtyInPackage>
      <ItemPrice>14.90</ItemPrice>
      <UnitOfMeasurePrice>3.1702</UnitOfMeasurePrice>
      <AllowDiscount>1</AllowDiscount>
      <ItemStatus>1</ItemStatus>
      <ItemId>264916</ItemId>
    </Item>
    <Item>
      <PriceUpdateDate>2015-08-20 11:25:47</PriceUpdateDate>
      <ItemCode>7290108350173</ItemCode>
      <ItemType>0</ItemType>
      <ItemName>מגבות נייר אקו 8 יח</ItemName>
      <ManufacturerName>סנו</ManufacturerName>
      <ManufactureCountry>ישראל</ManufactureCountry>
      <ManufacturerItemDescription>מגבות נייר ECO סנו 8 יח</ManufacturerItemDescription>
      <UnitQty>Unknown </UnitQty>
      <Quantity>0.00</Quantity>
      <UnitOfMeasure>Unknown </UnitOfMeasure>
      <bIsWeighted>0</bIsWeighted>
      <QtyInPackage>1</QtyInPackage>
      <ItemPrice>9.90</ItemPrice>
      <UnitOfMeasurePrice>0.0000</UnitOfMeasurePrice>
      <AllowDiscount>1</AllowDiscount>
      <ItemStatus>1</ItemStatus>
      <ItemId>264917</ItemId>
    </Item>
    <Item>
      <PriceUpdateDate>2015-08-25 16:25:46</PriceUpdateDate>
      <ItemCode>7290103157616</ItemCode>
      <ItemType>0</ItemType>
      <ItemName>צלחת דגם טופז קטן שק</ItemName>
      <ManufacturerName>,</ManufacturerName>
      <ManufactureCountry>לא ידוע</ManufactureCountry>
      <ManufacturerItemDescription>צלחת דגם טופז קטן שקוף 10 יח</ManufacturerItemDescription>
      <UnitQty>Unknown </UnitQty>
      <Quantity>0.00</Quantity>
      <UnitOfMeasure>Unknown </UnitOfMeasure>
      <bIsWeighted>0</bIsWeighted>
      <QtyInPackage>1</QtyInPackage>
      <ItemPrice>13.90</ItemPrice>
      <UnitOfMeasurePrice>0.0000</UnitOfMeasurePrice>
      <AllowDiscount>1</AllowDiscount>
      <ItemStatus>1</ItemStatus>
      <ItemId>265030</ItemId>
    </Item>
    <Item>
      <PriceUpdateDate>2015-08-25 16:25:46</PriceUpdateDate>
      <ItemCode>7290103157562</ItemCode>
      <ItemType>0</ItemType>
      <ItemName>צלחת דגם טופז גדול ק</ItemName>
      <ManufacturerName>,</ManufacturerName>
      <ManufactureCountry>לא ידוע</ManufactureCountry>
      <ManufacturerItemDescription>צלחת דגם טופז גדול קרם 10 יח</ManufacturerItemDescription>
      <UnitQty>Unknown </UnitQty>
      <Quantity>0.00</Quantity>
      <UnitOfMeasure>Unknown </UnitOfMeasure>
      <bIsWeighted>0</bIsWeighted>
      <QtyInPackage>1</QtyInPackage>
      <ItemPrice>19.90</ItemPrice>
      <UnitOfMeasurePrice>0.0000</UnitOfMeasurePrice>
      <AllowDiscount>1</AllowDiscount>
      <ItemStatus>1</ItemStatus>
      <ItemId>265032</ItemId>
    </Item>
    <Item>
      <PriceUpdateDate>2015-08-25 16:25:46</PriceUpdateDate>
      <ItemCode>7290103157623</ItemCode>
      <ItemType>0</ItemType>
      <ItemName>צלחת דגם טופז גדול ש</ItemName>
      <ManufacturerName>,</ManufacturerName>
      <ManufactureCountry>לא ידוע</ManufactureCountry>
      <ManufacturerItemDescription>צלחת דגם טופז גדול שקוף 10 יח</ManufacturerItemDescription>
      <UnitQty>Unknown </UnitQty>
      <Quantity>0.00</Quantity>
      <UnitOfMeasure>Unknown </UnitOfMeasure>
      <bIsWeighted>0</bIsWeighted>
      <QtyInPackage>1</QtyInPackage>
      <ItemPrice>19.90</ItemPrice>
      <UnitOfMeasurePrice>0.0000</UnitOfMeasurePrice>
      <AllowDiscount>1</AllowDiscount>
      <ItemStatus>1</ItemStatus>
      <ItemId>265034</ItemId>
    </Item>
    <Item>
      <PriceUpdateDate>2015-08-25 16:25:46</PriceUpdateDate>
      <ItemCode>7290103157203</ItemCode>
      <ItemType>0</ItemType>
      <ItemName>צלחת דגם מיסטי מרק ז</ItemName>
      <ManufacturerName>,</ManufacturerName>
      <ManufactureCountry>לא ידוע</ManufactureCountry>
      <ManufacturerItemDescription>צלחת דגם מיסטי מרק זהב 10 יח</ManufacturerItemDescription>
      <UnitQty>Unknown </UnitQty>
      <Quantity>0.00</Quantity>
      <UnitOfMeasure>Unknown </UnitOfMeasure>
      <bIsWeighted>0</bIsWeighted>
      <QtyInPackage>1</QtyInPackage>
      <ItemPrice>14.90</ItemPrice>
      <UnitOfMeasurePrice>0.0000</UnitOfMeasurePrice>
      <AllowDiscount>1</AllowDiscount>
      <ItemStatus>1</ItemStatus>
      <ItemId>265046</ItemId>
    </Item>
    <Item>
      <PriceUpdateDate>2015-08-25 16:25:47</PriceUpdateDate>
      <ItemCode>7290103157265</ItemCode>
      <ItemType>0</ItemType>
      <ItemName>לפתניה דגם פלרמו לבן</ItemName>
      <ManufacturerName>,</ManufacturerName>
      <ManufactureCountry>לא ידוע</ManufactureCountry>
      <ManufacturerItemDescription>לפתניה דגם פלרמו לבן 10 יח</ManufacturerItemDescription>
      <UnitQty>Unknown </UnitQty>
      <Quantity>0.00</Quantity>
      <UnitOfMeasure>Unknown </UnitOfMeasure>
      <bIsWeighted>0</bIsWeighted>
      <QtyInPackage>1</QtyInPackage>
      <ItemPrice>7.90</ItemPrice>
      <UnitOfMeasurePrice>0.0000</UnitOfMeasurePrice>
      <AllowDiscount>1</AllowDiscount>
      <ItemStatus>1</ItemStatus>
      <ItemId>265049</ItemId>
    </Item>
    <Item>
      <PriceUpdateDate>2015-08-25 16:25:47</PriceUpdateDate>
      <ItemCode>7290103157302</ItemCode>
      <ItemType>0</ItemType>
      <ItemName>צלחת מרק דגם פלרמו ק</ItemName>
      <ManufacturerName>,</ManufacturerName>
      <ManufactureCountry>לא ידוע</ManufactureCountry>
      <ManufacturerItemDescription>צלחת מרק דגם פלרמו קרם 10 יח</ManufacturerItemDescription>
      <UnitQty>Unknown </UnitQty>
      <Quantity>0.00</Quantity>
      <UnitOfMeasure>Unknown </UnitOfMeasure>
      <bIsWeighted>0</bIsWeighted>
      <QtyInPackage>1</QtyInPackage>
      <ItemPrice>12.90</ItemPrice>
      <UnitOfMeasurePrice>0.0000</UnitOfMeasurePrice>
      <AllowDiscount>1</AllowDiscount>
      <ItemStatus>1</ItemStatus>
      <ItemId>265052</ItemId>
    </Item>
    <Item>
      <PriceUpdateDate>2015-08-25 16:25:47</PriceUpdateDate>
      <ItemCode>7290103157227</ItemCode>
      <ItemType>0</ItemType>
      <ItemName>צלחת דגם פלרמו קטן ל</ItemName>
      <ManufacturerName>,</ManufacturerName>
      <ManufactureCountry>לא ידוע</ManufactureCountry>
      <ManufacturerItemDescription>צלחת דגם פלרמו קטן לבן 10 יח</ManufacturerItemDescription>
      <UnitQty>Unknown </UnitQty>
      <Quantity>0.00</Quantity>
      <UnitOfMeasure>Unknown </UnitOfMeasure>
      <bIsWeighted>0</bIsWeighted>
      <QtyInPackage>1</QtyInPackage>
      <ItemPrice>8.90</ItemPrice>
      <UnitOfMeasurePrice>0.0000</UnitOfMeasurePrice>
      <AllowDiscount>1</AllowDiscount>
      <ItemStatus>1</ItemStatus>
      <ItemId>265053</ItemId>
    </Item>
    <Item>
      <PriceUpdateDate>2015-08-25 16:25:47</PriceUpdateDate>
      <ItemCode>7290103157272</ItemCode>
      <ItemType>0</ItemType>
      <ItemName>צלחת דגם פלרמו קטן ק</ItemName>
      <ManufacturerName>,</ManufacturerName>
      <ManufactureCountry>לא ידוע</ManufactureCountry>
      <ManufacturerItemDescription>צלחת דגם פלרמו קטן קרם 10 יח</ManufacturerItemDescription>
      <UnitQty>Unknown </UnitQty>
      <Quantity>0.00</Quantity>
      <UnitOfMeasure>Unknown </UnitOfMeasure>
      <bIsWeighted>0</bIsWeighted>
      <QtyInPackage>1</QtyInPackage>
      <ItemPrice>8.90</ItemPrice>
      <UnitOfMeasurePrice>0.0000</UnitOfMeasurePrice>
      <AllowDiscount>1</AllowDiscount>
      <ItemStatus>1</ItemStatus>
      <ItemId>265054</ItemId>
    </Item>
    <Item>
      <PriceUpdateDate>2015-08-25 16:25:47</PriceUpdateDate>
      <ItemCode>7290103157234</ItemCode>
      <ItemType>0</ItemType>
      <ItemName>צלחת דגם פלרמו גדולה</ItemName>
      <ManufacturerName>,</ManufacturerName>
      <ManufactureCountry>לא ידוע</ManufactureCountry>
      <ManufacturerItemDescription>צלחת דגם פלרמו גדולה לבן 10 יח</ManufacturerItemDescription>
      <UnitQty>Unknown </UnitQty>
      <Quantity>0.00</Quantity>
      <UnitOfMeasure>Unknown </UnitOfMeasure>
      <bIsWeighted>0</bIsWeighted>
      <QtyInPackage>1</QtyInPackage>
      <ItemPrice>14.90</ItemPrice>
      <UnitOfMeasurePrice>0.0000</UnitOfMeasurePrice>
      <AllowDiscount>1</AllowDiscount>
      <ItemStatus>1</ItemStatus>
      <ItemId>265055</ItemId>
    </Item>
    <Item>
      <PriceUpdateDate>2015-08-25 16:25:47</PriceUpdateDate>
      <ItemCode>7290103157289</ItemCode>
      <ItemType>0</ItemType>
      <ItemName>צלחת דגם פלרמו גדולה</ItemName>
      <ManufacturerName>,</ManufacturerName>
      <ManufactureCountry>לא ידוע</ManufactureCountry>
      <ManufacturerItemDescription>צלחת דגם פלרמו גדולה קרם 10 יח</ManufacturerItemDescription>
      <UnitQty>Unknown </UnitQty>
      <Quantity>0.00</Quantity>
      <UnitOfMeasure>Unknown </UnitOfMeasure>
      <bIsWeighted>0</bIsWeighted>
      <QtyInPackage>1</QtyInPackage>
      <ItemPrice>14.90</ItemPrice>
      <UnitOfMeasurePrice>0.0000</UnitOfMeasurePrice>
      <AllowDiscount>1</AllowDiscount>
      <ItemStatus>1</ItemStatus>
      <ItemId>265056</ItemId>
    </Item>
    <Item>
      <PriceUpdateDate>2015-08-25 16:25:47</PriceUpdateDate>
      <ItemCode>7290103157296</ItemCode>
      <ItemType>0</ItemType>
      <ItemName>צלחת דגם פלרמו ענק ז</ItemName>
      <ManufacturerName>,</ManufacturerName>
      <ManufactureCountry>לא ידוע</ManufactureCountry>
      <ManufacturerItemDescription>צלחת דגם פלרמו ענק קרם 10 יח</ManufacturerItemDescription>
      <UnitQty>Unknown </UnitQty>
      <Quantity>0.00</Quantity>
      <UnitOfMeasure>Unknown </UnitOfMeasure>
      <bIsWeighted>0</bIsWeighted>
      <QtyInPackage>1</QtyInPackage>
      <ItemPrice>18.90</ItemPrice>
      <UnitOfMeasurePrice>0.0000</UnitOfMeasurePrice>
      <AllowDiscount>1</AllowDiscount>
      <ItemStatus>1</ItemStatus>
      <ItemId>265058</ItemId>
    </Item>
    <Item>
      <PriceUpdateDate>2015-08-25 16:25:47</PriceUpdateDate>
      <ItemCode>7290103157364</ItemCode>
      <ItemType>0</ItemType>
      <ItemName>לפתניה דגם וורונה לב</ItemName>
      <ManufacturerName>,</ManufacturerName>
      <ManufactureCountry>לא ידוע</ManufactureCountry>
      <ManufacturerItemDescription>לפתניה דגם וורונה לבן 10 יח</ManufacturerItemDescription>
      <UnitQty>Unknown </UnitQty>
      <Quantity>0.00</Quantity>
      <UnitOfMeasure>Unknown </UnitOfMeasure>
      <bIsWeighted>0</bIsWeighted>
      <QtyInPackage>1</QtyInPackage>
      <ItemPrice>7.90</ItemPrice>
      <UnitOfMeasurePrice>0.0000</UnitOfMeasurePrice>
      <AllowDiscount>1</AllowDiscount>
      <ItemStatus>1</ItemStatus>
      <ItemId>265059</ItemId>
    </Item>
    <Item>
      <PriceUpdateDate>2015-08-25 16:25:47</PriceUpdateDate>
      <ItemCode>7290103157357</ItemCode>
      <ItemType>0</ItemType>
      <ItemName>צלחת מרק דגם וורונה</ItemName>
      <ManufacturerName>,</ManufacturerName>
      <ManufactureCountry>לא ידוע</ManufactureCountry>
      <ManufacturerItemDescription>צלחת מרק דגם וורונה לבן 10 יח</ManufacturerItemDescription>
      <UnitQty>Unknown </UnitQty>
      <Quantity>0.00</Quantity>
      <UnitOfMeasure>Unknown </UnitOfMeasure>
      <bIsWeighted>0</bIsWeighted>
      <QtyInPackage>1</QtyInPackage>
      <ItemPrice>12.90</ItemPrice>
      <UnitOfMeasurePrice>0.0000</UnitOfMeasurePrice>
      <AllowDiscount>1</AllowDiscount>
      <ItemStatus>1</ItemStatus>
      <ItemId>265061</ItemId>
    </Item>
    <Item>
      <PriceUpdateDate>2015-08-25 16:25:47</PriceUpdateDate>
      <ItemCode>7290103157326</ItemCode>
      <ItemType>0</ItemType>
      <ItemName>צלחת דגם וורונה קטן</ItemName>
      <ManufacturerName>,</ManufacturerName>
      <ManufactureCountry>לא ידוע</ManufactureCountry>
      <ManufacturerItemDescription>צלחת דגם וורונה קטן לבן 10 יח</ManufacturerItemDescription>
      <UnitQty>Unknown </UnitQty>
      <Quantity>0.00</Quantity>
      <UnitOfMeasure>Unknown </UnitOfMeasure>
      <bIsWeighted>0</bIsWeighted>
      <QtyInPackage>1</QtyInPackage>
      <ItemPrice>8.90</ItemPrice>
      <UnitOfMeasurePrice>0.0000</UnitOfMeasurePrice>
      <AllowDiscount>1</AllowDiscount>
      <ItemStatus>1</ItemStatus>
      <ItemId>265063</ItemId>
    </Item>
    <Item>
      <PriceUpdateDate>2015-08-25 16:25:47</PriceUpdateDate>
      <ItemCode>7290103157333</ItemCode>
      <ItemType>0</ItemType>
      <ItemName>צלחת דגם וורונה גדול</ItemName>
      <ManufacturerName>,</ManufacturerName>
      <ManufactureCountry>לא ידוע</ManufactureCountry>
      <ManufacturerItemDescription>צלחת דגם וורונה גדולה לבן 10 יח</ManufacturerItemDescription>
      <UnitQty>Unknown </UnitQty>
      <Quantity>0.00</Quantity>
      <UnitOfMeasure>Unknown </UnitOfMeasure>
      <bIsWeighted>0</bIsWeighted>
      <QtyInPackage>1</QtyInPackage>
      <ItemPrice>14.90</ItemPrice>
      <UnitOfMeasurePrice>0.0000</UnitOfMeasurePrice>
      <AllowDiscount>1</AllowDiscount>
      <ItemStatus>1</ItemStatus>
      <ItemId>265065</ItemId>
    </Item>
    <Item>
      <PriceUpdateDate>2015-08-25 16:25:47</PriceUpdateDate>
      <ItemCode>7290103157388</ItemCode>
      <ItemType>0</ItemType>
      <ItemName>צלחת דגם וורונה גדול</ItemName>
      <ManufacturerName>,</ManufacturerName>
      <ManufactureCountry>לא ידוע</ManufactureCountry>
      <ManufacturerItemDescription>צלחת דגם וורונה גדולה קרם 10 יח</ManufacturerItemDescription>
      <UnitQty>Unknown </UnitQty>
      <Quantity>0.00</Quantity>
      <UnitOfMeasure>Unknown </UnitOfMeasure>
      <bIsWeighted>0</bIsWeighted>
      <QtyInPackage>1</QtyInPackage>
      <ItemPrice>14.90</ItemPrice>
      <UnitOfMeasurePrice>0.0000</UnitOfMeasurePrice>
      <AllowDiscount>1</AllowDiscount>
      <ItemStatus>1</ItemStatus>
      <ItemId>265066</ItemId>
    </Item>
    <Item>
      <PriceUpdateDate>2015-08-25 16:25:47</PriceUpdateDate>
      <ItemCode>7290103157340</ItemCode>
      <ItemType>0</ItemType>
      <ItemName>צלחת דגם וורונה ענק</ItemName>
      <ManufacturerName>,</ManufacturerName>
      <ManufactureCountry>לא ידוע</ManufactureCountry>
      <ManufacturerItemDescription>צלחת דגם וורונה ענק לבן 10 יח</ManufacturerItemDescription>
      <UnitQty>Unknown </UnitQty>
      <Quantity>0.00</Quantity>
      <UnitOfMeasure>Unknown </UnitOfMeasure>
      <bIsWeighted>0</bIsWeighted>
      <QtyInPackage>1</QtyInPackage>
      <ItemPrice>18.90</ItemPrice>
      <UnitOfMeasurePrice>0.0000</UnitOfMeasurePrice>
      <AllowDiscount>1</AllowDiscount>
      <ItemStatus>1</ItemStatus>
      <ItemId>265067</ItemId>
    </Item>
    <Item>
      <PriceUpdateDate>2015-08-25 16:25:47</PriceUpdateDate>
      <ItemCode>7290104854736</ItemCode>
      <ItemType>0</ItemType>
      <ItemName>לפתניה דגם קונכיות ל</ItemName>
      <ManufacturerName>,</ManufacturerName>
      <ManufactureCountry>לא ידוע</ManufactureCountry>
      <ManufacturerItemDescription>לפתניה דגם קונכיות לבן 16 יח</ManufacturerItemDescription>
      <UnitQty>Unknown </UnitQty>
      <Quantity>0.00</Quantity>
      <UnitOfMeasure>Unknown </UnitOfMeasure>
      <bIsWeighted>0</bIsWeighted>
      <QtyInPackage>1</QtyInPackage>
      <ItemPrice>9.90</ItemPrice>
      <UnitOfMeasurePrice>0.0000</UnitOfMeasurePrice>
      <AllowDiscount>1</AllowDiscount>
      <ItemStatus>1</ItemStatus>
      <ItemId>265095</ItemId>
    </Item>
    <Item>
      <PriceUpdateDate>2015-08-25 16:25:47</PriceUpdateDate>
      <ItemCode>7290104854743</ItemCode>
      <ItemType>0</ItemType>
      <ItemName>לפתניה דגם קונכיות ק</ItemName>
      <ManufacturerName>,</ManufacturerName>
      <ManufactureCountry>לא ידוע</ManufactureCountry>
      <ManufacturerItemDescription>לפתניה דגם קונכיות קרם 16 יח</ManufacturerItemDescription>
      <UnitQty>Unknown </UnitQty>
      <Quantity>0.00</Quantity>
      <UnitOfMeasure>Unknown </UnitOfMeasure>
      <bIsWeighted>0</bIsWeighted>
      <QtyInPackage>1</QtyInPackage>
      <ItemPrice>9.90</ItemPrice>
      <UnitOfMeasurePrice>0.0000</UnitOfMeasurePrice>
      <AllowDiscount>1</AllowDiscount>
      <ItemStatus>1</ItemStatus>
      <ItemId>265096</ItemId>
    </Item>
    <Item>
      <PriceUpdateDate>2015-08-25 16:25:47</PriceUpdateDate>
      <ItemCode>7290104854750</ItemCode>
      <ItemType>0</ItemType>
      <ItemName>צלחת דגם קונכיות מרק</ItemName>
      <ManufacturerName>,</ManufacturerName>
      <ManufactureCountry>לא ידוע</ManufactureCountry>
      <ManufacturerItemDescription>צלחת דגם קונכיות מרק  שקוף 16 יח</ManufacturerItemDescription>
      <UnitQty>Unknown </UnitQty>
      <Quantity>0.00</Quantity>
      <UnitOfMeasure>Unknown </UnitOfMeasure>
      <bIsWeighted>0</bIsWeighted>
      <QtyInPackage>1</QtyInPackage>
      <ItemPrice>16.90</ItemPrice>
      <UnitOfMeasurePrice>0.0000</UnitOfMeasurePrice>
      <AllowDiscount>1</AllowDiscount>
      <ItemStatus>1</ItemStatus>
      <ItemId>265097</ItemId>
    </Item>
    <Item>
      <PriceUpdateDate>2015-08-25 16:25:47</PriceUpdateDate>
      <ItemCode>7290104854767</ItemCode>
      <ItemType>0</ItemType>
      <ItemName>צלחת דגם קונכיות מרק</ItemName>
      <ManufacturerName>,</ManufacturerName>
      <ManufactureCountry>לא ידוע</ManufactureCountry>
      <ManufacturerItemDescription>צלחת דגם קונכיות מרק לבן 16 יח</ManufacturerItemDescription>
      <UnitQty>Unknown </UnitQty>
      <Quantity>0.00</Quantity>
      <UnitOfMeasure>Unknown </UnitOfMeasure>
      <bIsWeighted>0</bIsWeighted>
      <QtyInPackage>1</QtyInPackage>
      <ItemPrice>16.90</ItemPrice>
      <UnitOfMeasurePrice>0.0000</UnitOfMeasurePrice>
      <AllowDiscount>1</AllowDiscount>
      <ItemStatus>1</ItemStatus>
      <ItemId>265098</ItemId>
    </Item>
    <Item>
      <PriceUpdateDate>2015-08-25 16:25:47</PriceUpdateDate>
      <ItemCode>7290104854774</ItemCode>
      <ItemType>0</ItemType>
      <ItemName>צלחת דגם קונכיות קטן</ItemName>
      <ManufacturerName>,</ManufacturerName>
      <ManufactureCountry>לא ידוע</ManufactureCountry>
      <ManufacturerItemDescription>צלחת דגם קונכיות קטן שקוף 16 יח</ManufacturerItemDescription>
      <UnitQty>Unknown </UnitQty>
      <Quantity>0.00</Quantity>
      <UnitOfMeasure>Unknown </UnitOfMeasure>
      <bIsWeighted>0</bIsWeighted>
      <QtyInPackage>1</QtyInPackage>
      <ItemPrice>12.90</ItemPrice>
      <UnitOfMeasurePrice>0.0000</UnitOfMeasurePrice>
      <AllowDiscount>1</AllowDiscount>
      <ItemStatus>1</ItemStatus>
      <ItemId>265099</ItemId>
    </Item>
    <Item>
      <PriceUpdateDate>2015-08-25 16:25:47</PriceUpdateDate>
      <ItemCode>7290104854781</ItemCode>
      <ItemType>0</ItemType>
      <ItemName>צלחת דגם קונכיות קטן</ItemName>
      <ManufacturerName>,</ManufacturerName>
      <ManufactureCountry>לא ידוע</ManufactureCountry>
      <ManufacturerItemDescription>צלחת דגם קונכיות קטן לבן 16 יח</ManufacturerItemDescription>
      <UnitQty>Unknown </UnitQty>
      <Quantity>0.00</Quantity>
      <UnitOfMeasure>Unknown </UnitOfMeasure>
      <bIsWeighted>0</bIsWeighted>
      <QtyInPackage>1</QtyInPackage>
      <ItemPrice>12.90</ItemPrice>
      <UnitOfMeasurePrice>0.0000</UnitOfMeasurePrice>
      <AllowDiscount>1</AllowDiscount>
      <ItemStatus>1</ItemStatus>
      <ItemId>265100</ItemId>
    </Item>
    <Item>
      <PriceUpdateDate>2015-08-25 16:25:47</PriceUpdateDate>
      <ItemCode>7290104854798</ItemCode>
      <ItemType>0</ItemType>
      <ItemName>צלחת דגם קונכיות גדו</ItemName>
      <ManufacturerName>,</ManufacturerName>
      <ManufactureCountry>לא ידוע</ManufactureCountry>
      <ManufacturerItemDescription>צלחת דגם קונכיות גדול שקוף 16 יח</ManufacturerItemDescription>
      <UnitQty>Unknown </UnitQty>
      <Quantity>0.00</Quantity>
      <UnitOfMeasure>Unknown </UnitOfMeasure>
      <bIsWeighted>0</bIsWeighted>
      <QtyInPackage>1</QtyInPackage>
      <ItemPrice>17.90</ItemPrice>
      <UnitOfMeasurePrice>0.0000</UnitOfMeasurePrice>
      <AllowDiscount>1</AllowDiscount>
      <ItemStatus>1</ItemStatus>
      <ItemId>265101</ItemId>
    </Item>
    <Item>
      <PriceUpdateDate>2015-08-25 16:25:47</PriceUpdateDate>
      <ItemCode>7290104854804</ItemCode>
      <ItemType>0</ItemType>
      <ItemName>צלחת דגם קונכיות גדו</ItemName>
      <ManufacturerName>,</ManufacturerName>
      <ManufactureCountry>לא ידוע</ManufactureCountry>
      <ManufacturerItemDescription>צלחת דגם קונכיות גדול לבן 16 יח</ManufacturerItemDescription>
      <UnitQty>Unknown </UnitQty>
      <Quantity>0.00</Quantity>
      <UnitOfMeasure>Unknown </UnitOfMeasure>
      <bIsWeighted>0</bIsWeighted>
      <QtyInPackage>1</QtyInPackage>
      <ItemPrice>17.90</ItemPrice>
      <UnitOfMeasurePrice>0.0000</UnitOfMeasurePrice>
      <AllowDiscount>1</AllowDiscount>
      <ItemStatus>1</ItemStatus>
      <ItemId>265102</ItemId>
    </Item>
    <Item>
      <PriceUpdateDate>2015-08-25 16:25:47</PriceUpdateDate>
      <ItemCode>7290104854811</ItemCode>
      <ItemType>0</ItemType>
      <ItemName>צלחת דגם קונכיות ענק</ItemName>
      <ManufacturerName>,</ManufacturerName>
      <ManufactureCountry>לא ידוע</ManufactureCountry>
      <ManufacturerItemDescription>צלחת דגם קונכיות ענק שקוף 16 יח</ManufacturerItemDescription>
      <UnitQty>Unknown </UnitQty>
      <Quantity>0.00</Quantity>
      <UnitOfMeasure>Unknown </UnitOfMeasure>
      <bIsWeighted>0</bIsWeighted>
      <QtyInPackage>1</QtyInPackage>
      <ItemPrice>19.90</ItemPrice>
      <UnitOfMeasurePrice>0.0000</UnitOfMeasurePrice>
      <AllowDiscount>1</AllowDiscount>
      <ItemStatus>1</ItemStatus>
      <ItemId>265103</ItemId>
    </Item>
    <Item>
      <PriceUpdateDate>2015-08-25 16:25:47</PriceUpdateDate>
      <ItemCode>7290104854828</ItemCode>
      <ItemType>0</ItemType>
      <ItemName>צלחת דגם קונכיות ענק</ItemName>
      <ManufacturerName>,</ManufacturerName>
      <ManufactureCountry>לא ידוע</ManufactureCountry>
      <ManufacturerItemDescription>צלחת דגם קונכיות ענק לבן 16 יח</ManufacturerItemDescription>
      <UnitQty>Unknown </UnitQty>
      <Quantity>0.00</Quantity>
      <UnitOfMeasure>Unknown </UnitOfMeasure>
      <bIsWeighted>0</bIsWeighted>
      <QtyInPackage>1</QtyInPackage>
      <ItemPrice>19.90</ItemPrice>
      <UnitOfMeasurePrice>0.0000</UnitOfMeasurePrice>
      <AllowDiscount>1</AllowDiscount>
      <ItemStatus>1</ItemStatus>
      <ItemId>265104</ItemId>
    </Item>
    <Item>
      <PriceUpdateDate>2015-08-25 16:25:47</PriceUpdateDate>
      <ItemCode>7290103157449</ItemCode>
      <ItemType>0</ItemType>
      <ItemName>סט סכום מוכסף 95 יח</ItemName>
      <ManufacturerName>,</ManufacturerName>
      <ManufactureCountry>לא ידוע</ManufactureCountry>
      <ManufacturerItemDescription>סט סכום מוכסף 95 יח</ManufacturerItemDescription>
      <UnitQty>Unknown </UnitQty>
      <Quantity>0.00</Quantity>
      <UnitOfMeasure>Unknown </UnitOfMeasure>
      <bIsWeighted>0</bIsWeighted>
      <QtyInPackage>1</QtyInPackage>
      <ItemPrice>19.90</ItemPrice>
      <UnitOfMeasurePrice>0.0000</UnitOfMeasurePrice>
      <AllowDiscount>1</AllowDiscount>
      <ItemStatus>1</ItemStatus>
      <ItemId>265105</ItemId>
    </Item>
    <Item>
      <PriceUpdateDate>2015-10-20 14:25:42</PriceUpdateDate>
      <ItemCode>7290103157517</ItemCode>
      <ItemType>0</ItemType>
      <ItemName>מפיות דו שכבתי 50 יח</ItemName>
      <ManufacturerName>,</ManufacturerName>
      <ManufactureCountry>לא ידוע</ManufactureCountry>
      <ManufacturerItemDescription>מפיות חלקות 2 שכבות 50 יח</ManufacturerItemDescription>
      <UnitQty>Unknown </UnitQty>
      <Quantity>0.00</Quantity>
      <UnitOfMeasure>Unknown </UnitOfMeasure>
      <bIsWeighted>0</bIsWeighted>
      <QtyInPackage>1</QtyInPackage>
      <ItemPrice>4.90</ItemPrice>
      <UnitOfMeasurePrice>0.0000</UnitOfMeasurePrice>
      <AllowDiscount>1</AllowDiscount>
      <ItemStatus>1</ItemStatus>
      <ItemId>265108</ItemId>
    </Item>
    <Item>
      <PriceUpdateDate>2015-09-06 11:50:56</PriceUpdateDate>
      <ItemCode>7290000908724</ItemCode>
      <ItemType>1</ItemType>
      <ItemName>תמר מגהול 1 ק"ג</ItemName>
      <ManufacturerName>,</ManufacturerName>
      <ManufactureCountry>לא ידוע</ManufactureCountry>
      <ManufacturerItemDescription>תמר מגהול 1 ק"ג</ManufacturerItemDescription>
      <UnitQty>קילוגרמים</UnitQty>
      <Quantity>1.00</Quantity>
      <UnitOfMeasure>ק"ג     </UnitOfMeasure>
      <bIsWeighted>0</bIsWeighted>
      <QtyInPackage>1</QtyInPackage>
      <ItemPrice>19.90</ItemPrice>
      <UnitOfMeasurePrice>19.9000</UnitOfMeasurePrice>
      <AllowDiscount>1</AllowDiscount>
      <ItemStatus>1</ItemStatus>
      <ItemId>265213</ItemId>
    </Item>
    <Item>
      <PriceUpdateDate>2015-09-06 11:50:57</PriceUpdateDate>
      <ItemCode>7290000908731</ItemCode>
      <ItemType>1</ItemType>
      <ItemName>תמר מגהול 1 ק"ג</ItemName>
      <ManufacturerName>,</ManufacturerName>
      <ManufactureCountry>לא ידוע</ManufactureCountry>
      <ManufacturerItemDescription>תמר מגהול 1 ק"ג</ManufacturerItemDescription>
      <UnitQty>קילוגרמים</UnitQty>
      <Quantity>1.00</Quantity>
      <UnitOfMeasure>ק"ג     </UnitOfMeasure>
      <bIsWeighted>0</bIsWeighted>
      <QtyInPackage>1</QtyInPackage>
      <ItemPrice>29.90</ItemPrice>
      <UnitOfMeasurePrice>29.9000</UnitOfMeasurePrice>
      <AllowDiscount>1</AllowDiscount>
      <ItemStatus>1</ItemStatus>
      <ItemId>265216</ItemId>
    </Item>
    <Item>
      <PriceUpdateDate>2015-09-06 16:01:30</PriceUpdateDate>
      <ItemCode>7290015347587</ItemCode>
      <ItemType>0</ItemType>
      <ItemName>מארז תן צאפ גלגלים 2</ItemName>
      <ManufacturerName>,</ManufacturerName>
      <ManufactureCountry>לא ידוע</ManufactureCountry>
      <ManufacturerItemDescription>מארז תן צאפ גלגלים 280 גרם</ManufacturerItemDescription>
      <UnitQty>גרמים</UnitQty>
      <Quantity>280.00</Quantity>
      <UnitOfMeasure>100 גרם</UnitOfMeasure>
      <bIsWeighted>0</bIsWeighted>
      <QtyInPackage>1</QtyInPackage>
      <ItemPrice>9.90</ItemPrice>
      <UnitOfMeasurePrice>3.5357</UnitOfMeasurePrice>
      <AllowDiscount>1</AllowDiscount>
      <ItemStatus>1</ItemStatus>
      <ItemId>265244</ItemId>
    </Item>
    <Item>
      <PriceUpdateDate>2015-09-06 16:01:30</PriceUpdateDate>
      <ItemCode>7290015347563</ItemCode>
      <ItemType>0</ItemType>
      <ItemName>סוכר דמררה 1.4 ק"ג</ItemName>
      <ManufacturerName>מיה תעשיות מזון בעמ</ManufacturerName>
      <ManufactureCountry>ישראל</ManufactureCountry>
      <ManufacturerItemDescription>סוכר דמררה .4 ק"ג</ManufacturerItemDescription>
      <UnitQty>קילוגרמים</UnitQty>
      <Quantity>1.40</Quantity>
      <UnitOfMeasure>ק"ג     </UnitOfMeasure>
      <bIsWeighted>0</bIsWeighted>
      <QtyInPackage>לא ידוע</QtyInPackage>
      <ItemPrice>9.90</ItemPrice>
      <UnitOfMeasurePrice>7.0714</UnitOfMeasurePrice>
      <AllowDiscount>1</AllowDiscount>
      <ItemStatus>1</ItemStatus>
      <ItemId>265245</ItemId>
    </Item>
    <Item>
      <PriceUpdateDate>2015-09-09 13:06:03</PriceUpdateDate>
      <ItemCode>80828174</ItemCode>
      <ItemType>1</ItemType>
      <ItemName>מסטיק מנטוס וויט מנט</ItemName>
      <ManufacturerName>פרפטי ואן מלה ברדה</ManufacturerName>
      <ManufactureCountry>לא ידוע</ManufactureCountry>
      <ManufacturerItemDescription>מסטיק מנטוס וויט מנטה מתוקה</ManufacturerItemDescription>
      <UnitQty>גרמים</UnitQty>
      <Quantity>60.00</Quantity>
      <UnitOfMeasure>100 גרם</UnitOfMeasure>
      <bIsWeighted>0</bIsWeighted>
      <QtyInPackage>1</QtyInPackage>
      <ItemPrice>9.90</ItemPrice>
      <UnitOfMeasurePrice>16.5000</UnitOfMeasurePrice>
      <AllowDiscount>1</AllowDiscount>
      <ItemStatus>1</ItemStatus>
      <ItemId>265263</ItemId>
    </Item>
    <Item>
      <PriceUpdateDate>2015-09-09 13:06:04</PriceUpdateDate>
      <ItemCode>80850885</ItemCode>
      <ItemType>1</ItemType>
      <ItemName>מסטיק מנטוס וויט מנט</ItemName>
      <ManufacturerName>פרפטי ואן מלה ברדה</ManufacturerName>
      <ManufactureCountry>לא ידוע</ManufactureCountry>
      <ManufacturerItemDescription>מסטיק מנטוס וויט מנטה עדינה</ManufacturerItemDescription>
      <UnitQty>גרמים</UnitQty>
      <Quantity>60.00</Quantity>
      <UnitOfMeasure>100 גרם</UnitOfMeasure>
      <bIsWeighted>0</bIsWeighted>
      <QtyInPackage>1</QtyInPackage>
      <ItemPrice>9.90</ItemPrice>
      <UnitOfMeasurePrice>16.5000</UnitOfMeasurePrice>
      <AllowDiscount>1</AllowDiscount>
      <ItemStatus>1</ItemStatus>
      <ItemId>265264</ItemId>
    </Item>
    <Item>
      <PriceUpdateDate>2015-09-09 13:06:04</PriceUpdateDate>
      <ItemCode>7290107280198</ItemCode>
      <ItemType>0</ItemType>
      <ItemName>תחליב רחצה קרמה פרח</ItemName>
      <ManufacturerName>קוסמופארם</ManufacturerName>
      <ManufactureCountry>לא ידוע</ManufactureCountry>
      <ManufacturerItemDescription>תחליב רחצה קרמה פרח קלאסי 750 מ"ל</ManufacturerItemDescription>
      <UnitQty>מיליליטרים</UnitQty>
      <Quantity>750.00</Quantity>
      <UnitOfMeasure>100 מ"ל</UnitOfMeasure>
      <bIsWeighted>0</bIsWeighted>
      <QtyInPackage>1</QtyInPackage>
      <ItemPrice>14.90</ItemPrice>
      <UnitOfMeasurePrice>1.9867</UnitOfMeasurePrice>
      <AllowDiscount>1</AllowDiscount>
      <ItemStatus>1</ItemStatus>
      <ItemId>265266</ItemId>
    </Item>
    <Item>
      <PriceUpdateDate>2015-09-09 15:36:08</PriceUpdateDate>
      <ItemCode>7290015652544</ItemCode>
      <ItemType>0</ItemType>
      <ItemName>גריל עוף ארומטי 130</ItemName>
      <ManufacturerName>,</ManufacturerName>
      <ManufactureCountry>לא ידוע</ManufactureCountry>
      <ManufacturerItemDescription>גריל עוף ארומטי 130 גרם</ManufacturerItemDescription>
      <UnitQty>גרמים</UnitQty>
      <Quantity>130.00</Quantity>
      <UnitOfMeasure>100 גרם</UnitOfMeasure>
      <bIsWeighted>0</bIsWeighted>
      <QtyInPackage>1</QtyInPackage>
      <ItemPrice>13.90</ItemPrice>
      <UnitOfMeasurePrice>10.6923</UnitOfMeasurePrice>
      <AllowDiscount>1</AllowDiscount>
      <ItemStatus>1</ItemStatus>
      <ItemId>265270</ItemId>
    </Item>
    <Item>
      <PriceUpdateDate>2015-09-09 15:36:08</PriceUpdateDate>
      <ItemCode>7290015652575</ItemCode>
      <ItemType>0</ItemType>
      <ItemName>תבלין ראס אל חנות 15</ItemName>
      <ManufacturerName>,</ManufacturerName>
      <ManufactureCountry>לא ידוע</ManufactureCountry>
      <ManufacturerItemDescription>תבלין ראס אל חנות 150 גרם</ManufacturerItemDescription>
      <UnitQty>גרמים</UnitQty>
      <Quantity>150.00</Quantity>
      <UnitOfMeasure>100 גרם</UnitOfMeasure>
      <bIsWeighted>0</bIsWeighted>
      <QtyInPackage>1</QtyInPackage>
      <ItemPrice>13.90</ItemPrice>
      <UnitOfMeasurePrice>9.2667</UnitOfMeasurePrice>
      <AllowDiscount>1</AllowDiscount>
      <ItemStatus>1</ItemStatus>
      <ItemId>265272</ItemId>
    </Item>
    <Item>
      <PriceUpdateDate>2015-09-09 15:36:08</PriceUpdateDate>
      <ItemCode>7290015652551</ItemCode>
      <ItemType>0</ItemType>
      <ItemName>זעתר ושומשום בלדי 15</ItemName>
      <ManufacturerName>,</ManufacturerName>
      <ManufactureCountry>לא ידוע</ManufactureCountry>
      <ManufacturerItemDescription>זעתר ושומשום בלדי 150 גרם</ManufacturerItemDescription>
      <UnitQty>גרמים</UnitQty>
      <Quantity>150.00</Quantity>
      <UnitOfMeasure>100 גרם</UnitOfMeasure>
      <bIsWeighted>0</bIsWeighted>
      <QtyInPackage>1</QtyInPackage>
      <ItemPrice>13.90</ItemPrice>
      <UnitOfMeasurePrice>9.2667</UnitOfMeasurePrice>
      <AllowDiscount>1</AllowDiscount>
      <ItemStatus>1</ItemStatus>
      <ItemId>265273</ItemId>
    </Item>
    <Item>
      <PriceUpdateDate>2015-09-09 15:36:08</PriceUpdateDate>
      <ItemCode>7290015652537</ItemCode>
      <ItemType>0</ItemType>
      <ItemName>תבלין פלפל לימון ושו</ItemName>
      <ManufacturerName>,</ManufacturerName>
      <ManufactureCountry>לא ידוע</ManufactureCountry>
      <ManufacturerItemDescription>תבלין פלפל לימון ושום  150 גרם</ManufacturerItemDescription>
      <UnitQty>גרמים</UnitQty>
      <Quantity>130.00</Quantity>
      <UnitOfMeasure>100 גרם</UnitOfMeasure>
      <bIsWeighted>0</bIsWeighted>
      <QtyInPackage>1</QtyInPackage>
      <ItemPrice>13.90</ItemPrice>
      <UnitOfMeasurePrice>10.6923</UnitOfMeasurePrice>
      <AllowDiscount>1</AllowDiscount>
      <ItemStatus>1</ItemStatus>
      <ItemId>265274</ItemId>
    </Item>
    <Item>
      <PriceUpdateDate>2015-09-09 15:36:08</PriceUpdateDate>
      <ItemCode>7290015652599</ItemCode>
      <ItemType>0</ItemType>
      <ItemName>תבלין צלי בקר 120 גר</ItemName>
      <ManufacturerName>,</ManufacturerName>
      <ManufactureCountry>לא ידוע</ManufactureCountry>
      <ManufacturerItemDescription>תבלין צלי בקר 120 גרם</ManufacturerItemDescription>
      <UnitQty>גרמים</UnitQty>
      <Quantity>120.00</Quantity>
      <UnitOfMeasure>100 גרם</UnitOfMeasure>
      <bIsWeighted>0</bIsWeighted>
      <QtyInPackage>1</QtyInPackage>
      <ItemPrice>13.90</ItemPrice>
      <UnitOfMeasurePrice>11.5833</UnitOfMeasurePrice>
      <AllowDiscount>1</AllowDiscount>
      <ItemStatus>1</ItemStatus>
      <ItemId>265275</ItemId>
    </Item>
    <Item>
      <PriceUpdateDate>2015-09-09 15:36:08</PriceUpdateDate>
      <ItemCode>7290015652513</ItemCode>
      <ItemType>0</ItemType>
      <ItemName>תערובת לסטייק 150 גר</ItemName>
      <ManufacturerName>,</ManufacturerName>
      <ManufactureCountry>לא ידוע</ManufactureCountry>
      <ManufacturerItemDescription>תערובת לסטייק 150 גרם</ManufacturerItemDescription>
      <UnitQty>גרמים</UnitQty>
      <Quantity>150.00</Quantity>
      <UnitOfMeasure>100 גרם</UnitOfMeasure>
      <bIsWeighted>0</bIsWeighted>
      <QtyInPackage>1</QtyInPackage>
      <ItemPrice>13.90</ItemPrice>
      <UnitOfMeasurePrice>9.2667</UnitOfMeasurePrice>
      <AllowDiscount>1</AllowDiscount>
      <ItemStatus>1</ItemStatus>
      <ItemId>265276</ItemId>
    </Item>
    <Item>
      <PriceUpdateDate>2015-09-09 15:36:08</PriceUpdateDate>
      <ItemCode>7290015652568</ItemCode>
      <ItemType>0</ItemType>
      <ItemName>עשבי תיבול לדג 70 גר</ItemName>
      <ManufacturerName>,</ManufacturerName>
      <ManufactureCountry>לא ידוע</ManufactureCountry>
      <ManufacturerItemDescription>עשבי תיבול לדג 70 גרם</ManufacturerItemDescription>
      <UnitQty>גרמים</UnitQty>
      <Quantity>70.00</Quantity>
      <UnitOfMeasure>100 גרם</UnitOfMeasure>
      <bIsWeighted>0</bIsWeighted>
      <QtyInPackage>1</QtyInPackage>
      <ItemPrice>13.90</ItemPrice>
      <UnitOfMeasurePrice>19.8571</UnitOfMeasurePrice>
      <AllowDiscount>1</AllowDiscount>
      <ItemStatus>1</ItemStatus>
      <ItemId>265277</ItemId>
    </Item>
    <Item>
      <PriceUpdateDate>2015-09-09 16:25:59</PriceUpdateDate>
      <ItemCode>25675010703</ItemCode>
      <ItemType>1</ItemType>
      <ItemName>עוגיות מצופות שוקולד</ItemName>
      <ManufacturerName>Paskesz Candy Comp.</ManufacturerName>
      <ManufactureCountry>ארצות הברית</ManufactureCountry>
      <ManufacturerItemDescription>עוגיות מצופות שוקולד קרם מנטה פשקס</ManufacturerItemDescription>
      <UnitQty>גרמים</UnitQty>
      <Quantity>266.00</Quantity>
      <UnitOfMeasure>100 גרם</UnitOfMeasure>
      <bIsWeighted>0</bIsWeighted>
      <QtyInPackage>1</QtyInPackage>
      <ItemPrice>12.90</ItemPrice>
      <UnitOfMeasurePrice>4.8496</UnitOfMeasurePrice>
      <AllowDiscount>1</AllowDiscount>
      <ItemStatus>1</ItemStatus>
      <ItemId>265281</ItemId>
    </Item>
    <Item>
      <PriceUpdateDate>2015-09-09 16:25:59</PriceUpdateDate>
      <ItemCode>25675750609</ItemCode>
      <ItemType>0</ItemType>
      <ItemName>קנדי בוטנס פשקס 42.5</ItemName>
      <ManufacturerName>Paskesz Candy Comp.</ManufacturerName>
      <ManufactureCountry>ארצות הברית</ManufactureCountry>
      <ManufacturerItemDescription>קנדי בוטנס פשקס 42.5 גרם</ManufacturerItemDescription>
      <UnitQty>גרמים</UnitQty>
      <Quantity>43.00</Quantity>
      <UnitOfMeasure>100 גרם</UnitOfMeasure>
      <bIsWeighted>0</bIsWeighted>
      <QtyInPackage>1</QtyInPackage>
      <ItemPrice>9.90</ItemPrice>
      <UnitOfMeasurePrice>23.0233</UnitOfMeasurePrice>
      <AllowDiscount>1</AllowDiscount>
      <ItemStatus>1</ItemStatus>
      <ItemId>265285</ItemId>
    </Item>
    <Item>
      <PriceUpdateDate>2015-09-09 16:25:59</PriceUpdateDate>
      <ItemCode>25675124608</ItemCode>
      <ItemType>0</ItemType>
      <ItemName>תססן פירות אריזה משפ</ItemName>
      <ManufacturerName>ג'ואלי פוד פקטורי</ManufacturerName>
      <ManufactureCountry>לא ידוע</ManufactureCountry>
      <ManufacturerItemDescription>תססן פירות אריזה משפחתית פשקס</ManufacturerItemDescription>
      <UnitQty>גרמים</UnitQty>
      <Quantity>128.00</Quantity>
      <UnitOfMeasure>100 גרם</UnitOfMeasure>
      <bIsWeighted>0</bIsWeighted>
      <QtyInPackage>1</QtyInPackage>
      <ItemPrice>11.90</ItemPrice>
      <UnitOfMeasurePrice>9.2969</UnitOfMeasurePrice>
      <AllowDiscount>1</AllowDiscount>
      <ItemStatus>1</ItemStatus>
      <ItemId>265286</ItemId>
    </Item>
    <Item>
      <PriceUpdateDate>2015-09-09 16:25:59</PriceUpdateDate>
      <ItemCode>25675124776</ItemCode>
      <ItemType>0</ItemType>
      <ItemName>ביטס פירמידה אריזה מ</ItemName>
      <ManufacturerName>ג'ואלי פוד פקטורי</ManufacturerName>
      <ManufactureCountry>סין</ManufactureCountry>
      <ManufacturerItemDescription>ביטס פירמידה אריזה משפחתית פשקס</ManufacturerItemDescription>
      <UnitQty>גרמים</UnitQty>
      <Quantity>216.00</Quantity>
      <UnitOfMeasure>100 גרם</UnitOfMeasure>
      <bIsWeighted>0</bIsWeighted>
      <QtyInPackage>1</QtyInPackage>
      <ItemPrice>11.90</ItemPrice>
      <UnitOfMeasurePrice>5.5093</UnitOfMeasurePrice>
      <AllowDiscount>1</AllowDiscount>
      <ItemStatus>1</ItemStatus>
      <ItemId>265287</ItemId>
    </Item>
    <Item>
      <PriceUpdateDate>2015-09-09 16:25:59</PriceUpdateDate>
      <ItemCode>25675124707</ItemCode>
      <ItemType>0</ItemType>
      <ItemName>סוכריות צמידים אריזה</ItemName>
      <ManufacturerName>ג'ואלי פוד פקטורי</ManufacturerName>
      <ManufactureCountry>סין</ManufactureCountry>
      <ManufacturerItemDescription>סוכריות צמידים אריזה משפחתית פשקס</ManufacturerItemDescription>
      <UnitQty>גרמים</UnitQty>
      <Quantity>264.00</Quantity>
      <UnitOfMeasure>100 גרם</UnitOfMeasure>
      <bIsWeighted>0</bIsWeighted>
      <QtyInPackage>1</QtyInPackage>
      <ItemPrice>11.90</ItemPrice>
      <UnitOfMeasurePrice>4.5076</UnitOfMeasurePrice>
      <AllowDiscount>1</AllowDiscount>
      <ItemStatus>1</ItemStatus>
      <ItemId>265291</ItemId>
    </Item>
    <Item>
      <PriceUpdateDate>2015-09-09 16:25:59</PriceUpdateDate>
      <ItemCode>25675122758</ItemCode>
      <ItemType>0</ItemType>
      <ItemName>סוכריות מקל עם תססן</ItemName>
      <ManufacturerName>ג'ואלי פוד פקטורי</ManufacturerName>
      <ManufactureCountry>לא ידוע</ManufactureCountry>
      <ManufacturerItemDescription>סוכריות מקל עם תססן פשקס</ManufacturerItemDescription>
      <UnitQty>גרמים</UnitQty>
      <Quantity>96.00</Quantity>
      <UnitOfMeasure>100 גרם</UnitOfMeasure>
      <bIsWeighted>0</bIsWeighted>
      <QtyInPackage>1</QtyInPackage>
      <ItemPrice>4.90</ItemPrice>
      <UnitOfMeasurePrice>5.1042</UnitOfMeasurePrice>
      <AllowDiscount>1</AllowDiscount>
      <ItemStatus>1</ItemStatus>
      <ItemId>265295</ItemId>
    </Item>
    <Item>
      <PriceUpdateDate>2015-09-09 16:25:59</PriceUpdateDate>
      <ItemCode>25675094284</ItemCode>
      <ItemType>0</ItemType>
      <ItemName>תססן פירות בצנצנת פש</ItemName>
      <ManufacturerName>ג'ואלי פוד פקטורי</ManufacturerName>
      <ManufactureCountry>לא ידוע</ManufactureCountry>
      <ManufacturerItemDescription>תססן פירות בצנצנת פשקס 320 גרם</ManufacturerItemDescription>
      <UnitQty>גרמים</UnitQty>
      <Quantity>320.00</Quantity>
      <UnitOfMeasure>100 גרם</UnitOfMeasure>
      <bIsWeighted>0</bIsWeighted>
      <QtyInPackage>1</QtyInPackage>
      <ItemPrice>25.90</ItemPrice>
      <UnitOfMeasurePrice>8.0937</UnitOfMeasurePrice>
      <AllowDiscount>1</AllowDiscount>
      <ItemStatus>1</ItemStatus>
      <ItemId>265296</ItemId>
    </Item>
    <Item>
      <PriceUpdateDate>2015-09-09 18:55:59</PriceUpdateDate>
      <ItemCode>7290016083118</ItemCode>
      <ItemType>0</ItemType>
      <ItemName>עוגיות בדלי 500 גרם</ItemName>
      <ManufacturerName>,</ManufacturerName>
      <ManufactureCountry>לא ידוע</ManufactureCountry>
      <ManufacturerItemDescription>עוגיות בדלי 500 גרם שירה</ManufacturerItemDescription>
      <UnitQty>גרמים</UnitQty>
      <Quantity>500.00</Quantity>
      <UnitOfMeasure>100 גרם</UnitOfMeasure>
      <bIsWeighted>0</bIsWeighted>
      <QtyInPackage>1</QtyInPackage>
      <ItemPrice>9.90</ItemPrice>
      <UnitOfMeasurePrice>1.9800</UnitOfMeasurePrice>
      <AllowDiscount>1</AllowDiscount>
      <ItemStatus>1</ItemStatus>
      <ItemId>265299</ItemId>
    </Item>
    <Item>
      <PriceUpdateDate>2015-09-09 18:55:59</PriceUpdateDate>
      <ItemCode>7290016083125</ItemCode>
      <ItemType>0</ItemType>
      <ItemName>עוגיות בדלי 600 גרם</ItemName>
      <ManufacturerName>,</ManufacturerName>
      <ManufactureCountry>לא ידוע</ManufactureCountry>
      <ManufacturerItemDescription>עוגיות בדלי 600 גרם שירה</ManufacturerItemDescription>
      <UnitQty>גרמים</UnitQty>
      <Quantity>600.00</Quantity>
      <UnitOfMeasure>100 גרם</UnitOfMeasure>
      <bIsWeighted>0</bIsWeighted>
      <QtyInPackage>1</QtyInPackage>
      <ItemPrice>9.90</ItemPrice>
      <UnitOfMeasurePrice>1.6500</UnitOfMeasurePrice>
      <AllowDiscount>1</AllowDiscount>
      <ItemStatus>1</ItemStatus>
      <ItemId>265300</ItemId>
    </Item>
    <Item>
      <PriceUpdateDate>2015-09-09 18:55:59</PriceUpdateDate>
      <ItemCode>7290016083101</ItemCode>
      <ItemType>0</ItemType>
      <ItemName>עוגיות בדלי 400 גרם</ItemName>
      <ManufacturerName>,</ManufacturerName>
      <ManufactureCountry>לא ידוע</ManufactureCountry>
      <ManufacturerItemDescription>עוגיות בדלי 400 גרם שירה</ManufacturerItemDescription>
      <UnitQty>גרמים</UnitQty>
      <Quantity>400.00</Quantity>
      <UnitOfMeasure>100 גרם</UnitOfMeasure>
      <bIsWeighted>0</bIsWeighted>
      <QtyInPackage>1</QtyInPackage>
      <ItemPrice>9.90</ItemPrice>
      <UnitOfMeasurePrice>2.4750</UnitOfMeasurePrice>
      <AllowDiscount>1</AllowDiscount>
      <ItemStatus>1</ItemStatus>
      <ItemId>265301</ItemId>
    </Item>
    <Item>
      <PriceUpdateDate>2015-09-10 13:05:50</PriceUpdateDate>
      <ItemCode>7290106668737</ItemCode>
      <ItemType>0</ItemType>
      <ItemName>דנונה לשתיה דיאט תות</ItemName>
      <ManufacturerName>שטראוס ישראל</ManufacturerName>
      <ManufactureCountry>ישראל</ManufactureCountry>
      <ManufacturerItemDescription>דנונה לשתיה דיאט תות 267 מ"ל</ManufacturerItemDescription>
      <UnitQty>מיליליטרים</UnitQty>
      <Quantity>267.00</Quantity>
      <UnitOfMeasure>100 מ"ל</UnitOfMeasure>
      <bIsWeighted>0</bIsWeighted>
      <QtyInPackage>1</QtyInPackage>
      <ItemPrice>4.50</ItemPrice>
      <UnitOfMeasurePrice>1.6854</UnitOfMeasurePrice>
      <AllowDiscount>1</AllowDiscount>
      <ItemStatus>1</ItemStatus>
      <ItemId>265328</ItemId>
    </Item>
    <Item>
      <PriceUpdateDate>2015-09-16 15:35:53</PriceUpdateDate>
      <ItemCode>835811001508</ItemCode>
      <ItemType>0</ItemType>
      <ItemName>נרות חימום 200 יח 4</ItemName>
      <ManufacturerName>,</ManufacturerName>
      <ManufactureCountry>לא ידוע</ManufactureCountry>
      <ManufacturerItemDescription>נרות חימום 200 יח 4 שעות</ManufacturerItemDescription>
      <UnitQty>Unknown </UnitQty>
      <Quantity>0.00</Quantity>
      <UnitOfMeasure>Unknown </UnitOfMeasure>
      <bIsWeighted>0</bIsWeighted>
      <QtyInPackage>1</QtyInPackage>
      <ItemPrice>29.90</ItemPrice>
      <UnitOfMeasurePrice>0.0000</UnitOfMeasurePrice>
      <AllowDiscount>1</AllowDiscount>
      <ItemStatus>1</ItemStatus>
      <ItemId>265336</ItemId>
    </Item>
    <Item>
      <PriceUpdateDate>2015-09-20 13:05:49</PriceUpdateDate>
      <ItemCode>8693495041461</ItemCode>
      <ItemType>1</ItemType>
      <ItemName>מארז זוג מברשת שיניי</ItemName>
      <ManufacturerName>,</ManufacturerName>
      <ManufactureCountry>לא ידוע</ManufactureCountry>
      <ManufacturerItemDescription>מארז זוג מברשת שיניים סלים סופט</ManufacturerItemDescription>
      <UnitQty>Unknown </UnitQty>
      <Quantity>0.00</Quantity>
      <UnitOfMeasure>Unknown </UnitOfMeasure>
      <bIsWeighted>0</bIsWeighted>
      <QtyInPackage>1</QtyInPackage>
      <ItemPrice>26.90</ItemPrice>
      <UnitOfMeasurePrice>0.0000</UnitOfMeasurePrice>
      <AllowDiscount>1</AllowDiscount>
      <ItemStatus>1</ItemStatus>
      <ItemId>265360</ItemId>
    </Item>
    <Item>
      <PriceUpdateDate>2015-09-20 13:05:49</PriceUpdateDate>
      <ItemCode>8693495037853</ItemCode>
      <ItemType>1</ItemType>
      <ItemName>מארז זוג מברשת שיניי</ItemName>
      <ManufacturerName>,</ManufacturerName>
      <ManufactureCountry>לא ידוע</ManufactureCountry>
      <ManufacturerItemDescription>מארז זוג מברשת שיניים סלים סופט</ManufacturerItemDescription>
      <UnitQty>Unknown </UnitQty>
      <Quantity>0.00</Quantity>
      <UnitOfMeasure>Unknown </UnitOfMeasure>
      <bIsWeighted>0</bIsWeighted>
      <QtyInPackage>1</QtyInPackage>
      <ItemPrice>26.90</ItemPrice>
      <UnitOfMeasurePrice>0.0000</UnitOfMeasurePrice>
      <AllowDiscount>1</AllowDiscount>
      <ItemStatus>1</ItemStatus>
      <ItemId>265361</ItemId>
    </Item>
    <Item>
      <PriceUpdateDate>2015-09-21 14:46:03</PriceUpdateDate>
      <ItemCode>3031849</ItemCode>
      <ItemType>0</ItemType>
      <ItemName>צמד כפרית ברביקיו וד</ItemName>
      <ManufacturerName>,</ManufacturerName>
      <ManufactureCountry>לא ידוע</ManufactureCountry>
      <ManufacturerItemDescription>צמד כפרית ברביקיו ודבש 600 גרם מחפוד</ManufacturerItemDescription>
      <UnitQty>גרמים</UnitQty>
      <Quantity>600.00</Quantity>
      <UnitOfMeasure>100 גרם</UnitOfMeasure>
      <bIsWeighted>0</bIsWeighted>
      <QtyInPackage>1</QtyInPackage>
      <ItemPrice>26.90</ItemPrice>
      <UnitOfMeasurePrice>4.4833</UnitOfMeasurePrice>
      <AllowDiscount>1</AllowDiscount>
      <ItemStatus>1</ItemStatus>
      <ItemId>265382</ItemId>
    </Item>
    <Item>
      <PriceUpdateDate>2016-05-23 14:34:15</PriceUpdateDate>
      <ItemCode>9001148803103</ItemCode>
      <ItemType>0</ItemType>
      <ItemName>שיני שום  מקולף 250</ItemName>
      <ManufacturerName>,</ManufacturerName>
      <ManufactureCountry>לא ידוע</ManufactureCountry>
      <ManufacturerItemDescription>שיני שום  מקולף 500 גרם</ManufacturerItemDescription>
      <UnitQty>גרמים</UnitQty>
      <Quantity>500.00</Quantity>
      <UnitOfMeasure>100 גרם</UnitOfMeasure>
      <bIsWeighted>0</bIsWeighted>
      <QtyInPackage>1</QtyInPackage>
      <ItemPrice>19.90</ItemPrice>
      <UnitOfMeasurePrice>3.9800</UnitOfMeasurePrice>
      <AllowDiscount>1</AllowDiscount>
      <ItemStatus>1</ItemStatus>
      <ItemId>265386</ItemId>
    </Item>
    <Item>
      <PriceUpdateDate>2015-09-21 16:50:47</PriceUpdateDate>
      <ItemCode>7290002439189</ItemCode>
      <ItemType>1</ItemType>
      <ItemName>גבינה צהובה מגורדת ע</ItemName>
      <ManufacturerName>,</ManufacturerName>
      <ManufactureCountry>לא ידוע</ManufactureCountry>
      <ManufacturerItemDescription>גבינה צהובה מגורדת עלמה 500 גרם</ManufacturerItemDescription>
      <UnitQty>גרמים</UnitQty>
      <Quantity>500.00</Quantity>
      <UnitOfMeasure>100 גרם</UnitOfMeasure>
      <bIsWeighted>0</bIsWeighted>
      <QtyInPackage>1</QtyInPackage>
      <ItemPrice>19.90</ItemPrice>
      <UnitOfMeasurePrice>3.9800</UnitOfMeasurePrice>
      <AllowDiscount>1</AllowDiscount>
      <ItemStatus>1</ItemStatus>
      <ItemId>265391</ItemId>
    </Item>
    <Item>
      <PriceUpdateDate>2015-10-11 11:26:11</PriceUpdateDate>
      <ItemCode>7290015842723</ItemCode>
      <ItemType>0</ItemType>
      <ItemName>כוסות ח"פ 100 יח צבע</ItemName>
      <ManufacturerName>,</ManufacturerName>
      <ManufactureCountry>לא ידוע</ManufactureCountry>
      <ManufacturerItemDescription>כוסות ח"פ 100 יח צבעוני</ManufacturerItemDescription>
      <UnitQty>Unknown </UnitQty>
      <Quantity>0.00</Quantity>
      <UnitOfMeasure>Unknown </UnitOfMeasure>
      <bIsWeighted>0</bIsWeighted>
      <QtyInPackage>1</QtyInPackage>
      <ItemPrice>2.50</ItemPrice>
      <UnitOfMeasurePrice>0.0000</UnitOfMeasurePrice>
      <AllowDiscount>1</AllowDiscount>
      <ItemStatus>1</ItemStatus>
      <ItemId>265428</ItemId>
    </Item>
    <Item>
      <PriceUpdateDate>2015-10-15 12:16:19</PriceUpdateDate>
      <ItemCode>7290107878869</ItemCode>
      <ItemType>0</ItemType>
      <ItemName>עוגת שוקולד דאבל ציפ</ItemName>
      <ManufacturerName>אסם</ManufacturerName>
      <ManufactureCountry>לא ידוע</ManufactureCountry>
      <ManufacturerItemDescription>עוגת שוקולד דאבל ציפס 340 גרם</ManufacturerItemDescription>
      <UnitQty>גרמים</UnitQty>
      <Quantity>340.00</Quantity>
      <UnitOfMeasure>100 גרם</UnitOfMeasure>
      <bIsWeighted>0</bIsWeighted>
      <QtyInPackage>1</QtyInPackage>
      <ItemPrice>9.90</ItemPrice>
      <UnitOfMeasurePrice>2.9118</UnitOfMeasurePrice>
      <AllowDiscount>1</AllowDiscount>
      <ItemStatus>1</ItemStatus>
      <ItemId>265461</ItemId>
    </Item>
    <Item>
      <PriceUpdateDate>2015-10-15 12:16:19</PriceUpdateDate>
      <ItemCode>7290107878845</ItemCode>
      <ItemType>0</ItemType>
      <ItemName>עוגת שוקולד ציפוי אג</ItemName>
      <ManufacturerName>אסם</ManufacturerName>
      <ManufactureCountry>לא ידוע</ManufactureCountry>
      <ManufacturerItemDescription>עוגת שוקולד ציפוי אגוזים 320 גרם</ManufacturerItemDescription>
      <UnitQty>גרמים</UnitQty>
      <Quantity>320.00</Quantity>
      <UnitOfMeasure>100 גרם</UnitOfMeasure>
      <bIsWeighted>0</bIsWeighted>
      <QtyInPackage>1</QtyInPackage>
      <ItemPrice>9.90</ItemPrice>
      <UnitOfMeasurePrice>3.0938</UnitOfMeasurePrice>
      <AllowDiscount>1</AllowDiscount>
      <ItemStatus>1</ItemStatus>
      <ItemId>265462</ItemId>
    </Item>
    <Item>
      <PriceUpdateDate>2015-10-15 12:16:19</PriceUpdateDate>
      <ItemCode>7290107871761</ItemCode>
      <ItemType>0</ItemType>
      <ItemName>לחמית ירקות קלויים 1</ItemName>
      <ManufacturerName>אסם</ManufacturerName>
      <ManufactureCountry>לא ידוע</ManufactureCountry>
      <ManufacturerItemDescription>לחמית ירקות קלויים 160 גרם</ManufacturerItemDescription>
      <UnitQty>גרמים</UnitQty>
      <Quantity>160.00</Quantity>
      <UnitOfMeasure>100 גרם</UnitOfMeasure>
      <bIsWeighted>0</bIsWeighted>
      <QtyInPackage>1</QtyInPackage>
      <ItemPrice>9.90</ItemPrice>
      <UnitOfMeasurePrice>6.1875</UnitOfMeasurePrice>
      <AllowDiscount>1</AllowDiscount>
      <ItemStatus>1</ItemStatus>
      <ItemId>265463</ItemId>
    </Item>
    <Item>
      <PriceUpdateDate>2015-10-19 10:10:53</PriceUpdateDate>
      <ItemCode>7290002866992</ItemCode>
      <ItemType>1</ItemType>
      <ItemName>פילה אמנון טרי ארוז</ItemName>
      <ManufacturerName>,</ManufacturerName>
      <ManufactureCountry>לא ידוע</ManufactureCountry>
      <ManufacturerItemDescription>פילה אמנון טרי ארוז במשקל</ManufacturerItemDescription>
      <UnitQty>קילוגרמים</UnitQty>
      <Quantity>1.00</Quantity>
      <UnitOfMeasure>ק"ג</UnitOfMeasure>
      <bIsWeighted>1</bIsWeighted>
      <QtyInPackage>לא ידוע</QtyInPackage>
      <ItemPrice>79.90</ItemPrice>
      <UnitOfMeasurePrice>79.9000</UnitOfMeasurePrice>
      <AllowDiscount>1</AllowDiscount>
      <ItemStatus>1</ItemStatus>
      <ItemId>265469</ItemId>
    </Item>
    <Item>
      <PriceUpdateDate>2016-08-08 08:54:28</PriceUpdateDate>
      <ItemCode>7290002866916</ItemCode>
      <ItemType>1</ItemType>
      <ItemName>פילה סלמון טרי ארוז</ItemName>
      <ManufacturerName>,</ManufacturerName>
      <ManufactureCountry>לא ידוע</ManufactureCountry>
      <ManufacturerItemDescription>פילה סלמון טרי ארוז במשקל</ManufacturerItemDescription>
      <UnitQty>קילוגרמים</UnitQty>
      <Quantity>1.00</Quantity>
      <UnitOfMeasure>ק"ג</UnitOfMeasure>
      <bIsWeighted>1</bIsWeighted>
      <QtyInPackage>לא ידוע</QtyInPackage>
      <ItemPrice>119.90</ItemPrice>
      <UnitOfMeasurePrice>119.9000</UnitOfMeasurePrice>
      <AllowDiscount>1</AllowDiscount>
      <ItemStatus>1</ItemStatus>
      <ItemId>265470</ItemId>
    </Item>
    <Item>
      <PriceUpdateDate>2016-08-08 08:54:28</PriceUpdateDate>
      <ItemCode>7290002866978</ItemCode>
      <ItemType>1</ItemType>
      <ItemName>קרפיון פרוס טרי ארוז</ItemName>
      <ManufacturerName>,</ManufacturerName>
      <ManufactureCountry>לא ידוע</ManufactureCountry>
      <ManufacturerItemDescription>קרפיון פרוס טרי ארוז במשקל</ManufacturerItemDescription>
      <UnitQty>קילוגרמים</UnitQty>
      <Quantity>1.00</Quantity>
      <UnitOfMeasure>ק"ג</UnitOfMeasure>
      <bIsWeighted>1</bIsWeighted>
      <QtyInPackage>לא ידוע</QtyInPackage>
      <ItemPrice>49.90</ItemPrice>
      <UnitOfMeasurePrice>49.9000</UnitOfMeasurePrice>
      <AllowDiscount>1</AllowDiscount>
      <ItemStatus>1</ItemStatus>
      <ItemId>265475</ItemId>
    </Item>
    <Item>
      <PriceUpdateDate>2015-10-21 18:55:47</PriceUpdateDate>
      <ItemCode>7290014562585</ItemCode>
      <ItemType>1</ItemType>
      <ItemName>דייסת וניל 200 גרם</ItemName>
      <ManufacturerName>,</ManufacturerName>
      <ManufactureCountry>לא ידוע</ManufactureCountry>
      <ManufacturerItemDescription>דייסת וניל 200 גרם</ManufacturerItemDescription>
      <UnitQty>גרמים</UnitQty>
      <Quantity>200.00</Quantity>
      <UnitOfMeasure>100 גרם</UnitOfMeasure>
      <bIsWeighted>0</bIsWeighted>
      <QtyInPackage>1</QtyInPackage>
      <ItemPrice>8.80</ItemPrice>
      <UnitOfMeasurePrice>4.4000</UnitOfMeasurePrice>
      <AllowDiscount>1</AllowDiscount>
      <ItemStatus>1</ItemStatus>
      <ItemId>265476</ItemId>
    </Item>
    <Item>
      <PriceUpdateDate>2015-10-19 10:36:09</PriceUpdateDate>
      <ItemCode>7290014562233</ItemCode>
      <ItemType>1</ItemType>
      <ItemName>קורנפלקס ל.גלוטן 375</ItemName>
      <ManufacturerName>,</ManufacturerName>
      <ManufactureCountry>לא ידוע</ManufactureCountry>
      <ManufacturerItemDescription>קורנפלקס ל.גלוטן 375 ג בדץ</ManufacturerItemDescription>
      <UnitQty>גרמים</UnitQty>
      <Quantity>375.00</Quantity>
      <UnitOfMeasure>100 גרם</UnitOfMeasure>
      <bIsWeighted>0</bIsWeighted>
      <QtyInPackage>1</QtyInPackage>
      <ItemPrice>9.90</ItemPrice>
      <UnitOfMeasurePrice>2.6400</UnitOfMeasurePrice>
      <AllowDiscount>1</AllowDiscount>
      <ItemStatus>1</ItemStatus>
      <ItemId>265477</ItemId>
    </Item>
    <Item>
      <PriceUpdateDate>2015-10-19 10:36:09</PriceUpdateDate>
      <ItemCode>7290014562240</ItemCode>
      <ItemType>1</ItemType>
      <ItemName>קורנפלקס ל.גלוטן ל.ס</ItemName>
      <ManufacturerName>,</ManufacturerName>
      <ManufactureCountry>לא ידוע</ManufactureCountry>
      <ManufacturerItemDescription>קורנפלקס ל.גלוטן ל.סוכר 375 ג בדץ</ManufacturerItemDescription>
      <UnitQty>גרמים</UnitQty>
      <Quantity>375.00</Quantity>
      <UnitOfMeasure>100 גרם</UnitOfMeasure>
      <bIsWeighted>0</bIsWeighted>
      <QtyInPackage>1</QtyInPackage>
      <ItemPrice>9.90</ItemPrice>
      <UnitOfMeasurePrice>2.6400</UnitOfMeasurePrice>
      <AllowDiscount>1</AllowDiscount>
      <ItemStatus>1</ItemStatus>
      <ItemId>265478</ItemId>
    </Item>
    <Item>
      <PriceUpdateDate>2015-10-19 11:50:55</PriceUpdateDate>
      <ItemCode>7290005431685</ItemCode>
      <ItemType>1</ItemType>
      <ItemName>מארז זוג עוגת גבינה</ItemName>
      <ManufacturerName>,</ManufacturerName>
      <ManufactureCountry>לא ידוע</ManufactureCountry>
      <ManufacturerItemDescription>מארז זוג עוגת גבינה וביסקוויטים</ManufacturerItemDescription>
      <UnitQty>לא מנהל יחידת מידה</UnitQty>
      <Quantity>0.00</Quantity>
      <UnitOfMeasure>לא מנהל יחידת מידה</UnitOfMeasure>
      <bIsWeighted>0</bIsWeighted>
      <QtyInPackage>1</QtyInPackage>
      <ItemPrice>11.90</ItemPrice>
      <UnitOfMeasurePrice>0.0000</UnitOfMeasurePrice>
      <AllowDiscount>1</AllowDiscount>
      <ItemStatus>1</ItemStatus>
      <ItemId>265479</ItemId>
    </Item>
    <Item>
      <PriceUpdateDate>2015-10-19 11:50:55</PriceUpdateDate>
      <ItemCode>7290005431692</ItemCode>
      <ItemType>1</ItemType>
      <ItemName>מארז עוגת גבינה ואוכ</ItemName>
      <ManufacturerName>,</ManufacturerName>
      <ManufactureCountry>לא ידוע</ManufactureCountry>
      <ManufacturerItemDescription>מארז עוגת גבינה ואוכמניות</ManufacturerItemDescription>
      <UnitQty>לא מנהל יחידת מידה</UnitQty>
      <Quantity>0.00</Quantity>
      <UnitOfMeasure>לא מנהל יחידת מידה</UnitOfMeasure>
      <bIsWeighted>0</bIsWeighted>
      <QtyInPackage>1</QtyInPackage>
      <ItemPrice>11.90</ItemPrice>
      <UnitOfMeasurePrice>0.0000</UnitOfMeasurePrice>
      <AllowDiscount>1</AllowDiscount>
      <ItemStatus>1</ItemStatus>
      <ItemId>265480</ItemId>
    </Item>
    <Item>
      <PriceUpdateDate>2015-10-19 11:50:55</PriceUpdateDate>
      <ItemCode>7290005431708</ItemCode>
      <ItemType>1</ItemType>
      <ItemName>מארז עוגת גבינה ושוק</ItemName>
      <ManufacturerName>,</ManufacturerName>
      <ManufactureCountry>לא ידוע</ManufactureCountry>
      <ManufacturerItemDescription>מארז עוגת גבינה ושוקלד</ManufacturerItemDescription>
      <UnitQty>לא מנהל יחידת מידה</UnitQty>
      <Quantity>0.00</Quantity>
      <UnitOfMeasure>לא מנהל יחידת מידה</UnitOfMeasure>
      <bIsWeighted>0</bIsWeighted>
      <QtyInPackage>1</QtyInPackage>
      <ItemPrice>11.90</ItemPrice>
      <UnitOfMeasurePrice>0.0000</UnitOfMeasurePrice>
      <AllowDiscount>1</AllowDiscount>
      <ItemStatus>1</ItemStatus>
      <ItemId>265481</ItemId>
    </Item>
    <Item>
      <PriceUpdateDate>2016-02-10 16:25:50</PriceUpdateDate>
      <ItemCode>4791021001096</ItemCode>
      <ItemType>0</ItemType>
      <ItemName>תה בטעם משובח 100 שק</ItemName>
      <ManufacturerName>,</ManufacturerName>
      <ManufactureCountry>לא ידוע</ManufactureCountry>
      <ManufacturerItemDescription>תה בטעם משובח 100 שקיקים</ManufacturerItemDescription>
      <UnitQty>גרמים</UnitQty>
      <Quantity>200.00</Quantity>
      <UnitOfMeasure>100 גרם</UnitOfMeasure>
      <bIsWeighted>0</bIsWeighted>
      <QtyInPackage>1</QtyInPackage>
      <ItemPrice>19.90</ItemPrice>
      <UnitOfMeasurePrice>9.9500</UnitOfMeasurePrice>
      <AllowDiscount>1</AllowDiscount>
      <ItemStatus>1</ItemStatus>
      <ItemId>266794</ItemId>
    </Item>
    <Item>
      <PriceUpdateDate>2015-10-20 15:10:48</PriceUpdateDate>
      <ItemCode>7290000432144</ItemCode>
      <ItemType>1</ItemType>
      <ItemName>נרות שבת 72 יח</ItemName>
      <ManufacturerName>,</ManufacturerName>
      <ManufactureCountry>לא ידוע</ManufactureCountry>
      <ManufacturerItemDescription>נרות שבת 72 יח</ManufacturerItemDescription>
      <UnitQty>Unknown </UnitQty>
      <Quantity>0.00</Quantity>
      <UnitOfMeasure>Unknown </UnitOfMeasure>
      <bIsWeighted>0</bIsWeighted>
      <QtyInPackage>1</QtyInPackage>
      <ItemPrice>18.90</ItemPrice>
      <UnitOfMeasurePrice>0.0000</UnitOfMeasurePrice>
      <AllowDiscount>1</AllowDiscount>
      <ItemStatus>1</ItemStatus>
      <ItemId>265508</ItemId>
    </Item>
    <Item>
      <PriceUpdateDate>2015-10-20 15:10:48</PriceUpdateDate>
      <ItemCode>7290104852176</ItemCode>
      <ItemType>1</ItemType>
      <ItemName>נר נשמה בפחית פאלאס</ItemName>
      <ManufacturerName>,</ManufacturerName>
      <ManufactureCountry>לא ידוע</ManufactureCountry>
      <ManufacturerItemDescription>נר נשמה בפחית פאלאס</ManufacturerItemDescription>
      <UnitQty>Unknown </UnitQty>
      <Quantity>0.00</Quantity>
      <UnitOfMeasure>Unknown </UnitOfMeasure>
      <bIsWeighted>0</bIsWeighted>
      <QtyInPackage>1</QtyInPackage>
      <ItemPrice>1.20</ItemPrice>
      <UnitOfMeasurePrice>0.0000</UnitOfMeasurePrice>
      <AllowDiscount>1</AllowDiscount>
      <ItemStatus>1</ItemStatus>
      <ItemId>265509</ItemId>
    </Item>
    <Item>
      <PriceUpdateDate>2015-10-20 15:10:48</PriceUpdateDate>
      <ItemCode>7290000432359</ItemCode>
      <ItemType>1</ItemType>
      <ItemName>נר נשמה בכוס שבועי פ</ItemName>
      <ManufacturerName>,</ManufacturerName>
      <ManufactureCountry>לא ידוע</ManufactureCountry>
      <ManufacturerItemDescription>נר נשמה בכוס שבועי פאלאס</ManufacturerItemDescription>
      <UnitQty>Unknown </UnitQty>
      <Quantity>0.00</Quantity>
      <UnitOfMeasure>Unknown </UnitOfMeasure>
      <bIsWeighted>0</bIsWeighted>
      <QtyInPackage>1</QtyInPackage>
      <ItemPrice>8.90</ItemPrice>
      <UnitOfMeasurePrice>0.0000</UnitOfMeasurePrice>
      <AllowDiscount>1</AllowDiscount>
      <ItemStatus>1</ItemStatus>
      <ItemId>265510</ItemId>
    </Item>
    <Item>
      <PriceUpdateDate>2015-10-20 15:10:48</PriceUpdateDate>
      <ItemCode>7290000432205</ItemCode>
      <ItemType>1</ItemType>
      <ItemName>נרות תמיד בכוס 48 שע</ItemName>
      <ManufacturerName>,</ManufacturerName>
      <ManufactureCountry>לא ידוע</ManufactureCountry>
      <ManufacturerItemDescription>נרות תמיד בכוס 48 שעות</ManufacturerItemDescription>
      <UnitQty>Unknown </UnitQty>
      <Quantity>0.00</Quantity>
      <UnitOfMeasure>Unknown </UnitOfMeasure>
      <bIsWeighted>0</bIsWeighted>
      <QtyInPackage>1</QtyInPackage>
      <ItemPrice>3.90</ItemPrice>
      <UnitOfMeasurePrice>0.0000</UnitOfMeasurePrice>
      <AllowDiscount>1</AllowDiscount>
      <ItemStatus>1</ItemStatus>
      <ItemId>265511</ItemId>
    </Item>
    <Item>
      <PriceUpdateDate>2015-10-20 15:10:48</PriceUpdateDate>
      <ItemCode>7290000432335</ItemCode>
      <ItemType>1</ItemType>
      <ItemName>נרות זכרון בכוס 72 ש</ItemName>
      <ManufacturerName>,</ManufacturerName>
      <ManufactureCountry>לא ידוע</ManufactureCountry>
      <ManufacturerItemDescription>נרות זכרון בכוס 72 שעות פאלאס</ManufacturerItemDescription>
      <UnitQty>Unknown </UnitQty>
      <Quantity>0.00</Quantity>
      <UnitOfMeasure>Unknown </UnitOfMeasure>
      <bIsWeighted>0</bIsWeighted>
      <QtyInPackage>1</QtyInPackage>
      <ItemPrice>4.50</ItemPrice>
      <UnitOfMeasurePrice>0.0000</UnitOfMeasurePrice>
      <AllowDiscount>1</AllowDiscount>
      <ItemStatus>1</ItemStatus>
      <ItemId>265512</ItemId>
    </Item>
    <Item>
      <PriceUpdateDate>2016-06-19 10:07:56</PriceUpdateDate>
      <ItemCode>838948000048</ItemCode>
      <ItemType>1</ItemType>
      <ItemName>ממרח שוקולד אגוזים פ</ItemName>
      <ManufacturerName>,</ManufacturerName>
      <ManufactureCountry>לא ידוע</ManufactureCountry>
      <ManufacturerItemDescription>ממרח שוקולד אגוזים פרווה 750 גרם</ManufacturerItemDescription>
      <UnitQty>גרמים</UnitQty>
      <Quantity>750.00</Quantity>
      <UnitOfMeasure>100 גרם</UnitOfMeasure>
      <bIsWeighted>0</bIsWeighted>
      <QtyInPackage>1</QtyInPackage>
      <ItemPrice>19.90</ItemPrice>
      <UnitOfMeasurePrice>2.6533</UnitOfMeasurePrice>
      <AllowDiscount>1</AllowDiscount>
      <ItemStatus>1</ItemStatus>
      <ItemId>265544</ItemId>
    </Item>
    <Item>
      <PriceUpdateDate>2015-10-25 14:49:17</PriceUpdateDate>
      <ItemCode>7290106504769</ItemCode>
      <ItemType>1</ItemType>
      <ItemName>מארז פמפרס פרימיום ר</ItemName>
      <ManufacturerName>פרוקטר</ManufacturerName>
      <ManufactureCountry>לא ידוע</ManufactureCountry>
      <ManufacturerItemDescription>מארז פמפרס פרימיום רביעיה מידה 2 88 יח</ManufacturerItemDescription>
      <UnitQty>Unknown </UnitQty>
      <Quantity>0.00</Quantity>
      <UnitOfMeasure>Unknown </UnitOfMeasure>
      <bIsWeighted>0</bIsWeighted>
      <QtyInPackage>1</QtyInPackage>
      <ItemPrice>79.90</ItemPrice>
      <UnitOfMeasurePrice>0.0000</UnitOfMeasurePrice>
      <AllowDiscount>1</AllowDiscount>
      <ItemStatus>1</ItemStatus>
      <ItemId>265551</ItemId>
    </Item>
    <Item>
      <PriceUpdateDate>2015-10-25 14:49:18</PriceUpdateDate>
      <ItemCode>7290106504776</ItemCode>
      <ItemType>1</ItemType>
      <ItemName>מארז פמפרס פרימיום ר</ItemName>
      <ManufacturerName>פרוקטר</ManufacturerName>
      <ManufactureCountry>לא ידוע</ManufactureCountry>
      <ManufacturerItemDescription>מארז פמפרס פרימיום רביעיה מידה 3 80 יח</ManufacturerItemDescription>
      <UnitQty>Unknown </UnitQty>
      <Quantity>0.00</Quantity>
      <UnitOfMeasure>Unknown </UnitOfMeasure>
      <bIsWeighted>0</bIsWeighted>
      <QtyInPackage>1</QtyInPackage>
      <ItemPrice>79.90</ItemPrice>
      <UnitOfMeasurePrice>0.0000</UnitOfMeasurePrice>
      <AllowDiscount>1</AllowDiscount>
      <ItemStatus>1</ItemStatus>
      <ItemId>265552</ItemId>
    </Item>
    <Item>
      <PriceUpdateDate>2015-10-25 14:49:18</PriceUpdateDate>
      <ItemCode>7290106504783</ItemCode>
      <ItemType>1</ItemType>
      <ItemName>מארז פמפרס פרימיום ר</ItemName>
      <ManufacturerName>פרוקטר</ManufacturerName>
      <ManufactureCountry>לא ידוע</ManufactureCountry>
      <ManufacturerItemDescription>מארז פמפרס פרימיום רביעיה מידה 4 80 יח</ManufacturerItemDescription>
      <UnitQty>Unknown </UnitQty>
      <Quantity>0.00</Quantity>
      <UnitOfMeasure>Unknown </UnitOfMeasure>
      <bIsWeighted>0</bIsWeighted>
      <QtyInPackage>1</QtyInPackage>
      <ItemPrice>79.90</ItemPrice>
      <UnitOfMeasurePrice>0.0000</UnitOfMeasurePrice>
      <AllowDiscount>1</AllowDiscount>
      <ItemStatus>1</ItemStatus>
      <ItemId>265553</ItemId>
    </Item>
    <Item>
      <PriceUpdateDate>2015-10-25 14:49:18</PriceUpdateDate>
      <ItemCode>7290106504790</ItemCode>
      <ItemType>1</ItemType>
      <ItemName>מארז פמפרס פרימיום ר</ItemName>
      <ManufacturerName>פרוקטר</ManufacturerName>
      <ManufactureCountry>לא ידוע</ManufactureCountry>
      <ManufacturerItemDescription>מארז פמפרס פרימיום רביעיה מידה 5 72 יח</ManufacturerItemDescription>
      <UnitQty>Unknown </UnitQty>
      <Quantity>0.00</Quantity>
      <UnitOfMeasure>Unknown </UnitOfMeasure>
      <bIsWeighted>0</bIsWeighted>
      <QtyInPackage>1</QtyInPackage>
      <ItemPrice>79.90</ItemPrice>
      <UnitOfMeasurePrice>0.0000</UnitOfMeasurePrice>
      <AllowDiscount>1</AllowDiscount>
      <ItemStatus>1</ItemStatus>
      <ItemId>265554</ItemId>
    </Item>
    <Item>
      <PriceUpdateDate>2015-10-26 18:31:28</PriceUpdateDate>
      <ItemCode>7290107970952</ItemCode>
      <ItemType>1</ItemType>
      <ItemName>קולגייט מארז טוטאל פ</ItemName>
      <ManufacturerName>,</ManufacturerName>
      <ManufactureCountry>לא ידוע</ManufactureCountry>
      <ManufacturerItemDescription>קולגייט מארז טוטאל פסים+סלים סופט</ManufacturerItemDescription>
      <UnitQty>Unknown </UnitQty>
      <Quantity>0.00</Quantity>
      <UnitOfMeasure>Unknown </UnitOfMeasure>
      <bIsWeighted>0</bIsWeighted>
      <QtyInPackage>1</QtyInPackage>
      <ItemPrice>29.90</ItemPrice>
      <UnitOfMeasurePrice>0.0000</UnitOfMeasurePrice>
      <AllowDiscount>1</AllowDiscount>
      <ItemStatus>1</ItemStatus>
      <ItemId>265628</ItemId>
    </Item>
    <Item>
      <PriceUpdateDate>2015-10-26 18:31:28</PriceUpdateDate>
      <ItemCode>7290107879491</ItemCode>
      <ItemType>0</ItemType>
      <ItemName>גלידת גויה נוצולה 50</ItemName>
      <ManufacturerName>גלידות נסטלה</ManufacturerName>
      <ManufactureCountry>לא ידוע</ManufactureCountry>
      <ManufacturerItemDescription>גלידת גויה נוצולה 500 מ"ל</ManufacturerItemDescription>
      <UnitQty>מיליליטרים</UnitQty>
      <Quantity>500.00</Quantity>
      <UnitOfMeasure>100 מ"ל</UnitOfMeasure>
      <bIsWeighted>0</bIsWeighted>
      <QtyInPackage>1</QtyInPackage>
      <ItemPrice>18.90</ItemPrice>
      <UnitOfMeasurePrice>3.7800</UnitOfMeasurePrice>
      <AllowDiscount>1</AllowDiscount>
      <ItemStatus>1</ItemStatus>
      <ItemId>265640</ItemId>
    </Item>
    <Item>
      <PriceUpdateDate>2015-10-26 18:31:28</PriceUpdateDate>
      <ItemCode>7290107879477</ItemCode>
      <ItemType>0</ItemType>
      <ItemName>גלידת גויה טופי בננה</ItemName>
      <ManufacturerName>גלידות נסטלה</ManufacturerName>
      <ManufactureCountry>לא ידוע</ManufactureCountry>
      <ManufacturerItemDescription>גלידת גויה טופי בננה 500 מ"ל</ManufacturerItemDescription>
      <UnitQty>מיליליטרים</UnitQty>
      <Quantity>500.00</Quantity>
      <UnitOfMeasure>100 מ"ל</UnitOfMeasure>
      <bIsWeighted>0</bIsWeighted>
      <QtyInPackage>1</QtyInPackage>
      <ItemPrice>18.90</ItemPrice>
      <UnitOfMeasurePrice>3.7800</UnitOfMeasurePrice>
      <AllowDiscount>1</AllowDiscount>
      <ItemStatus>1</ItemStatus>
      <ItemId>265642</ItemId>
    </Item>
    <Item>
      <PriceUpdateDate>2015-10-26 19:21:07</PriceUpdateDate>
      <ItemCode>7290105368355</ItemCode>
      <ItemType>0</ItemType>
      <ItemName>מעדן מילקי שוקולד עש</ItemName>
      <ManufacturerName>שטראוס</ManufacturerName>
      <ManufactureCountry>לא ידוע</ManufactureCountry>
      <ManufacturerItemDescription>מילקי שוקולד עשיר 133 מ"ל רובין מהדרין</ManufacturerItemDescription>
      <UnitQty>מיליליטרים</UnitQty>
      <Quantity>133.00</Quantity>
      <UnitOfMeasure>100 מ"ל</UnitOfMeasure>
      <bIsWeighted>0</bIsWeighted>
      <QtyInPackage>1</QtyInPackage>
      <ItemPrice>3.50</ItemPrice>
      <UnitOfMeasurePrice>2.6316</UnitOfMeasurePrice>
      <AllowDiscount>1</AllowDiscount>
      <ItemStatus>1</ItemStatus>
      <ItemId>265645</ItemId>
    </Item>
    <Item>
      <PriceUpdateDate>2015-10-27 18:55:56</PriceUpdateDate>
      <ItemCode>7290106721906</ItemCode>
      <ItemType>1</ItemType>
      <ItemName>צנצנת בזוקה מגדים</ItemName>
      <ManufacturerName>שטראוס</ManufacturerName>
      <ManufactureCountry>לא ידוע</ManufactureCountry>
      <ManufacturerItemDescription>צנצנת בזוקה מגדים</ManufacturerItemDescription>
      <UnitQty>גרמים</UnitQty>
      <Quantity>66.00</Quantity>
      <UnitOfMeasure>100 גרם</UnitOfMeasure>
      <bIsWeighted>0</bIsWeighted>
      <QtyInPackage>1</QtyInPackage>
      <ItemPrice>10.90</ItemPrice>
      <UnitOfMeasurePrice>16.5152</UnitOfMeasurePrice>
      <AllowDiscount>1</AllowDiscount>
      <ItemStatus>1</ItemStatus>
      <ItemId>265655</ItemId>
    </Item>
    <Item>
      <PriceUpdateDate>2015-10-28 16:01:18</PriceUpdateDate>
      <ItemCode>3574660574005</ItemCode>
      <ItemType>0</ItemType>
      <ItemName>גונסון בייבי אל סבון</ItemName>
      <ManufacturerName>גונסון</ManufacturerName>
      <ManufactureCountry>לא ידוע</ManufactureCountry>
      <ManufacturerItemDescription>גונסון בייבי אל סבון לאמבט 750 מ"ל</ManufacturerItemDescription>
      <UnitQty>מיליליטרים</UnitQty>
      <Quantity>750.00</Quantity>
      <UnitOfMeasure>100 מ"ל</UnitOfMeasure>
      <bIsWeighted>0</bIsWeighted>
      <QtyInPackage>1</QtyInPackage>
      <ItemPrice>16.90</ItemPrice>
      <UnitOfMeasurePrice>2.2533</UnitOfMeasurePrice>
      <AllowDiscount>1</AllowDiscount>
      <ItemStatus>1</ItemStatus>
      <ItemId>265691</ItemId>
    </Item>
    <Item>
      <PriceUpdateDate>2015-10-27 18:55:56</PriceUpdateDate>
      <ItemCode>7290107930321</ItemCode>
      <ItemType>0</ItemType>
      <ItemName>קונפיטורה דובדבן 340</ItemName>
      <ManufacturerName>יד מרדכי</ManufacturerName>
      <ManufactureCountry>לא ידוע</ManufactureCountry>
      <ManufacturerItemDescription>קונפיטורה דובדבן 340 גרם</ManufacturerItemDescription>
      <UnitQty>גרמים</UnitQty>
      <Quantity>340.00</Quantity>
      <UnitOfMeasure>100 גרם</UnitOfMeasure>
      <bIsWeighted>0</bIsWeighted>
      <QtyInPackage>1</QtyInPackage>
      <ItemPrice>11.90</ItemPrice>
      <UnitOfMeasurePrice>3.5000</UnitOfMeasurePrice>
      <AllowDiscount>1</AllowDiscount>
      <ItemStatus>1</ItemStatus>
      <ItemId>265656</ItemId>
    </Item>
    <Item>
      <PriceUpdateDate>2016-02-09 08:46:54</PriceUpdateDate>
      <ItemCode>7290106721920</ItemCode>
      <ItemType>1</ItemType>
      <ItemName>צנצנת גומי לעיסה ספי</ItemName>
      <ManufacturerName>שטראוס</ManufacturerName>
      <ManufactureCountry>לא ידוע</ManufactureCountry>
      <ManufacturerItemDescription>צנצנת בזוקה ספירמינט</ManufacturerItemDescription>
      <UnitQty>גרמים</UnitQty>
      <Quantity>66.00</Quantity>
      <UnitOfMeasure>100 גרם</UnitOfMeasure>
      <bIsWeighted>0</bIsWeighted>
      <QtyInPackage>1</QtyInPackage>
      <ItemPrice>9.90</ItemPrice>
      <UnitOfMeasurePrice>15.0000</UnitOfMeasurePrice>
      <AllowDiscount>1</AllowDiscount>
      <ItemStatus>1</ItemStatus>
      <ItemId>265660</ItemId>
    </Item>
    <Item>
      <PriceUpdateDate>2016-02-09 08:46:54</PriceUpdateDate>
      <ItemCode>7290106721913</ItemCode>
      <ItemType>1</ItemType>
      <ItemName>צנצנת בזוקה ריח פה</ItemName>
      <ManufacturerName>שטראוס</ManufacturerName>
      <ManufactureCountry>לא ידוע</ManufactureCountry>
      <ManufacturerItemDescription>צנצנת בזוקה ריח פה</ManufacturerItemDescription>
      <UnitQty>גרמים</UnitQty>
      <Quantity>66.00</Quantity>
      <UnitOfMeasure>100 גרם</UnitOfMeasure>
      <bIsWeighted>0</bIsWeighted>
      <QtyInPackage>1</QtyInPackage>
      <ItemPrice>9.90</ItemPrice>
      <UnitOfMeasurePrice>15.0000</UnitOfMeasurePrice>
      <AllowDiscount>1</AllowDiscount>
      <ItemStatus>1</ItemStatus>
      <ItemId>265661</ItemId>
    </Item>
    <Item>
      <PriceUpdateDate>2015-10-27 18:55:56</PriceUpdateDate>
      <ItemCode>7613033539169</ItemCode>
      <ItemType>1</ItemType>
      <ItemName>מטרנה מחית תפוח עץ ש</ItemName>
      <ManufacturerName>מטרנה</ManufacturerName>
      <ManufactureCountry>ישראל</ManufactureCountry>
      <ManufacturerItemDescription>מטרנה מחית פרי תפוח עץ שלב 3 190 גרם</ManufacturerItemDescription>
      <UnitQty>גרמים</UnitQty>
      <Quantity>190.00</Quantity>
      <UnitOfMeasure>100 גרם</UnitOfMeasure>
      <bIsWeighted>0</bIsWeighted>
      <QtyInPackage>1</QtyInPackage>
      <ItemPrice>5.50</ItemPrice>
      <UnitOfMeasurePrice>2.8947</UnitOfMeasurePrice>
      <AllowDiscount>1</AllowDiscount>
      <ItemStatus>1</ItemStatus>
      <ItemId>265662</ItemId>
    </Item>
    <Item>
      <PriceUpdateDate>2015-10-27 18:55:56</PriceUpdateDate>
      <ItemCode>7613033539800</ItemCode>
      <ItemType>1</ItemType>
      <ItemName>מטרנה מחית פירות טרו</ItemName>
      <ManufacturerName>מטרנה</ManufacturerName>
      <ManufactureCountry>ישראל</ManufactureCountry>
      <ManufacturerItemDescription>מטרנה מחית פירות טרופיים שלב 3 190 גרם</ManufacturerItemDescription>
      <UnitQty>גרמים</UnitQty>
      <Quantity>190.00</Quantity>
      <UnitOfMeasure>100 גרם</UnitOfMeasure>
      <bIsWeighted>0</bIsWeighted>
      <QtyInPackage>1</QtyInPackage>
      <ItemPrice>5.50</ItemPrice>
      <UnitOfMeasurePrice>2.8947</UnitOfMeasurePrice>
      <AllowDiscount>1</AllowDiscount>
      <ItemStatus>1</ItemStatus>
      <ItemId>265663</ItemId>
    </Item>
    <Item>
      <PriceUpdateDate>2015-10-27 18:55:57</PriceUpdateDate>
      <ItemCode>7613033691843</ItemCode>
      <ItemType>1</ItemType>
      <ItemName>מטרנה מחית מרק עגבני</ItemName>
      <ManufacturerName>מטרנה</ManufacturerName>
      <ManufactureCountry>ישראל</ManufactureCountry>
      <ManufacturerItemDescription>מטרנה מחית מרק עגבניות שלב 3 190 גרם</ManufacturerItemDescription>
      <UnitQty>גרמים</UnitQty>
      <Quantity>190.00</Quantity>
      <UnitOfMeasure>100 גרם</UnitOfMeasure>
      <bIsWeighted>0</bIsWeighted>
      <QtyInPackage>1</QtyInPackage>
      <ItemPrice>5.50</ItemPrice>
      <UnitOfMeasurePrice>2.8947</UnitOfMeasurePrice>
      <AllowDiscount>1</AllowDiscount>
      <ItemStatus>1</ItemStatus>
      <ItemId>265665</ItemId>
    </Item>
    <Item>
      <PriceUpdateDate>2015-10-27 18:55:57</PriceUpdateDate>
      <ItemCode>7290103157654</ItemCode>
      <ItemType>1</ItemType>
      <ItemName>קערה ענק פס כסף</ItemName>
      <ManufacturerName>,</ManufacturerName>
      <ManufactureCountry>לא ידוע</ManufactureCountry>
      <ManufacturerItemDescription>קערה ענק פס כסף</ManufacturerItemDescription>
      <UnitQty>Unknown </UnitQty>
      <Quantity>0.00</Quantity>
      <UnitOfMeasure>Unknown </UnitOfMeasure>
      <bIsWeighted>0</bIsWeighted>
      <QtyInPackage>1</QtyInPackage>
      <ItemPrice>5.90</ItemPrice>
      <UnitOfMeasurePrice>0.0000</UnitOfMeasurePrice>
      <AllowDiscount>1</AllowDiscount>
      <ItemStatus>1</ItemStatus>
      <ItemId>265673</ItemId>
    </Item>
    <Item>
      <PriceUpdateDate>2015-10-28 16:01:19</PriceUpdateDate>
      <ItemCode>8410076600622</ItemCode>
      <ItemType>0</ItemType>
      <ItemName>קראנצי חטיף גרנולה ש</ItemName>
      <ManufacturerName>גנרל מילס</ManufacturerName>
      <ManufactureCountry>לא ידוע</ManufactureCountry>
      <ManufacturerItemDescription>קראנצי חטיף גרנולה שבבי שוקולד 5*35 גרם</ManufacturerItemDescription>
      <UnitQty>גרמים</UnitQty>
      <Quantity>210.00</Quantity>
      <UnitOfMeasure>100 גרם</UnitOfMeasure>
      <bIsWeighted>0</bIsWeighted>
      <QtyInPackage>1</QtyInPackage>
      <ItemPrice>18.90</ItemPrice>
      <UnitOfMeasurePrice>9.0000</UnitOfMeasurePrice>
      <AllowDiscount>1</AllowDiscount>
      <ItemStatus>1</ItemStatus>
      <ItemId>265694</ItemId>
    </Item>
    <Item>
      <PriceUpdateDate>2015-10-28 16:01:19</PriceUpdateDate>
      <ItemCode>7290014562783</ItemCode>
      <ItemType>1</ItemType>
      <ItemName>תרכיז רימונים 250 מ"</ItemName>
      <ManufacturerName>בטר אנד דיפרנט</ManufacturerName>
      <ManufactureCountry>ישראל</ManufactureCountry>
      <ManufacturerItemDescription>תרכיז רימונים 250 מ"ל ללא תוספת סוכר</ManufacturerItemDescription>
      <UnitQty>גרמים</UnitQty>
      <Quantity>250.00</Quantity>
      <UnitOfMeasure>100 גרם</UnitOfMeasure>
      <bIsWeighted>0</bIsWeighted>
      <QtyInPackage>1</QtyInPackage>
      <ItemPrice>9.90</ItemPrice>
      <UnitOfMeasurePrice>3.9600</UnitOfMeasurePrice>
      <AllowDiscount>1</AllowDiscount>
      <ItemStatus>1</ItemStatus>
      <ItemId>265696</ItemId>
    </Item>
    <Item>
      <PriceUpdateDate>2015-10-28 16:01:19</PriceUpdateDate>
      <ItemCode>7290014562714</ItemCode>
      <ItemType>1</ItemType>
      <ItemName>מחית תפוח ואגס 500 ג</ItemName>
      <ManufacturerName>בולנד פיליפ</ManufacturerName>
      <ManufactureCountry>לא ידוע</ManufactureCountry>
      <ManufacturerItemDescription>מחית תפוח ואגס 500 גרם ללא סוכר</ManufacturerItemDescription>
      <UnitQty>גרמים</UnitQty>
      <Quantity>500.00</Quantity>
      <UnitOfMeasure>100 גרם</UnitOfMeasure>
      <bIsWeighted>0</bIsWeighted>
      <QtyInPackage>1</QtyInPackage>
      <ItemPrice>9.90</ItemPrice>
      <UnitOfMeasurePrice>1.9800</UnitOfMeasurePrice>
      <AllowDiscount>1</AllowDiscount>
      <ItemStatus>1</ItemStatus>
      <ItemId>265699</ItemId>
    </Item>
    <Item>
      <PriceUpdateDate>2015-10-28 16:01:19</PriceUpdateDate>
      <ItemCode>7290108200201</ItemCode>
      <ItemType>0</ItemType>
      <ItemName>וניש גולד אבקה 1.35</ItemName>
      <ManufacturerName>,</ManufacturerName>
      <ManufactureCountry>לא ידוע</ManufactureCountry>
      <ManufacturerItemDescription>וניש גולד אבקה 1.35 ק"ג</ManufacturerItemDescription>
      <UnitQty>קילוגרמים</UnitQty>
      <Quantity>1.35</Quantity>
      <UnitOfMeasure>ק"ג     </UnitOfMeasure>
      <bIsWeighted>0</bIsWeighted>
      <QtyInPackage>1</QtyInPackage>
      <ItemPrice>29.90</ItemPrice>
      <UnitOfMeasurePrice>22.1481</UnitOfMeasurePrice>
      <AllowDiscount>1</AllowDiscount>
      <ItemStatus>1</ItemStatus>
      <ItemId>265705</ItemId>
    </Item>
    <Item>
      <PriceUpdateDate>2015-10-28 16:01:19</PriceUpdateDate>
      <ItemCode>7290108200218</ItemCode>
      <ItemType>0</ItemType>
      <ItemName>וניש גולד אבקה 1.35</ItemName>
      <ManufacturerName>,</ManufacturerName>
      <ManufactureCountry>לא ידוע</ManufactureCountry>
      <ManufacturerItemDescription>וניש גולד אבקה 1.35 ק"ג לבן</ManufacturerItemDescription>
      <UnitQty>קילוגרמים</UnitQty>
      <Quantity>1.35</Quantity>
      <UnitOfMeasure>ק"ג     </UnitOfMeasure>
      <bIsWeighted>0</bIsWeighted>
      <QtyInPackage>1</QtyInPackage>
      <ItemPrice>29.90</ItemPrice>
      <UnitOfMeasurePrice>22.1481</UnitOfMeasurePrice>
      <AllowDiscount>1</AllowDiscount>
      <ItemStatus>1</ItemStatus>
      <ItemId>265706</ItemId>
    </Item>
    <Item>
      <PriceUpdateDate>2015-10-28 16:01:19</PriceUpdateDate>
      <ItemCode>7290108200188</ItemCode>
      <ItemType>0</ItemType>
      <ItemName>וניש גולד גל 940  מ"</ItemName>
      <ManufacturerName>,</ManufacturerName>
      <ManufactureCountry>לא ידוע</ManufactureCountry>
      <ManufacturerItemDescription>וניש גולד גל 940  מ"ל ורוד</ManufacturerItemDescription>
      <UnitQty>מיליליטרים</UnitQty>
      <Quantity>940.00</Quantity>
      <UnitOfMeasure>100 מ"ל</UnitOfMeasure>
      <bIsWeighted>0</bIsWeighted>
      <QtyInPackage>1</QtyInPackage>
      <ItemPrice>14.90</ItemPrice>
      <UnitOfMeasurePrice>1.5851</UnitOfMeasurePrice>
      <AllowDiscount>1</AllowDiscount>
      <ItemStatus>1</ItemStatus>
      <ItemId>265707</ItemId>
    </Item>
    <Item>
      <PriceUpdateDate>2015-10-28 16:01:19</PriceUpdateDate>
      <ItemCode>7290108200195</ItemCode>
      <ItemType>0</ItemType>
      <ItemName>וניש גולד גל 940  מ"</ItemName>
      <ManufacturerName>,</ManufacturerName>
      <ManufactureCountry>לא ידוע</ManufactureCountry>
      <ManufacturerItemDescription>וניש גולד גל 940  מ"ל לבן</ManufacturerItemDescription>
      <UnitQty>מיליליטרים</UnitQty>
      <Quantity>940.00</Quantity>
      <UnitOfMeasure>100 מ"ל</UnitOfMeasure>
      <bIsWeighted>0</bIsWeighted>
      <QtyInPackage>1</QtyInPackage>
      <ItemPrice>14.90</ItemPrice>
      <UnitOfMeasurePrice>1.5851</UnitOfMeasurePrice>
      <AllowDiscount>1</AllowDiscount>
      <ItemStatus>1</ItemStatus>
      <ItemId>265708</ItemId>
    </Item>
    <Item>
      <PriceUpdateDate>2015-10-29 20:36:02</PriceUpdateDate>
      <ItemCode>7290000432922</ItemCode>
      <ItemType>1</ItemType>
      <ItemName>נרונים בפלסטיק 5 שעו</ItemName>
      <ManufacturerName>,</ManufacturerName>
      <ManufactureCountry>לא ידוע</ManufactureCountry>
      <ManufacturerItemDescription>נרונים בפלסטיק 5 שעות פאלאס</ManufacturerItemDescription>
      <UnitQty>Unknown </UnitQty>
      <Quantity>0.00</Quantity>
      <UnitOfMeasure>Unknown </UnitOfMeasure>
      <bIsWeighted>0</bIsWeighted>
      <QtyInPackage>1</QtyInPackage>
      <ItemPrice>19.90</ItemPrice>
      <UnitOfMeasurePrice>0.0000</UnitOfMeasurePrice>
      <AllowDiscount>1</AllowDiscount>
      <ItemStatus>1</ItemStatus>
      <ItemId>265714</ItemId>
    </Item>
    <Item>
      <PriceUpdateDate>2015-11-01 14:46:23</PriceUpdateDate>
      <ItemCode>8714789237039</ItemCode>
      <ItemType>1</ItemType>
      <ItemName>משחת שיניים קולגייט</ItemName>
      <ManufacturerName>,</ManufacturerName>
      <ManufactureCountry>לא ידוע</ManufactureCountry>
      <ManufacturerItemDescription>משחת שיניים קולגייט מולטי פרוטקשיין 75 מ</ManufacturerItemDescription>
      <UnitQty>גרמים</UnitQty>
      <Quantity>75.00</Quantity>
      <UnitOfMeasure>100 גרם</UnitOfMeasure>
      <bIsWeighted>0</bIsWeighted>
      <QtyInPackage>1</QtyInPackage>
      <ItemPrice>12.90</ItemPrice>
      <UnitOfMeasurePrice>17.2000</UnitOfMeasurePrice>
      <AllowDiscount>1</AllowDiscount>
      <ItemStatus>1</ItemStatus>
      <ItemId>265743</ItemId>
    </Item>
    <Item>
      <PriceUpdateDate>2015-11-01 14:46:23</PriceUpdateDate>
      <ItemCode>8714789722610</ItemCode>
      <ItemType>1</ItemType>
      <ItemName>משחת שיניים קולגייט</ItemName>
      <ManufacturerName>,</ManufacturerName>
      <ManufactureCountry>לא ידוע</ManufactureCountry>
      <ManufacturerItemDescription>משחת שיניים קולגייט סנסטיב+הלבנה 75 מ</ManufacturerItemDescription>
      <UnitQty>גרמים</UnitQty>
      <Quantity>75.00</Quantity>
      <UnitOfMeasure>100 גרם</UnitOfMeasure>
      <bIsWeighted>0</bIsWeighted>
      <QtyInPackage>1</QtyInPackage>
      <ItemPrice>12.90</ItemPrice>
      <UnitOfMeasurePrice>17.2000</UnitOfMeasurePrice>
      <AllowDiscount>1</AllowDiscount>
      <ItemStatus>1</ItemStatus>
      <ItemId>265744</ItemId>
    </Item>
    <Item>
      <PriceUpdateDate>2015-11-04 13:55:50</PriceUpdateDate>
      <ItemCode>7290019297161</ItemCode>
      <ItemType>0</ItemType>
      <ItemName>טורטיות 12 יח 540 גר</ItemName>
      <ManufacturerName>,</ManufacturerName>
      <ManufactureCountry>לא ידוע</ManufactureCountry>
      <ManufacturerItemDescription>טורטיות 12 יח 540 גרם</ManufacturerItemDescription>
      <UnitQty>גרמים</UnitQty>
      <Quantity>540.00</Quantity>
      <UnitOfMeasure>100 גרם</UnitOfMeasure>
      <bIsWeighted>0</bIsWeighted>
      <QtyInPackage>1</QtyInPackage>
      <ItemPrice>9.90</ItemPrice>
      <UnitOfMeasurePrice>1.8333</UnitOfMeasurePrice>
      <AllowDiscount>1</AllowDiscount>
      <ItemStatus>1</ItemStatus>
      <ItemId>265772</ItemId>
    </Item>
    <Item>
      <PriceUpdateDate>2016-03-13 11:00:58</PriceUpdateDate>
      <ItemCode>7290014168367</ItemCode>
      <ItemType>0</ItemType>
      <ItemName>מפה ניילון בגליל 100</ItemName>
      <ManufacturerName>,</ManufacturerName>
      <ManufactureCountry>לא ידוע</ManufactureCountry>
      <ManufacturerItemDescription>מפה ניילון בגליל 100 מטר</ManufacturerItemDescription>
      <UnitQty>Unknown </UnitQty>
      <Quantity>0.00</Quantity>
      <UnitOfMeasure>Unknown </UnitOfMeasure>
      <bIsWeighted>0</bIsWeighted>
      <QtyInPackage>1</QtyInPackage>
      <ItemPrice>14.90</ItemPrice>
      <UnitOfMeasurePrice>0.0000</UnitOfMeasurePrice>
      <AllowDiscount>1</AllowDiscount>
      <ItemStatus>1</ItemStatus>
      <ItemId>267294</ItemId>
    </Item>
    <Item>
      <PriceUpdateDate>2015-11-15 17:16:05</PriceUpdateDate>
      <ItemCode>7290107934473</ItemCode>
      <ItemType>0</ItemType>
      <ItemName>מארז אקטיביה 1.5% 8*</ItemName>
      <ManufacturerName>שטראוס</ManufacturerName>
      <ManufactureCountry>לא ידוע</ManufactureCountry>
      <ManufacturerItemDescription>מארז אקטיביה 1.5% 8*150 מ"ל</ManufacturerItemDescription>
      <UnitQty>ליטרים</UnitQty>
      <Quantity>1.20</Quantity>
      <UnitOfMeasure>ליטר    </UnitOfMeasure>
      <bIsWeighted>0</bIsWeighted>
      <QtyInPackage>1</QtyInPackage>
      <ItemPrice>19.90</ItemPrice>
      <UnitOfMeasurePrice>16.5833</UnitOfMeasurePrice>
      <AllowDiscount>1</AllowDiscount>
      <ItemStatus>1</ItemStatus>
      <ItemId>265822</ItemId>
    </Item>
    <Item>
      <PriceUpdateDate>2015-11-15 17:16:05</PriceUpdateDate>
      <ItemCode>7290107934480</ItemCode>
      <ItemType>0</ItemType>
      <ItemName>מארז אקטיביה 3% 8*15</ItemName>
      <ManufacturerName>שטראוס</ManufacturerName>
      <ManufactureCountry>לא ידוע</ManufactureCountry>
      <ManufacturerItemDescription>מארז אקטיביה 3% 8*150 מ"ל</ManufacturerItemDescription>
      <UnitQty>ליטרים</UnitQty>
      <Quantity>1.20</Quantity>
      <UnitOfMeasure>ליטר    </UnitOfMeasure>
      <bIsWeighted>0</bIsWeighted>
      <QtyInPackage>1</QtyInPackage>
      <ItemPrice>19.90</ItemPrice>
      <UnitOfMeasurePrice>16.5833</UnitOfMeasurePrice>
      <AllowDiscount>1</AllowDiscount>
      <ItemStatus>1</ItemStatus>
      <ItemId>265823</ItemId>
    </Item>
    <Item>
      <PriceUpdateDate>2016-07-04 16:25:35</PriceUpdateDate>
      <ItemCode>4770237054423</ItemCode>
      <ItemType>1</ItemType>
      <ItemName>גלידה שרבט עם מנגו ו</ItemName>
      <ManufacturerName>,</ManufacturerName>
      <ManufactureCountry>לא ידוע</ManufactureCountry>
      <ManufacturerItemDescription>גלידה שרבט עם מנגו ואפרסק בכוס</ManufacturerItemDescription>
      <UnitQty>גרמים</UnitQty>
      <Quantity>82.00</Quantity>
      <UnitOfMeasure>100 גרם</UnitOfMeasure>
      <bIsWeighted>0</bIsWeighted>
      <QtyInPackage>1</QtyInPackage>
      <ItemPrice>4.90</ItemPrice>
      <UnitOfMeasurePrice>5.9756</UnitOfMeasurePrice>
      <AllowDiscount>1</AllowDiscount>
      <ItemStatus>1</ItemStatus>
      <ItemId>268774</ItemId>
    </Item>
    <Item>
      <PriceUpdateDate>2015-11-16 11:50:47</PriceUpdateDate>
      <ItemCode>7290013615978</ItemCode>
      <ItemType>1</ItemType>
      <ItemName>כרוב ניצנים 1 ק"ג לנ</ItemName>
      <ManufacturerName>,</ManufacturerName>
      <ManufactureCountry>לא ידוע</ManufactureCountry>
      <ManufacturerItemDescription>כרוב ניצנים 1 ק"ג לנדא</ManufacturerItemDescription>
      <UnitQty>קילוגרמים</UnitQty>
      <Quantity>1.00</Quantity>
      <UnitOfMeasure>ק"ג     </UnitOfMeasure>
      <bIsWeighted>0</bIsWeighted>
      <QtyInPackage>1</QtyInPackage>
      <ItemPrice>14.90</ItemPrice>
      <UnitOfMeasurePrice>14.9000</UnitOfMeasurePrice>
      <AllowDiscount>1</AllowDiscount>
      <ItemStatus>1</ItemStatus>
      <ItemId>265828</ItemId>
    </Item>
    <Item>
      <PriceUpdateDate>2015-11-16 11:50:47</PriceUpdateDate>
      <ItemCode>4015600515492</ItemCode>
      <ItemType>1</ItemType>
      <ItemName>נוזל כלים פיירי פלטי</ItemName>
      <ManufacturerName>,</ManufacturerName>
      <ManufactureCountry>לא ידוע</ManufactureCountry>
      <ManufacturerItemDescription>נוזל כלים פיירי פלטיניום לימון 720 מ"ל</ManufacturerItemDescription>
      <UnitQty>מיליליטרים</UnitQty>
      <Quantity>720.00</Quantity>
      <UnitOfMeasure>100 מ"ל</UnitOfMeasure>
      <bIsWeighted>0</bIsWeighted>
      <QtyInPackage>1</QtyInPackage>
      <ItemPrice>7.90</ItemPrice>
      <UnitOfMeasurePrice>1.0972</UnitOfMeasurePrice>
      <AllowDiscount>1</AllowDiscount>
      <ItemStatus>1</ItemStatus>
      <ItemId>265829</ItemId>
    </Item>
    <Item>
      <PriceUpdateDate>2015-11-19 18:05:48</PriceUpdateDate>
      <ItemCode>7290000432595</ItemCode>
      <ItemType>1</ItemType>
      <ItemName>נר הבדלה שטוח</ItemName>
      <ManufacturerName>,</ManufacturerName>
      <ManufactureCountry>לא ידוע</ManufactureCountry>
      <ManufacturerItemDescription>נר הבדלה שטוח</ManufacturerItemDescription>
      <UnitQty>Unknown </UnitQty>
      <Quantity>0.00</Quantity>
      <UnitOfMeasure>Unknown </UnitOfMeasure>
      <bIsWeighted>0</bIsWeighted>
      <QtyInPackage>1</QtyInPackage>
      <ItemPrice>4.90</ItemPrice>
      <UnitOfMeasurePrice>0.0000</UnitOfMeasurePrice>
      <AllowDiscount>1</AllowDiscount>
      <ItemStatus>1</ItemStatus>
      <ItemId>265852</ItemId>
    </Item>
    <Item>
      <PriceUpdateDate>2015-11-19 18:05:48</PriceUpdateDate>
      <ItemCode>7290000432625</ItemCode>
      <ItemType>1</ItemType>
      <ItemName>נר הבדלה עגול</ItemName>
      <ManufacturerName>,</ManufacturerName>
      <ManufactureCountry>לא ידוע</ManufactureCountry>
      <ManufacturerItemDescription>נר הבדלה עגול</ManufacturerItemDescription>
      <UnitQty>Unknown </UnitQty>
      <Quantity>0.00</Quantity>
      <UnitOfMeasure>Unknown </UnitOfMeasure>
      <bIsWeighted>0</bIsWeighted>
      <QtyInPackage>1</QtyInPackage>
      <ItemPrice>4.90</ItemPrice>
      <UnitOfMeasurePrice>0.0000</UnitOfMeasurePrice>
      <AllowDiscount>1</AllowDiscount>
      <ItemStatus>1</ItemStatus>
      <ItemId>265853</ItemId>
    </Item>
    <Item>
      <PriceUpdateDate>2015-11-19 18:05:49</PriceUpdateDate>
      <ItemCode>4009900403023</ItemCode>
      <ItemType>1</ItemType>
      <ItemName>מסטיק אורביט בבקבוק</ItemName>
      <ManufacturerName>,</ManufacturerName>
      <ManufactureCountry>לא ידוע</ManufactureCountry>
      <ManufacturerItemDescription>מסטיק אורביט בבקבוק בטעם מנטה 46 יח</ManufacturerItemDescription>
      <UnitQty>Unknown </UnitQty>
      <Quantity>0.00</Quantity>
      <UnitOfMeasure>Unknown </UnitOfMeasure>
      <bIsWeighted>0</bIsWeighted>
      <QtyInPackage>1</QtyInPackage>
      <ItemPrice>8.90</ItemPrice>
      <UnitOfMeasurePrice>0.0000</UnitOfMeasurePrice>
      <AllowDiscount>1</AllowDiscount>
      <ItemStatus>1</ItemStatus>
      <ItemId>265854</ItemId>
    </Item>
    <Item>
      <PriceUpdateDate>2015-11-19 19:20:47</PriceUpdateDate>
      <ItemCode>4009900482417</ItemCode>
      <ItemType>1</ItemType>
      <ItemName>מסטיק אורביט בבקבוק</ItemName>
      <ManufacturerName>,</ManufacturerName>
      <ManufactureCountry>לא ידוע</ManufactureCountry>
      <ManufacturerItemDescription>מסטיק אורביט בבקבוק בטעם באבלמינט 46 יח</ManufacturerItemDescription>
      <UnitQty>Unknown </UnitQty>
      <Quantity>0.00</Quantity>
      <UnitOfMeasure>Unknown </UnitOfMeasure>
      <bIsWeighted>0</bIsWeighted>
      <QtyInPackage>1</QtyInPackage>
      <ItemPrice>8.90</ItemPrice>
      <UnitOfMeasurePrice>0.0000</UnitOfMeasurePrice>
      <AllowDiscount>1</AllowDiscount>
      <ItemStatus>1</ItemStatus>
      <ItemId>265855</ItemId>
    </Item>
    <Item>
      <PriceUpdateDate>2015-11-19 19:20:48</PriceUpdateDate>
      <ItemCode>4009900479998</ItemCode>
      <ItemType>1</ItemType>
      <ItemName>מסטיק אורביט בבקבוק</ItemName>
      <ManufacturerName>,</ManufacturerName>
      <ManufactureCountry>לא ידוע</ManufactureCountry>
      <ManufacturerItemDescription>מסטיק אורביט בבקבוק בטעם אוכמניות 46 יח</ManufacturerItemDescription>
      <UnitQty>Unknown </UnitQty>
      <Quantity>0.00</Quantity>
      <UnitOfMeasure>Unknown </UnitOfMeasure>
      <bIsWeighted>0</bIsWeighted>
      <QtyInPackage>1</QtyInPackage>
      <ItemPrice>8.90</ItemPrice>
      <UnitOfMeasurePrice>0.0000</UnitOfMeasurePrice>
      <AllowDiscount>1</AllowDiscount>
      <ItemStatus>1</ItemStatus>
      <ItemId>265856</ItemId>
    </Item>
    <Item>
      <PriceUpdateDate>2015-11-19 19:20:48</PriceUpdateDate>
      <ItemCode>4009900504218</ItemCode>
      <ItemType>1</ItemType>
      <ItemName>מסטיק אורביט בבקבוק</ItemName>
      <ManufacturerName>,</ManufacturerName>
      <ManufactureCountry>לא ידוע</ManufactureCountry>
      <ManufacturerItemDescription>מסטיק אורביט בבקבוק בטעם תפוז 46 יח</ManufacturerItemDescription>
      <UnitQty>Unknown </UnitQty>
      <Quantity>0.00</Quantity>
      <UnitOfMeasure>Unknown </UnitOfMeasure>
      <bIsWeighted>0</bIsWeighted>
      <QtyInPackage>1</QtyInPackage>
      <ItemPrice>8.90</ItemPrice>
      <UnitOfMeasurePrice>0.0000</UnitOfMeasurePrice>
      <AllowDiscount>1</AllowDiscount>
      <ItemStatus>1</ItemStatus>
      <ItemId>265857</ItemId>
    </Item>
    <Item>
      <PriceUpdateDate>2015-11-19 19:20:48</PriceUpdateDate>
      <ItemCode>4009900402965</ItemCode>
      <ItemType>1</ItemType>
      <ItemName>מסטיק אורביט בבקבוק</ItemName>
      <ManufacturerName>,</ManufacturerName>
      <ManufactureCountry>לא ידוע</ManufactureCountry>
      <ManufacturerItemDescription>מסטיק אורביט בבקבוק בטעם  פירות 46 יח</ManufacturerItemDescription>
      <UnitQty>Unknown </UnitQty>
      <Quantity>0.00</Quantity>
      <UnitOfMeasure>Unknown </UnitOfMeasure>
      <bIsWeighted>0</bIsWeighted>
      <QtyInPackage>1</QtyInPackage>
      <ItemPrice>8.90</ItemPrice>
      <UnitOfMeasurePrice>0.0000</UnitOfMeasurePrice>
      <AllowDiscount>1</AllowDiscount>
      <ItemStatus>1</ItemStatus>
      <ItemId>265858</ItemId>
    </Item>
    <Item>
      <PriceUpdateDate>2015-11-23 10:10:53</PriceUpdateDate>
      <ItemCode>7290014600041</ItemCode>
      <ItemType>0</ItemType>
      <ItemName>קרקר נאש בטעם שמנת ב</ItemName>
      <ManufacturerName>,</ManufacturerName>
      <ManufactureCountry>לא ידוע</ManufactureCountry>
      <ManufacturerItemDescription>קרקר נאש בטעם שמנת בצל 1.2 ק"ג</ManufacturerItemDescription>
      <UnitQty>קילוגרמים</UnitQty>
      <Quantity>1.20</Quantity>
      <UnitOfMeasure>ק"ג     </UnitOfMeasure>
      <bIsWeighted>0</bIsWeighted>
      <QtyInPackage>1</QtyInPackage>
      <ItemPrice>19.90</ItemPrice>
      <UnitOfMeasurePrice>16.5833</UnitOfMeasurePrice>
      <AllowDiscount>1</AllowDiscount>
      <ItemStatus>1</ItemStatus>
      <ItemId>265862</ItemId>
    </Item>
    <Item>
      <PriceUpdateDate>2015-11-24 15:36:04</PriceUpdateDate>
      <ItemCode>835811006497</ItemCode>
      <ItemType>1</ItemType>
      <ItemName>אבקת סוכר 500 גרם</ItemName>
      <ManufacturerName>,</ManufacturerName>
      <ManufactureCountry>לא ידוע</ManufactureCountry>
      <ManufacturerItemDescription>אבקת סוכר 500 גרם</ManufacturerItemDescription>
      <UnitQty>גרמים</UnitQty>
      <Quantity>500.00</Quantity>
      <UnitOfMeasure>100 גרם</UnitOfMeasure>
      <bIsWeighted>0</bIsWeighted>
      <QtyInPackage>1</QtyInPackage>
      <ItemPrice>6.90</ItemPrice>
      <UnitOfMeasurePrice>1.3800</UnitOfMeasurePrice>
      <AllowDiscount>1</AllowDiscount>
      <ItemStatus>1</ItemStatus>
      <ItemId>265874</ItemId>
    </Item>
    <Item>
      <PriceUpdateDate>2015-11-24 15:36:04</PriceUpdateDate>
      <ItemCode>7290014875289</ItemCode>
      <ItemType>0</ItemType>
      <ItemName>שניצל תרד 630 גרם טב</ItemName>
      <ManufacturerName>טבעול ישראל</ManufacturerName>
      <ManufactureCountry>ישראל</ManufactureCountry>
      <ManufacturerItemDescription>שניצל תרד 630 גרם טבעול</ManufacturerItemDescription>
      <UnitQty>גרמים</UnitQty>
      <Quantity>630.00</Quantity>
      <UnitOfMeasure>100 גרם</UnitOfMeasure>
      <bIsWeighted>0</bIsWeighted>
      <QtyInPackage>1</QtyInPackage>
      <ItemPrice>29.90</ItemPrice>
      <UnitOfMeasurePrice>4.7460</UnitOfMeasurePrice>
      <AllowDiscount>1</AllowDiscount>
      <ItemStatus>1</ItemStatus>
      <ItemId>265877</ItemId>
    </Item>
    <Item>
      <PriceUpdateDate>2015-11-24 15:36:04</PriceUpdateDate>
      <ItemCode>7290014455245</ItemCode>
      <ItemType>0</ItemType>
      <ItemName>גבינת פדנו משולש 200</ItemName>
      <ManufacturerName>מחלבות גד</ManufacturerName>
      <ManufactureCountry>לא ידוע</ManufactureCountry>
      <ManufacturerItemDescription>גבינת פדנו משולש 200 גרם</ManufacturerItemDescription>
      <UnitQty>גרמים</UnitQty>
      <Quantity>200.00</Quantity>
      <UnitOfMeasure>100 גרם</UnitOfMeasure>
      <bIsWeighted>0</bIsWeighted>
      <QtyInPackage>1</QtyInPackage>
      <ItemPrice>23.90</ItemPrice>
      <UnitOfMeasurePrice>11.9500</UnitOfMeasurePrice>
      <AllowDiscount>1</AllowDiscount>
      <ItemStatus>1</ItemStatus>
      <ItemId>265881</ItemId>
    </Item>
    <Item>
      <PriceUpdateDate>2015-11-24 15:36:04</PriceUpdateDate>
      <ItemCode>7290014455252</ItemCode>
      <ItemType>0</ItemType>
      <ItemName>גבינת פדנו מגורד 100</ItemName>
      <ManufacturerName>מחלבות גד</ManufacturerName>
      <ManufactureCountry>לא ידוע</ManufactureCountry>
      <ManufacturerItemDescription>גבינת פדנו מגורד 100 גרם</ManufacturerItemDescription>
      <UnitQty>גרמים</UnitQty>
      <Quantity>100.00</Quantity>
      <UnitOfMeasure>100 גרם</UnitOfMeasure>
      <bIsWeighted>0</bIsWeighted>
      <QtyInPackage>1</QtyInPackage>
      <ItemPrice>11.90</ItemPrice>
      <UnitOfMeasurePrice>11.9000</UnitOfMeasurePrice>
      <AllowDiscount>1</AllowDiscount>
      <ItemStatus>1</ItemStatus>
      <ItemId>265882</ItemId>
    </Item>
    <Item>
      <PriceUpdateDate>2015-11-24 15:36:04</PriceUpdateDate>
      <ItemCode>7290011615420</ItemCode>
      <ItemType>1</ItemType>
      <ItemName>גבינת אודם פרוסות 20</ItemName>
      <ManufacturerName>,</ManufacturerName>
      <ManufactureCountry>לא ידוע</ManufactureCountry>
      <ManufacturerItemDescription>גבינת אודם פרוסות 200 גרם</ManufacturerItemDescription>
      <UnitQty>גרמים</UnitQty>
      <Quantity>200.00</Quantity>
      <UnitOfMeasure>100 גרם</UnitOfMeasure>
      <bIsWeighted>0</bIsWeighted>
      <QtyInPackage>1</QtyInPackage>
      <ItemPrice>6.90</ItemPrice>
      <UnitOfMeasurePrice>3.4500</UnitOfMeasurePrice>
      <AllowDiscount>1</AllowDiscount>
      <ItemStatus>1</ItemStatus>
      <ItemId>265887</ItemId>
    </Item>
    <Item>
      <PriceUpdateDate>2015-11-24 17:16:08</PriceUpdateDate>
      <ItemCode>7290014692831</ItemCode>
      <ItemType>1</ItemType>
      <ItemName>בסיס לעוגת טורט בטעם</ItemName>
      <ManufacturerName>,</ManufacturerName>
      <ManufactureCountry>לא ידוע</ManufactureCountry>
      <ManufacturerItemDescription>בסיס לעוגת טורט בטעם וניל 400 גרם</ManufacturerItemDescription>
      <UnitQty>גרמים</UnitQty>
      <Quantity>400.00</Quantity>
      <UnitOfMeasure>100 גרם</UnitOfMeasure>
      <bIsWeighted>0</bIsWeighted>
      <QtyInPackage>1</QtyInPackage>
      <ItemPrice>14.90</ItemPrice>
      <UnitOfMeasurePrice>3.7250</UnitOfMeasurePrice>
      <AllowDiscount>1</AllowDiscount>
      <ItemStatus>1</ItemStatus>
      <ItemId>265891</ItemId>
    </Item>
    <Item>
      <PriceUpdateDate>2015-11-24 17:16:08</PriceUpdateDate>
      <ItemCode>7290014692848</ItemCode>
      <ItemType>1</ItemType>
      <ItemName>בסיס לעוגת טורט בטעם</ItemName>
      <ManufacturerName>,</ManufacturerName>
      <ManufactureCountry>לא ידוע</ManufactureCountry>
      <ManufacturerItemDescription>בסיס לעוגת טורט בטעם קקאו 400 גרם</ManufacturerItemDescription>
      <UnitQty>גרמים</UnitQty>
      <Quantity>400.00</Quantity>
      <UnitOfMeasure>100 גרם</UnitOfMeasure>
      <bIsWeighted>0</bIsWeighted>
      <QtyInPackage>1</QtyInPackage>
      <ItemPrice>14.90</ItemPrice>
      <UnitOfMeasurePrice>3.7250</UnitOfMeasurePrice>
      <AllowDiscount>1</AllowDiscount>
      <ItemStatus>1</ItemStatus>
      <ItemId>265892</ItemId>
    </Item>
    <Item>
      <PriceUpdateDate>2015-12-02 10:24:42</PriceUpdateDate>
      <ItemCode>8076809545440</ItemCode>
      <ItemType>0</ItemType>
      <ItemName>אטריות ברילה ללא גלו</ItemName>
      <ManufacturerName>ברילה</ManufacturerName>
      <ManufactureCountry>לא ידוע</ManufactureCountry>
      <ManufacturerItemDescription>אטריות ברילה ללא גלוטן 400 גרם</ManufacturerItemDescription>
      <UnitQty>גרמים</UnitQty>
      <Quantity>500.00</Quantity>
      <UnitOfMeasure>100 גרם</UnitOfMeasure>
      <bIsWeighted>0</bIsWeighted>
      <QtyInPackage>1</QtyInPackage>
      <ItemPrice>9.50</ItemPrice>
      <UnitOfMeasurePrice>1.9000</UnitOfMeasurePrice>
      <AllowDiscount>1</AllowDiscount>
      <ItemStatus>1</ItemStatus>
      <ItemId>265895</ItemId>
    </Item>
    <Item>
      <PriceUpdateDate>2015-12-02 10:24:42</PriceUpdateDate>
      <ItemCode>8076809545457</ItemCode>
      <ItemType>0</ItemType>
      <ItemName>פסטה ברילה צינורות 5</ItemName>
      <ManufacturerName>ברילה</ManufacturerName>
      <ManufactureCountry>לא ידוע</ManufactureCountry>
      <ManufacturerItemDescription>פסטה ברילה צינורות 500 גרם ללא גלוטן</ManufacturerItemDescription>
      <UnitQty>גרמים</UnitQty>
      <Quantity>500.00</Quantity>
      <UnitOfMeasure>100 גרם</UnitOfMeasure>
      <bIsWeighted>0</bIsWeighted>
      <QtyInPackage>1</QtyInPackage>
      <ItemPrice>9.50</ItemPrice>
      <UnitOfMeasurePrice>1.9000</UnitOfMeasurePrice>
      <AllowDiscount>1</AllowDiscount>
      <ItemStatus>1</ItemStatus>
      <ItemId>265896</ItemId>
    </Item>
    <Item>
      <PriceUpdateDate>2015-12-02 10:24:42</PriceUpdateDate>
      <ItemCode>8076809545464</ItemCode>
      <ItemType>0</ItemType>
      <ItemName>פסטה ברילה ספירלי 50</ItemName>
      <ManufacturerName>ברילה</ManufacturerName>
      <ManufactureCountry>לא ידוע</ManufactureCountry>
      <ManufacturerItemDescription>פסטה ברילה ספירלי 500 גרם ללא גלוטן</ManufacturerItemDescription>
      <UnitQty>גרמים</UnitQty>
      <Quantity>500.00</Quantity>
      <UnitOfMeasure>100 גרם</UnitOfMeasure>
      <bIsWeighted>0</bIsWeighted>
      <QtyInPackage>1</QtyInPackage>
      <ItemPrice>9.50</ItemPrice>
      <UnitOfMeasurePrice>1.9000</UnitOfMeasurePrice>
      <AllowDiscount>1</AllowDiscount>
      <ItemStatus>1</ItemStatus>
      <ItemId>265897</ItemId>
    </Item>
    <Item>
      <PriceUpdateDate>2015-11-25 09:21:16</PriceUpdateDate>
      <ItemCode>7290015664295</ItemCode>
      <ItemType>1</ItemType>
      <ItemName>סרדין מרוקאי פלפל חר</ItemName>
      <ManufacturerName>סילברפוד</ManufacturerName>
      <ManufactureCountry>מרוקו</ManufactureCountry>
      <ManufacturerItemDescription>סרדין מרוקאי פלפל חריף 125 גרם עד"ח</ManufacturerItemDescription>
      <UnitQty>גרמים</UnitQty>
      <Quantity>125.00</Quantity>
      <UnitOfMeasure>100 גרם</UnitOfMeasure>
      <bIsWeighted>0</bIsWeighted>
      <QtyInPackage>1</QtyInPackage>
      <ItemPrice>4.90</ItemPrice>
      <UnitOfMeasurePrice>3.9200</UnitOfMeasurePrice>
      <AllowDiscount>1</AllowDiscount>
      <ItemStatus>1</ItemStatus>
      <ItemId>265899</ItemId>
    </Item>
    <Item>
      <PriceUpdateDate>2015-11-25 11:25:51</PriceUpdateDate>
      <ItemCode>7290014600027</ItemCode>
      <ItemType>0</ItemType>
      <ItemName>עוגיות לבבות שוקו צי</ItemName>
      <ManufacturerName>,</ManufacturerName>
      <ManufactureCountry>לא ידוע</ManufactureCountry>
      <ManufacturerItemDescription>עוגיות לבבות שוקו ציפס 1.2 ק"ג</ManufacturerItemDescription>
      <UnitQty>קילוגרמים</UnitQty>
      <Quantity>1.20</Quantity>
      <UnitOfMeasure>ק"ג     </UnitOfMeasure>
      <bIsWeighted>0</bIsWeighted>
      <QtyInPackage>1</QtyInPackage>
      <ItemPrice>19.90</ItemPrice>
      <UnitOfMeasurePrice>16.5833</UnitOfMeasurePrice>
      <AllowDiscount>1</AllowDiscount>
      <ItemStatus>1</ItemStatus>
      <ItemId>265906</ItemId>
    </Item>
    <Item>
      <PriceUpdateDate>2015-12-27 14:20:46</PriceUpdateDate>
      <ItemCode>7290015139472</ItemCode>
      <ItemType>1</ItemType>
      <ItemName>מיקס שוקולד חלב אגוז</ItemName>
      <ManufacturerName>כרמית</ManufacturerName>
      <ManufactureCountry>ישראל</ManufactureCountry>
      <ManufacturerItemDescription>מיקס שוקולד חלב אגוזים  57 גרם</ManufacturerItemDescription>
      <UnitQty>גרמים</UnitQty>
      <Quantity>57.00</Quantity>
      <UnitOfMeasure>100 גרם</UnitOfMeasure>
      <bIsWeighted>0</bIsWeighted>
      <QtyInPackage>1</QtyInPackage>
      <ItemPrice>3.90</ItemPrice>
      <UnitOfMeasurePrice>6.8421</UnitOfMeasurePrice>
      <AllowDiscount>1</AllowDiscount>
      <ItemStatus>1</ItemStatus>
      <ItemId>266256</ItemId>
    </Item>
    <Item>
      <PriceUpdateDate>2015-11-25 16:25:58</PriceUpdateDate>
      <ItemCode>727891000161</ItemCode>
      <ItemType>1</ItemType>
      <ItemName>מיץ תפוזים ומנגו בקר</ItemName>
      <ManufacturerName>גולדן פלו</ManufacturerName>
      <ManufactureCountry>ארצות הברית</ManufactureCountry>
      <ManufacturerItemDescription>מיץ תפוזים ומנגו בקרטון 1.75 ליטר</ManufacturerItemDescription>
      <UnitQty>ליטרים</UnitQty>
      <Quantity>1.75</Quantity>
      <UnitOfMeasure>ליטר    </UnitOfMeasure>
      <bIsWeighted>0</bIsWeighted>
      <QtyInPackage>1</QtyInPackage>
      <ItemPrice>28.90</ItemPrice>
      <UnitOfMeasurePrice>16.5143</UnitOfMeasurePrice>
      <AllowDiscount>1</AllowDiscount>
      <ItemStatus>1</ItemStatus>
      <ItemId>265911</ItemId>
    </Item>
    <Item>
      <PriceUpdateDate>2015-11-25 16:25:58</PriceUpdateDate>
      <ItemCode>727891000185</ItemCode>
      <ItemType>1</ItemType>
      <ItemName>מיץ תפוזים ותות בננה</ItemName>
      <ManufacturerName>גולדן פלו</ManufacturerName>
      <ManufactureCountry>ארצות הברית</ManufactureCountry>
      <ManufacturerItemDescription>מיץ תפוזים ותות בננה בקרטון 1.75 ליטר</ManufacturerItemDescription>
      <UnitQty>ליטרים</UnitQty>
      <Quantity>1.75</Quantity>
      <UnitOfMeasure>ליטר    </UnitOfMeasure>
      <bIsWeighted>0</bIsWeighted>
      <QtyInPackage>1</QtyInPackage>
      <ItemPrice>28.90</ItemPrice>
      <UnitOfMeasurePrice>16.5143</UnitOfMeasurePrice>
      <AllowDiscount>1</AllowDiscount>
      <ItemStatus>1</ItemStatus>
      <ItemId>265912</ItemId>
    </Item>
    <Item>
      <PriceUpdateDate>2015-11-25 16:25:58</PriceUpdateDate>
      <ItemCode>727891000192</ItemCode>
      <ItemType>1</ItemType>
      <ItemName>מיץ תפוזים ופסיפלורה</ItemName>
      <ManufacturerName>גולדן פלו</ManufacturerName>
      <ManufactureCountry>ארצות הברית</ManufactureCountry>
      <ManufacturerItemDescription>מיץ תפוזים ופסיפלורה פטל בקרטון 1.75 ליט</ManufacturerItemDescription>
      <UnitQty>ליטרים</UnitQty>
      <Quantity>1.75</Quantity>
      <UnitOfMeasure>ליטר    </UnitOfMeasure>
      <bIsWeighted>0</bIsWeighted>
      <QtyInPackage>1</QtyInPackage>
      <ItemPrice>28.90</ItemPrice>
      <UnitOfMeasurePrice>16.5143</UnitOfMeasurePrice>
      <AllowDiscount>1</AllowDiscount>
      <ItemStatus>1</ItemStatus>
      <ItemId>265913</ItemId>
    </Item>
    <Item>
      <PriceUpdateDate>2015-11-25 16:25:58</PriceUpdateDate>
      <ItemCode>727891000178</ItemCode>
      <ItemType>1</ItemType>
      <ItemName>מיץ תפוחים וחמוציות</ItemName>
      <ManufacturerName>גולדן פלו</ManufacturerName>
      <ManufactureCountry>ארצות הברית</ManufactureCountry>
      <ManufacturerItemDescription>מיץ תפוחים וחמוציות פטל בקרטון 1.75 ליט</ManufacturerItemDescription>
      <UnitQty>ליטרים</UnitQty>
      <Quantity>1.75</Quantity>
      <UnitOfMeasure>ליטר    </UnitOfMeasure>
      <bIsWeighted>0</bIsWeighted>
      <QtyInPackage>1</QtyInPackage>
      <ItemPrice>28.90</ItemPrice>
      <UnitOfMeasurePrice>16.5143</UnitOfMeasurePrice>
      <AllowDiscount>1</AllowDiscount>
      <ItemStatus>1</ItemStatus>
      <ItemId>265914</ItemId>
    </Item>
    <Item>
      <PriceUpdateDate>2015-11-25 17:16:05</PriceUpdateDate>
      <ItemCode>7290000908939</ItemCode>
      <ItemType>1</ItemType>
      <ItemName>תה ירוק 25 יח</ItemName>
      <ManufacturerName>,</ManufacturerName>
      <ManufactureCountry>לא ידוע</ManufactureCountry>
      <ManufacturerItemDescription>תה ירוק 25 יח</ManufacturerItemDescription>
      <UnitQty>Unknown </UnitQty>
      <Quantity>0.00</Quantity>
      <UnitOfMeasure>Unknown </UnitOfMeasure>
      <bIsWeighted>0</bIsWeighted>
      <QtyInPackage>1</QtyInPackage>
      <ItemPrice>9.90</ItemPrice>
      <UnitOfMeasurePrice>0.0000</UnitOfMeasurePrice>
      <AllowDiscount>1</AllowDiscount>
      <ItemStatus>1</ItemStatus>
      <ItemId>265916</ItemId>
    </Item>
    <Item>
      <PriceUpdateDate>2015-11-25 17:16:05</PriceUpdateDate>
      <ItemCode>7290000908960</ItemCode>
      <ItemType>1</ItemType>
      <ItemName>תה ירוק לימון 25 יח</ItemName>
      <ManufacturerName>,</ManufacturerName>
      <ManufactureCountry>לא ידוע</ManufactureCountry>
      <ManufacturerItemDescription>תה ירוק לימון 25 יח</ManufacturerItemDescription>
      <UnitQty>Unknown </UnitQty>
      <Quantity>0.00</Quantity>
      <UnitOfMeasure>Unknown </UnitOfMeasure>
      <bIsWeighted>0</bIsWeighted>
      <QtyInPackage>1</QtyInPackage>
      <ItemPrice>9.90</ItemPrice>
      <UnitOfMeasurePrice>0.0000</UnitOfMeasurePrice>
      <AllowDiscount>1</AllowDiscount>
      <ItemStatus>1</ItemStatus>
      <ItemId>265918</ItemId>
    </Item>
    <Item>
      <PriceUpdateDate>2015-11-25 17:16:05</PriceUpdateDate>
      <ItemCode>7290000908946</ItemCode>
      <ItemType>1</ItemType>
      <ItemName>תה ירוק נענע 25 יח</ItemName>
      <ManufacturerName>,</ManufacturerName>
      <ManufactureCountry>לא ידוע</ManufactureCountry>
      <ManufacturerItemDescription>תה ירוק נענע 25 יח</ManufacturerItemDescription>
      <UnitQty>Unknown </UnitQty>
      <Quantity>0.00</Quantity>
      <UnitOfMeasure>Unknown </UnitOfMeasure>
      <bIsWeighted>0</bIsWeighted>
      <QtyInPackage>1</QtyInPackage>
      <ItemPrice>9.90</ItemPrice>
      <UnitOfMeasurePrice>0.0000</UnitOfMeasurePrice>
      <AllowDiscount>1</AllowDiscount>
      <ItemStatus>1</ItemStatus>
      <ItemId>265919</ItemId>
    </Item>
    <Item>
      <PriceUpdateDate>2015-11-26 16:50:51</PriceUpdateDate>
      <ItemCode>65557</ItemCode>
      <ItemType>0</ItemType>
      <ItemName>מנה חמה קוסקוס וירקו</ItemName>
      <ManufacturerName>אסם</ManufacturerName>
      <ManufactureCountry>לא ידוע</ManufactureCountry>
      <ManufacturerItemDescription>מנה חמה קוסקוס וירקות 84 גרם</ManufacturerItemDescription>
      <UnitQty>גרמים</UnitQty>
      <Quantity>84.00</Quantity>
      <UnitOfMeasure>100 גרם</UnitOfMeasure>
      <bIsWeighted>0</bIsWeighted>
      <QtyInPackage>1</QtyInPackage>
      <ItemPrice>4.10</ItemPrice>
      <UnitOfMeasurePrice>4.8810</UnitOfMeasurePrice>
      <AllowDiscount>1</AllowDiscount>
      <ItemStatus>1</ItemStatus>
      <ItemId>265947</ItemId>
    </Item>
    <Item>
      <PriceUpdateDate>2015-12-02 13:05:49</PriceUpdateDate>
      <ItemCode>7290015652124</ItemCode>
      <ItemType>1</ItemType>
      <ItemName>רוטב סריראצה מתוק אה</ItemName>
      <ManufacturerName>,</ManufacturerName>
      <ManufactureCountry>לא ידוע</ManufactureCountry>
      <ManufacturerItemDescription>רוטב סריראצה מתוק אהרוני 400 גרם</ManufacturerItemDescription>
      <UnitQty>גרמים</UnitQty>
      <Quantity>400.00</Quantity>
      <UnitOfMeasure>100 גרם</UnitOfMeasure>
      <bIsWeighted>0</bIsWeighted>
      <QtyInPackage>1</QtyInPackage>
      <ItemPrice>14.90</ItemPrice>
      <UnitOfMeasurePrice>3.7250</UnitOfMeasurePrice>
      <AllowDiscount>1</AllowDiscount>
      <ItemStatus>1</ItemStatus>
      <ItemId>265985</ItemId>
    </Item>
    <Item>
      <PriceUpdateDate>2015-12-16 10:10:53</PriceUpdateDate>
      <ItemCode>7290100924617</ItemCode>
      <ItemType>0</ItemType>
      <ItemName>מרכך כביסה סוד ארומה</ItemName>
      <ManufacturerName>הנקל סוד</ManufacturerName>
      <ManufactureCountry>לא ידוע</ManufactureCountry>
      <ManufacturerItemDescription>מ.כביסה סוד ארומה סגול 900 מ"ל</ManufacturerItemDescription>
      <UnitQty>מיליליטרים</UnitQty>
      <Quantity>900.00</Quantity>
      <UnitOfMeasure>100 מ"ל</UnitOfMeasure>
      <bIsWeighted>0</bIsWeighted>
      <QtyInPackage>1</QtyInPackage>
      <ItemPrice>14.90</ItemPrice>
      <UnitOfMeasurePrice>1.6556</UnitOfMeasurePrice>
      <AllowDiscount>1</AllowDiscount>
      <ItemStatus>1</ItemStatus>
      <ItemId>266178</ItemId>
    </Item>
    <Item>
      <PriceUpdateDate>2015-12-16 10:10:53</PriceUpdateDate>
      <ItemCode>7290100924600</ItemCode>
      <ItemType>0</ItemType>
      <ItemName>מרכך כביסה סוד ארומה</ItemName>
      <ManufacturerName>הנקל סוד</ManufacturerName>
      <ManufactureCountry>לא ידוע</ManufactureCountry>
      <ManufacturerItemDescription>מ.כביסה סוד ארומה כחול 900 מ"ל.</ManufacturerItemDescription>
      <UnitQty>מיליליטרים</UnitQty>
      <Quantity>900.00</Quantity>
      <UnitOfMeasure>100 מ"ל</UnitOfMeasure>
      <bIsWeighted>0</bIsWeighted>
      <QtyInPackage>1</QtyInPackage>
      <ItemPrice>14.90</ItemPrice>
      <UnitOfMeasurePrice>1.6556</UnitOfMeasurePrice>
      <AllowDiscount>1</AllowDiscount>
      <ItemStatus>1</ItemStatus>
      <ItemId>266179</ItemId>
    </Item>
    <Item>
      <PriceUpdateDate>2015-12-17 12:40:47</PriceUpdateDate>
      <ItemCode>5413149798977</ItemCode>
      <ItemType>1</ItemType>
      <ItemName>נוזל כלים פיירי לימו</ItemName>
      <ManufacturerName>,</ManufacturerName>
      <ManufactureCountry>לא ידוע</ManufactureCountry>
      <ManufacturerItemDescription>נוזל כלים פיירי לימון 1.44 ליטר</ManufacturerItemDescription>
      <UnitQty>ליטרים</UnitQty>
      <Quantity>1.44</Quantity>
      <UnitOfMeasure>ליטר    </UnitOfMeasure>
      <bIsWeighted>0</bIsWeighted>
      <QtyInPackage>1</QtyInPackage>
      <ItemPrice>12.90</ItemPrice>
      <UnitOfMeasurePrice>8.9583</UnitOfMeasurePrice>
      <AllowDiscount>1</AllowDiscount>
      <ItemStatus>1</ItemStatus>
      <ItemId>266193</ItemId>
    </Item>
    <Item>
      <PriceUpdateDate>2015-12-17 19:46:04</PriceUpdateDate>
      <ItemCode>7290108359923</ItemCode>
      <ItemType>1</ItemType>
      <ItemName>משחת שיניים אורביטול</ItemName>
      <ManufacturerName>סנו</ManufacturerName>
      <ManufactureCountry>ישראל</ManufactureCountry>
      <ManufacturerItemDescription>משחת שיניים אורביטול להלבנה שלישיה</ManufacturerItemDescription>
      <UnitQty>גרמים</UnitQty>
      <Quantity>525.00</Quantity>
      <UnitOfMeasure>100 גרם</UnitOfMeasure>
      <bIsWeighted>0</bIsWeighted>
      <QtyInPackage>1</QtyInPackage>
      <ItemPrice>19.90</ItemPrice>
      <UnitOfMeasurePrice>3.7905</UnitOfMeasurePrice>
      <AllowDiscount>1</AllowDiscount>
      <ItemStatus>1</ItemStatus>
      <ItemId>266196</ItemId>
    </Item>
    <Item>
      <PriceUpdateDate>2015-12-17 19:46:04</PriceUpdateDate>
      <ItemCode>7290003387410</ItemCode>
      <ItemType>1</ItemType>
      <ItemName>מסיר איפור בלונס שלי</ItemName>
      <ManufacturerName>SEPTONA</ManufacturerName>
      <ManufactureCountry>יוון</ManufactureCountry>
      <ManufacturerItemDescription>מסיר איפור בלונס שלישיה</ManufacturerItemDescription>
      <UnitQty>Unknown </UnitQty>
      <Quantity>0.00</Quantity>
      <UnitOfMeasure>Unknown </UnitOfMeasure>
      <bIsWeighted>0</bIsWeighted>
      <QtyInPackage>1</QtyInPackage>
      <ItemPrice>19.90</ItemPrice>
      <UnitOfMeasurePrice>0.0000</UnitOfMeasurePrice>
      <AllowDiscount>1</AllowDiscount>
      <ItemStatus>1</ItemStatus>
      <ItemId>266197</ItemId>
    </Item>
    <Item>
      <PriceUpdateDate>2015-12-17 19:46:04</PriceUpdateDate>
      <ItemCode>7290012938658</ItemCode>
      <ItemType>1</ItemType>
      <ItemName>מארז זוג משחות שיניי</ItemName>
      <ManufacturerName>גלקסוס סמית קליין</ManufacturerName>
      <ManufactureCountry>אנגליה</ManufactureCountry>
      <ManufacturerItemDescription>מארז זוג משחות שיניים סנסודיין+מברשת</ManufacturerItemDescription>
      <UnitQty>גרמים</UnitQty>
      <Quantity>180.00</Quantity>
      <UnitOfMeasure>100 גרם</UnitOfMeasure>
      <bIsWeighted>0</bIsWeighted>
      <QtyInPackage>1</QtyInPackage>
      <ItemPrice>29.90</ItemPrice>
      <UnitOfMeasurePrice>16.6111</UnitOfMeasurePrice>
      <AllowDiscount>1</AllowDiscount>
      <ItemStatus>1</ItemStatus>
      <ItemId>266201</ItemId>
    </Item>
    <Item>
      <PriceUpdateDate>2015-12-24 12:40:47</PriceUpdateDate>
      <ItemCode>7290100922385</ItemCode>
      <ItemType>0</ItemType>
      <ItemName>שמפו הוואי נקטר 700</ItemName>
      <ManufacturerName>הנקל סוד</ManufacturerName>
      <ManufactureCountry>לא ידוע</ManufactureCountry>
      <ManufacturerItemDescription>שמפו הוואי נקטר 700 מ"ל</ManufacturerItemDescription>
      <UnitQty>מיליליטרים</UnitQty>
      <Quantity>700.00</Quantity>
      <UnitOfMeasure>100 מ"ל</UnitOfMeasure>
      <bIsWeighted>0</bIsWeighted>
      <QtyInPackage>1</QtyInPackage>
      <ItemPrice>7.90</ItemPrice>
      <UnitOfMeasurePrice>1.1286</UnitOfMeasurePrice>
      <AllowDiscount>1</AllowDiscount>
      <ItemStatus>1</ItemStatus>
      <ItemId>266235</ItemId>
    </Item>
    <Item>
      <PriceUpdateDate>2015-12-27 14:20:46</PriceUpdateDate>
      <ItemCode>7290015139496</ItemCode>
      <ItemType>1</ItemType>
      <ItemName>מיקס שוקולד חלב קרמל</ItemName>
      <ManufacturerName>כרמית</ManufacturerName>
      <ManufactureCountry>ישראל</ManufactureCountry>
      <ManufacturerItemDescription>מיקס שוקולד חלב קרמל 57 גרם</ManufacturerItemDescription>
      <UnitQty>גרמים</UnitQty>
      <Quantity>57.00</Quantity>
      <UnitOfMeasure>100 גרם</UnitOfMeasure>
      <bIsWeighted>0</bIsWeighted>
      <QtyInPackage>1</QtyInPackage>
      <ItemPrice>3.90</ItemPrice>
      <UnitOfMeasurePrice>6.8421</UnitOfMeasurePrice>
      <AllowDiscount>1</AllowDiscount>
      <ItemStatus>1</ItemStatus>
      <ItemId>266257</ItemId>
    </Item>
    <Item>
      <PriceUpdateDate>2015-12-27 14:20:47</PriceUpdateDate>
      <ItemCode>7290015139465</ItemCode>
      <ItemType>1</ItemType>
      <ItemName>מיקס שוקולד בייגלה מ</ItemName>
      <ManufacturerName>כרמית</ManufacturerName>
      <ManufactureCountry>ישראל</ManufactureCountry>
      <ManufacturerItemDescription>מיקס שוקולד בייגלה מצופה שוקולד 57 גרם</ManufacturerItemDescription>
      <UnitQty>גרמים</UnitQty>
      <Quantity>57.00</Quantity>
      <UnitOfMeasure>100 גרם</UnitOfMeasure>
      <bIsWeighted>0</bIsWeighted>
      <QtyInPackage>1</QtyInPackage>
      <ItemPrice>3.90</ItemPrice>
      <UnitOfMeasurePrice>6.8421</UnitOfMeasurePrice>
      <AllowDiscount>1</AllowDiscount>
      <ItemStatus>1</ItemStatus>
      <ItemId>266260</ItemId>
    </Item>
    <Item>
      <PriceUpdateDate>2015-12-27 16:25:47</PriceUpdateDate>
      <ItemCode>7290015139519</ItemCode>
      <ItemType>1</ItemType>
      <ItemName>מיקס שוקולד קוביות ו</ItemName>
      <ManufacturerName>כרמית</ManufacturerName>
      <ManufactureCountry>ישראל</ManufactureCountry>
      <ManufacturerItemDescription>מיקס שוקולד קוביות ופל מצופות 57 גרם</ManufacturerItemDescription>
      <UnitQty>גרמים</UnitQty>
      <Quantity>57.00</Quantity>
      <UnitOfMeasure>100 גרם</UnitOfMeasure>
      <bIsWeighted>0</bIsWeighted>
      <QtyInPackage>1</QtyInPackage>
      <ItemPrice>3.90</ItemPrice>
      <UnitOfMeasurePrice>6.8421</UnitOfMeasurePrice>
      <AllowDiscount>1</AllowDiscount>
      <ItemStatus>1</ItemStatus>
      <ItemId>266261</ItemId>
    </Item>
    <Item>
      <PriceUpdateDate>2015-12-29 11:01:09</PriceUpdateDate>
      <ItemCode>7290014855687</ItemCode>
      <ItemType>1</ItemType>
      <ItemName>מארז 7 מגבונים לחים</ItemName>
      <ManufacturerName>D.P.L</ManufacturerName>
      <ManufactureCountry>לא ידוע</ManufactureCountry>
      <ManufacturerItemDescription>מארז 7 מגבונים לחים</ManufacturerItemDescription>
      <UnitQty>Unknown </UnitQty>
      <Quantity>0.00</Quantity>
      <UnitOfMeasure>Unknown </UnitOfMeasure>
      <bIsWeighted>0</bIsWeighted>
      <QtyInPackage>1</QtyInPackage>
      <ItemPrice>19.90</ItemPrice>
      <UnitOfMeasurePrice>0.0000</UnitOfMeasurePrice>
      <AllowDiscount>1</AllowDiscount>
      <ItemStatus>1</ItemStatus>
      <ItemId>266278</ItemId>
    </Item>
    <Item>
      <PriceUpdateDate>2015-12-29 11:01:09</PriceUpdateDate>
      <ItemCode>7290014855663</ItemCode>
      <ItemType>1</ItemType>
      <ItemName>מארז 5 מגבונים לחים</ItemName>
      <ManufacturerName>D.P.L</ManufacturerName>
      <ManufactureCountry>לא ידוע</ManufactureCountry>
      <ManufacturerItemDescription>מארז 5 מגבונים לחים פרימיום עם דיספנסר</ManufacturerItemDescription>
      <UnitQty>Unknown </UnitQty>
      <Quantity>0.00</Quantity>
      <UnitOfMeasure>Unknown </UnitOfMeasure>
      <bIsWeighted>0</bIsWeighted>
      <QtyInPackage>1</QtyInPackage>
      <ItemPrice>19.90</ItemPrice>
      <UnitOfMeasurePrice>0.0000</UnitOfMeasurePrice>
      <AllowDiscount>1</AllowDiscount>
      <ItemStatus>1</ItemStatus>
      <ItemId>266279</ItemId>
    </Item>
    <Item>
      <PriceUpdateDate>2015-12-29 17:40:49</PriceUpdateDate>
      <ItemCode>7290100924204</ItemCode>
      <ItemType>1</ItemType>
      <ItemName>אבקת כביסה פרסיל 8 ק</ItemName>
      <ManufacturerName>הנקל סוד</ManufacturerName>
      <ManufactureCountry>לא ידוע</ManufactureCountry>
      <ManufacturerItemDescription>א. כביסה פרסיל 8 ק"ג</ManufacturerItemDescription>
      <UnitQty>קילוגרמים</UnitQty>
      <Quantity>8.00</Quantity>
      <UnitOfMeasure>ק"ג     </UnitOfMeasure>
      <bIsWeighted>0</bIsWeighted>
      <QtyInPackage>1</QtyInPackage>
      <ItemPrice>54.90</ItemPrice>
      <UnitOfMeasurePrice>6.8625</UnitOfMeasurePrice>
      <AllowDiscount>1</AllowDiscount>
      <ItemStatus>1</ItemStatus>
      <ItemId>266297</ItemId>
    </Item>
    <Item>
      <PriceUpdateDate>2015-12-30 10:35:50</PriceUpdateDate>
      <ItemCode>7290015089920</ItemCode>
      <ItemType>1</ItemType>
      <ItemName>אפונה וגזר 1 ק"ג</ItemName>
      <ManufacturerName>horrafrost n.v</ManufacturerName>
      <ManufactureCountry>בלגיה</ManufactureCountry>
      <ManufacturerItemDescription>אפונה וגזר 1 ק"ג</ManufacturerItemDescription>
      <UnitQty>קילוגרמים</UnitQty>
      <Quantity>1.00</Quantity>
      <UnitOfMeasure>ק"ג     </UnitOfMeasure>
      <bIsWeighted>0</bIsWeighted>
      <QtyInPackage>1</QtyInPackage>
      <ItemPrice>10.90</ItemPrice>
      <UnitOfMeasurePrice>10.9000</UnitOfMeasurePrice>
      <AllowDiscount>1</AllowDiscount>
      <ItemStatus>1</ItemStatus>
      <ItemId>266319</ItemId>
    </Item>
    <Item>
      <PriceUpdateDate>2015-12-30 13:55:48</PriceUpdateDate>
      <ItemCode>7290002026358</ItemCode>
      <ItemType>1</ItemType>
      <ItemName>ציפס בטטה זיגזג 500</ItemName>
      <ManufacturerName>רסט האוס</ManufacturerName>
      <ManufactureCountry>קנדה ON-CP</ManufactureCountry>
      <ManufacturerItemDescription>טוגני בטטה 500 גרם</ManufacturerItemDescription>
      <UnitQty>גרמים</UnitQty>
      <Quantity>500.00</Quantity>
      <UnitOfMeasure>100 גרם</UnitOfMeasure>
      <bIsWeighted>0</bIsWeighted>
      <QtyInPackage>1</QtyInPackage>
      <ItemPrice>17.90</ItemPrice>
      <UnitOfMeasurePrice>3.5800</UnitOfMeasurePrice>
      <AllowDiscount>1</AllowDiscount>
      <ItemStatus>1</ItemStatus>
      <ItemId>266332</ItemId>
    </Item>
    <Item>
      <PriceUpdateDate>2015-12-30 13:55:48</PriceUpdateDate>
      <ItemCode>7290002026341</ItemCode>
      <ItemType>1</ItemType>
      <ItemName>ציפס בטטה 500 גרם</ItemName>
      <ManufacturerName>רסט האוס</ManufacturerName>
      <ManufactureCountry>קנדה ON-CP</ManufactureCountry>
      <ManufacturerItemDescription>טוגני בטטה 500 גרם</ManufacturerItemDescription>
      <UnitQty>גרמים</UnitQty>
      <Quantity>500.00</Quantity>
      <UnitOfMeasure>100 גרם</UnitOfMeasure>
      <bIsWeighted>0</bIsWeighted>
      <QtyInPackage>1</QtyInPackage>
      <ItemPrice>17.90</ItemPrice>
      <UnitOfMeasurePrice>3.5800</UnitOfMeasurePrice>
      <AllowDiscount>1</AllowDiscount>
      <ItemStatus>1</ItemStatus>
      <ItemId>266333</ItemId>
    </Item>
    <Item>
      <PriceUpdateDate>2016-01-03 12:17:04</PriceUpdateDate>
      <ItemCode>7290106662636</ItemCode>
      <ItemType>0</ItemType>
      <ItemName>מעדן JOY בטעם שוקולד</ItemName>
      <ManufacturerName>שטראוס</ManufacturerName>
      <ManufactureCountry>לא ידוע</ManufactureCountry>
      <ManufacturerItemDescription>מעדן JOY בטעם שוקולד מריר 0.5% 130 גרם</ManufacturerItemDescription>
      <UnitQty>מיליליטרים</UnitQty>
      <Quantity>130.00</Quantity>
      <UnitOfMeasure>100 מ"ל</UnitOfMeasure>
      <bIsWeighted>0</bIsWeighted>
      <QtyInPackage>1</QtyInPackage>
      <ItemPrice>3.20</ItemPrice>
      <UnitOfMeasurePrice>2.4615</UnitOfMeasurePrice>
      <AllowDiscount>1</AllowDiscount>
      <ItemStatus>1</ItemStatus>
      <ItemId>266356</ItemId>
    </Item>
    <Item>
      <PriceUpdateDate>2016-01-03 12:17:04</PriceUpdateDate>
      <ItemCode>7290106662629</ItemCode>
      <ItemType>0</ItemType>
      <ItemName>מעדן JOY בטעם וניל 0</ItemName>
      <ManufacturerName>שטראוס</ManufacturerName>
      <ManufactureCountry>לא ידוע</ManufactureCountry>
      <ManufacturerItemDescription>מעדן JOY בטעם וניל 0% 130 גרם</ManufacturerItemDescription>
      <UnitQty>מיליליטרים</UnitQty>
      <Quantity>130.00</Quantity>
      <UnitOfMeasure>100 מ"ל</UnitOfMeasure>
      <bIsWeighted>0</bIsWeighted>
      <QtyInPackage>1</QtyInPackage>
      <ItemPrice>3.20</ItemPrice>
      <UnitOfMeasurePrice>2.4615</UnitOfMeasurePrice>
      <AllowDiscount>1</AllowDiscount>
      <ItemStatus>1</ItemStatus>
      <ItemId>266357</ItemId>
    </Item>
    <Item>
      <PriceUpdateDate>2016-01-03 12:17:04</PriceUpdateDate>
      <ItemCode>7290106727045</ItemCode>
      <ItemType>0</ItemType>
      <ItemName>דנונה פרו אננס 150 ג</ItemName>
      <ManufacturerName>שטראוס</ManufacturerName>
      <ManufactureCountry>ישראל</ManufactureCountry>
      <ManufacturerItemDescription>דנונה פרו אננס 150 גרם</ManufacturerItemDescription>
      <UnitQty>מיליליטרים</UnitQty>
      <Quantity>150.00</Quantity>
      <UnitOfMeasure>100 מ"ל</UnitOfMeasure>
      <bIsWeighted>0</bIsWeighted>
      <QtyInPackage>1</QtyInPackage>
      <ItemPrice>4.50</ItemPrice>
      <UnitOfMeasurePrice>3.0000</UnitOfMeasurePrice>
      <AllowDiscount>1</AllowDiscount>
      <ItemStatus>1</ItemStatus>
      <ItemId>266358</ItemId>
    </Item>
    <Item>
      <PriceUpdateDate>2016-01-03 12:17:04</PriceUpdateDate>
      <ItemCode>7290106726161</ItemCode>
      <ItemType>0</ItemType>
      <ItemName>דנונה פרו אפרסק 150</ItemName>
      <ManufacturerName>שטראוס</ManufacturerName>
      <ManufactureCountry>ישראל</ManufactureCountry>
      <ManufacturerItemDescription>דנונה פרו אפרסק 150 גרם</ManufacturerItemDescription>
      <UnitQty>מיליליטרים</UnitQty>
      <Quantity>150.00</Quantity>
      <UnitOfMeasure>100 מ"ל</UnitOfMeasure>
      <bIsWeighted>0</bIsWeighted>
      <QtyInPackage>1</QtyInPackage>
      <ItemPrice>4.50</ItemPrice>
      <UnitOfMeasurePrice>3.0000</UnitOfMeasurePrice>
      <AllowDiscount>1</AllowDiscount>
      <ItemStatus>1</ItemStatus>
      <ItemId>266359</ItemId>
    </Item>
    <Item>
      <PriceUpdateDate>2016-01-03 12:17:04</PriceUpdateDate>
      <ItemCode>7290106726178</ItemCode>
      <ItemType>0</ItemType>
      <ItemName>דנונה פרו פירות יער</ItemName>
      <ManufacturerName>שטראוס</ManufacturerName>
      <ManufactureCountry>ישראל</ManufactureCountry>
      <ManufacturerItemDescription>דנונה פרו פירות יער 150 גרם</ManufacturerItemDescription>
      <UnitQty>מיליליטרים</UnitQty>
      <Quantity>150.00</Quantity>
      <UnitOfMeasure>100 מ"ל</UnitOfMeasure>
      <bIsWeighted>0</bIsWeighted>
      <QtyInPackage>1</QtyInPackage>
      <ItemPrice>4.50</ItemPrice>
      <UnitOfMeasurePrice>3.0000</UnitOfMeasurePrice>
      <AllowDiscount>1</AllowDiscount>
      <ItemStatus>1</ItemStatus>
      <ItemId>266360</ItemId>
    </Item>
    <Item>
      <PriceUpdateDate>2016-01-03 12:17:04</PriceUpdateDate>
      <ItemCode>7290106520295</ItemCode>
      <ItemType>0</ItemType>
      <ItemName>דנונה פרו לבן 150 גר</ItemName>
      <ManufacturerName>שטראוס</ManufacturerName>
      <ManufactureCountry>ישראל</ManufactureCountry>
      <ManufacturerItemDescription>דנונה פרו לבן 150 גרם</ManufacturerItemDescription>
      <UnitQty>מיליליטרים</UnitQty>
      <Quantity>150.00</Quantity>
      <UnitOfMeasure>100 מ"ל</UnitOfMeasure>
      <bIsWeighted>0</bIsWeighted>
      <QtyInPackage>1</QtyInPackage>
      <ItemPrice>4.50</ItemPrice>
      <UnitOfMeasurePrice>3.0000</UnitOfMeasurePrice>
      <AllowDiscount>1</AllowDiscount>
      <ItemStatus>1</ItemStatus>
      <ItemId>266361</ItemId>
    </Item>
    <Item>
      <PriceUpdateDate>2016-01-06 11:25:49</PriceUpdateDate>
      <ItemCode>835811002451</ItemCode>
      <ItemType>1</ItemType>
      <ItemName>נרות צבעוני 6 שעות 2</ItemName>
      <ManufacturerName>,</ManufacturerName>
      <ManufactureCountry>לא ידוע</ManufactureCountry>
      <ManufacturerItemDescription>נרות צבעוניים 24 יח</ManufacturerItemDescription>
      <UnitQty>Unknown </UnitQty>
      <Quantity>0.00</Quantity>
      <UnitOfMeasure>Unknown </UnitOfMeasure>
      <bIsWeighted>0</bIsWeighted>
      <QtyInPackage>1</QtyInPackage>
      <ItemPrice>10.90</ItemPrice>
      <UnitOfMeasurePrice>0.0000</UnitOfMeasurePrice>
      <AllowDiscount>1</AllowDiscount>
      <ItemStatus>1</ItemStatus>
      <ItemId>266463</ItemId>
    </Item>
    <Item>
      <PriceUpdateDate>2016-01-05 13:05:50</PriceUpdateDate>
      <ItemCode>6497130</ItemCode>
      <ItemType>0</ItemType>
      <ItemName>קישקע פרווה 500 גרם</ItemName>
      <ManufacturerName>,</ManufacturerName>
      <ManufactureCountry>ישראל</ManufactureCountry>
      <ManufacturerItemDescription>קישקע פרווה 500 גרם</ManufacturerItemDescription>
      <UnitQty>גרמים</UnitQty>
      <Quantity>500.00</Quantity>
      <UnitOfMeasure>100 גרם</UnitOfMeasure>
      <bIsWeighted>0</bIsWeighted>
      <QtyInPackage>1</QtyInPackage>
      <ItemPrice>15.90</ItemPrice>
      <UnitOfMeasurePrice>3.1800</UnitOfMeasurePrice>
      <AllowDiscount>1</AllowDiscount>
      <ItemStatus>1</ItemStatus>
      <ItemId>266447</ItemId>
    </Item>
    <Item>
      <PriceUpdateDate>2016-01-07 08:55:50</PriceUpdateDate>
      <ItemCode>7290107876636</ItemCode>
      <ItemType>0</ItemType>
      <ItemName>מאגדת שלגוני לייט שו</ItemName>
      <ManufacturerName>גלידות נסטלה</ManufacturerName>
      <ManufactureCountry>ישראל</ManufactureCountry>
      <ManufacturerItemDescription>מאגדת שלגוני לייט שוקולד עם סירופ</ManufacturerItemDescription>
      <UnitQty>גרמים</UnitQty>
      <Quantity>180.00</Quantity>
      <UnitOfMeasure>100 גרם</UnitOfMeasure>
      <bIsWeighted>0</bIsWeighted>
      <QtyInPackage>1</QtyInPackage>
      <ItemPrice>18.90</ItemPrice>
      <UnitOfMeasurePrice>10.5000</UnitOfMeasurePrice>
      <AllowDiscount>1</AllowDiscount>
      <ItemStatus>1</ItemStatus>
      <ItemId>266465</ItemId>
    </Item>
    <Item>
      <PriceUpdateDate>2016-01-07 08:55:50</PriceUpdateDate>
      <ItemCode>7290107876520</ItemCode>
      <ItemType>0</ItemType>
      <ItemName>מאגדת שלגוני לייט בט</ItemName>
      <ManufacturerName>גלידות נסטלה</ManufacturerName>
      <ManufactureCountry>ישראל</ManufactureCountry>
      <ManufacturerItemDescription>מאגדת שלגוני לייט בטעם ריבת חלב</ManufacturerItemDescription>
      <UnitQty>גרמים</UnitQty>
      <Quantity>180.00</Quantity>
      <UnitOfMeasure>100 גרם</UnitOfMeasure>
      <bIsWeighted>0</bIsWeighted>
      <QtyInPackage>1</QtyInPackage>
      <ItemPrice>18.90</ItemPrice>
      <UnitOfMeasurePrice>10.5000</UnitOfMeasurePrice>
      <AllowDiscount>1</AllowDiscount>
      <ItemStatus>1</ItemStatus>
      <ItemId>266466</ItemId>
    </Item>
    <Item>
      <PriceUpdateDate>2016-01-05 17:40:47</PriceUpdateDate>
      <ItemCode>835811001652</ItemCode>
      <ItemType>1</ItemType>
      <ItemName>כוס לשתיה קרה גדול 4</ItemName>
      <ManufacturerName>,</ManufacturerName>
      <ManufactureCountry>לא ידוע</ManufactureCountry>
      <ManufacturerItemDescription>כוס לשתיה קרה גדול 40 יחידות</ManufacturerItemDescription>
      <UnitQty>Unknown </UnitQty>
      <Quantity>0.00</Quantity>
      <UnitOfMeasure>Unknown </UnitOfMeasure>
      <bIsWeighted>0</bIsWeighted>
      <QtyInPackage>1</QtyInPackage>
      <ItemPrice>5.90</ItemPrice>
      <UnitOfMeasurePrice>0.0000</UnitOfMeasurePrice>
      <AllowDiscount>1</AllowDiscount>
      <ItemStatus>1</ItemStatus>
      <ItemId>266459</ItemId>
    </Item>
    <Item>
      <PriceUpdateDate>2016-01-07 10:10:49</PriceUpdateDate>
      <ItemCode>7290008761932</ItemCode>
      <ItemType>1</ItemType>
      <ItemName>טחון עוף 1.3 ק"ג קהי</ItemName>
      <ManufacturerName>טיבון ויל</ManufacturerName>
      <ManufactureCountry>ישראל</ManufactureCountry>
      <ManufacturerItemDescription>טחון עוף 1.3 ק"ג קהילות</ManufacturerItemDescription>
      <UnitQty>קילוגרמים</UnitQty>
      <Quantity>1.30</Quantity>
      <UnitOfMeasure>ק"ג     </UnitOfMeasure>
      <bIsWeighted>0</bIsWeighted>
      <QtyInPackage>1</QtyInPackage>
      <ItemPrice>19.90</ItemPrice>
      <UnitOfMeasurePrice>15.3077</UnitOfMeasurePrice>
      <AllowDiscount>1</AllowDiscount>
      <ItemStatus>1</ItemStatus>
      <ItemId>266472</ItemId>
    </Item>
    <Item>
      <PriceUpdateDate>2016-01-07 10:10:49</PriceUpdateDate>
      <ItemCode>7290008761949</ItemCode>
      <ItemType>1</ItemType>
      <ItemName>טחון הודו 1.3 ק"ג קה</ItemName>
      <ManufacturerName>טיבון ויל</ManufacturerName>
      <ManufactureCountry>ישראל</ManufactureCountry>
      <ManufacturerItemDescription>טחון הודו 1.3 ק"ג קהילות</ManufacturerItemDescription>
      <UnitQty>קילוגרמים</UnitQty>
      <Quantity>1.30</Quantity>
      <UnitOfMeasure>ק"ג     </UnitOfMeasure>
      <bIsWeighted>0</bIsWeighted>
      <QtyInPackage>1</QtyInPackage>
      <ItemPrice>19.90</ItemPrice>
      <UnitOfMeasurePrice>15.3077</UnitOfMeasurePrice>
      <AllowDiscount>1</AllowDiscount>
      <ItemStatus>1</ItemStatus>
      <ItemId>266473</ItemId>
    </Item>
    <Item>
      <PriceUpdateDate>2016-01-10 14:52:48</PriceUpdateDate>
      <ItemCode>7290008761925</ItemCode>
      <ItemType>1</ItemType>
      <ItemName>טחון בקר 1.2 ק"ג עטר</ItemName>
      <ManufacturerName>טיבון ויל</ManufacturerName>
      <ManufactureCountry>ישראל</ManufactureCountry>
      <ManufacturerItemDescription>טחון בקר 1.3 ק"ג קהילות</ManufacturerItemDescription>
      <UnitQty>קילוגרמים</UnitQty>
      <Quantity>1.20</Quantity>
      <UnitOfMeasure>ק"ג     </UnitOfMeasure>
      <bIsWeighted>0</bIsWeighted>
      <QtyInPackage>1</QtyInPackage>
      <ItemPrice>29.90</ItemPrice>
      <UnitOfMeasurePrice>24.9167</UnitOfMeasurePrice>
      <AllowDiscount>1</AllowDiscount>
      <ItemStatus>1</ItemStatus>
      <ItemId>266474</ItemId>
    </Item>
    <Item>
      <PriceUpdateDate>2016-01-07 11:01:08</PriceUpdateDate>
      <ItemCode>4771782</ItemCode>
      <ItemType>0</ItemType>
      <ItemName>פתיתים אפויים אורז 5</ItemName>
      <ManufacturerName>,</ManufacturerName>
      <ManufactureCountry>לא ידוע</ManufactureCountry>
      <ManufacturerItemDescription>פתיתים אפויים אורז 500 גרם</ManufacturerItemDescription>
      <UnitQty>גרמים</UnitQty>
      <Quantity>500.00</Quantity>
      <UnitOfMeasure>100 גרם</UnitOfMeasure>
      <bIsWeighted>0</bIsWeighted>
      <QtyInPackage>1</QtyInPackage>
      <ItemPrice>4.90</ItemPrice>
      <UnitOfMeasurePrice>0.9800</UnitOfMeasurePrice>
      <AllowDiscount>1</AllowDiscount>
      <ItemStatus>1</ItemStatus>
      <ItemId>266476</ItemId>
    </Item>
    <Item>
      <PriceUpdateDate>2016-01-07 11:01:08</PriceUpdateDate>
      <ItemCode>4771768</ItemCode>
      <ItemType>0</ItemType>
      <ItemName>פתיתים אפויים קוסקוס</ItemName>
      <ManufacturerName>,</ManufacturerName>
      <ManufactureCountry>לא ידוע</ManufactureCountry>
      <ManufacturerItemDescription>פתיתים אפויים קוסקוס 500 גרם</ManufacturerItemDescription>
      <UnitQty>גרמים</UnitQty>
      <Quantity>500.00</Quantity>
      <UnitOfMeasure>100 גרם</UnitOfMeasure>
      <bIsWeighted>0</bIsWeighted>
      <QtyInPackage>1</QtyInPackage>
      <ItemPrice>4.90</ItemPrice>
      <UnitOfMeasurePrice>0.9800</UnitOfMeasurePrice>
      <AllowDiscount>1</AllowDiscount>
      <ItemStatus>1</ItemStatus>
      <ItemId>266477</ItemId>
    </Item>
    <Item>
      <PriceUpdateDate>2016-01-07 11:01:08</PriceUpdateDate>
      <ItemCode>4771775</ItemCode>
      <ItemType>0</ItemType>
      <ItemName>פתיתים אפויים לבבות</ItemName>
      <ManufacturerName>,</ManufacturerName>
      <ManufactureCountry>לא ידוע</ManufactureCountry>
      <ManufacturerItemDescription>פתיתים אפויים לבבות 500 גרם</ManufacturerItemDescription>
      <UnitQty>גרמים</UnitQty>
      <Quantity>500.00</Quantity>
      <UnitOfMeasure>100 גרם</UnitOfMeasure>
      <bIsWeighted>0</bIsWeighted>
      <QtyInPackage>1</QtyInPackage>
      <ItemPrice>4.90</ItemPrice>
      <UnitOfMeasurePrice>0.9800</UnitOfMeasurePrice>
      <AllowDiscount>1</AllowDiscount>
      <ItemStatus>1</ItemStatus>
      <ItemId>266478</ItemId>
    </Item>
    <Item>
      <PriceUpdateDate>2016-02-03 11:53:06</PriceUpdateDate>
      <ItemCode>7290016188608</ItemCode>
      <ItemType>1</ItemType>
      <ItemName>למברוסקו לבן חצי יבש</ItemName>
      <ManufacturerName>יקב גאקובזי</ManufacturerName>
      <ManufactureCountry>לא ידוע</ManufactureCountry>
      <ManufacturerItemDescription>למברוסקו לבן חצי יבש 750 מ"ל</ManufacturerItemDescription>
      <UnitQty>מיליליטרים</UnitQty>
      <Quantity>750.00</Quantity>
      <UnitOfMeasure>100 מ"ל</UnitOfMeasure>
      <bIsWeighted>0</bIsWeighted>
      <QtyInPackage>1</QtyInPackage>
      <ItemPrice>22.90</ItemPrice>
      <UnitOfMeasurePrice>3.0533</UnitOfMeasurePrice>
      <AllowDiscount>1</AllowDiscount>
      <ItemStatus>1</ItemStatus>
      <ItemId>266479</ItemId>
    </Item>
    <Item>
      <PriceUpdateDate>2016-02-03 11:53:06</PriceUpdateDate>
      <ItemCode>7290016188592</ItemCode>
      <ItemType>1</ItemType>
      <ItemName>למברוסקו אדום חצי יב</ItemName>
      <ManufacturerName>יקב גאקובזי</ManufacturerName>
      <ManufactureCountry>לא ידוע</ManufactureCountry>
      <ManufacturerItemDescription>למברוסקו אדום חצי יבש 750 מ"ל</ManufacturerItemDescription>
      <UnitQty>מיליליטרים</UnitQty>
      <Quantity>750.00</Quantity>
      <UnitOfMeasure>100 מ"ל</UnitOfMeasure>
      <bIsWeighted>0</bIsWeighted>
      <QtyInPackage>1</QtyInPackage>
      <ItemPrice>22.90</ItemPrice>
      <UnitOfMeasurePrice>3.0533</UnitOfMeasurePrice>
      <AllowDiscount>1</AllowDiscount>
      <ItemStatus>1</ItemStatus>
      <ItemId>266497</ItemId>
    </Item>
    <Item>
      <PriceUpdateDate>2016-02-03 11:53:06</PriceUpdateDate>
      <ItemCode>7290016188585</ItemCode>
      <ItemType>1</ItemType>
      <ItemName>למברוסקו רוזה חצי יב</ItemName>
      <ManufacturerName>יקב גאקובזי</ManufacturerName>
      <ManufactureCountry>לא ידוע</ManufactureCountry>
      <ManufacturerItemDescription>למברוסקו רוזה חצי יבש 750 מ"ל</ManufacturerItemDescription>
      <UnitQty>מיליליטרים</UnitQty>
      <Quantity>750.00</Quantity>
      <UnitOfMeasure>100 מ"ל</UnitOfMeasure>
      <bIsWeighted>0</bIsWeighted>
      <QtyInPackage>1</QtyInPackage>
      <ItemPrice>22.90</ItemPrice>
      <UnitOfMeasurePrice>3.0533</UnitOfMeasurePrice>
      <AllowDiscount>1</AllowDiscount>
      <ItemStatus>1</ItemStatus>
      <ItemId>266498</ItemId>
    </Item>
    <Item>
      <PriceUpdateDate>2016-01-14 14:46:19</PriceUpdateDate>
      <ItemCode>7290003144204</ItemCode>
      <ItemType>1</ItemType>
      <ItemName>צוקטה עוגות אישיות ב</ItemName>
      <ManufacturerName>פרדי קונדיטוריה אס פ</ManufacturerName>
      <ManufactureCountry>לא ידוע</ManufactureCountry>
      <ManufacturerItemDescription>צוקטה עוגות אישיות בציפוי שוקולד מריר</ManufacturerItemDescription>
      <UnitQty>גרמים</UnitQty>
      <Quantity>240.00</Quantity>
      <UnitOfMeasure>100 גרם</UnitOfMeasure>
      <bIsWeighted>0</bIsWeighted>
      <QtyInPackage>1</QtyInPackage>
      <ItemPrice>7.90</ItemPrice>
      <UnitOfMeasurePrice>3.2917</UnitOfMeasurePrice>
      <AllowDiscount>1</AllowDiscount>
      <ItemStatus>1</ItemStatus>
      <ItemId>266543</ItemId>
    </Item>
    <Item>
      <PriceUpdateDate>2016-01-18 11:40:09</PriceUpdateDate>
      <ItemCode>7290015597326</ItemCode>
      <ItemType>0</ItemType>
      <ItemName>מאגדת לייט אייס</ItemName>
      <ManufacturerName>יוניליוור</ManufacturerName>
      <ManufactureCountry>ישראל</ManufactureCountry>
      <ManufacturerItemDescription>מאגדת לייט אייס</ManufacturerItemDescription>
      <UnitQty>Unknown </UnitQty>
      <Quantity>0.00</Quantity>
      <UnitOfMeasure>Unknown </UnitOfMeasure>
      <bIsWeighted>0</bIsWeighted>
      <QtyInPackage>1</QtyInPackage>
      <ItemPrice>19.90</ItemPrice>
      <UnitOfMeasurePrice>0.0000</UnitOfMeasurePrice>
      <AllowDiscount>1</AllowDiscount>
      <ItemStatus>1</ItemStatus>
      <ItemId>266554</ItemId>
    </Item>
    <Item>
      <PriceUpdateDate>2016-01-18 11:40:09</PriceUpdateDate>
      <ItemCode>7290015674263</ItemCode>
      <ItemType>0</ItemType>
      <ItemName>טופי ממולא אבקה 450</ItemName>
      <ManufacturerName>הלרסן גידה</ManufacturerName>
      <ManufactureCountry>לא ידוע</ManufactureCountry>
      <ManufacturerItemDescription>טופי ממולא אבקה 450 גרם</ManufacturerItemDescription>
      <UnitQty>גרמים</UnitQty>
      <Quantity>450.00</Quantity>
      <UnitOfMeasure>100 גרם</UnitOfMeasure>
      <bIsWeighted>0</bIsWeighted>
      <QtyInPackage>1</QtyInPackage>
      <ItemPrice>14.90</ItemPrice>
      <UnitOfMeasurePrice>3.3111</UnitOfMeasurePrice>
      <AllowDiscount>1</AllowDiscount>
      <ItemStatus>1</ItemStatus>
      <ItemId>266556</ItemId>
    </Item>
    <Item>
      <PriceUpdateDate>2016-01-18 11:40:10</PriceUpdateDate>
      <ItemCode>723120837133</ItemCode>
      <ItemType>0</ItemType>
      <ItemName>גבינת שמנת טעם טבעי</ItemName>
      <ManufacturerName>בר בכפר די אנד די</ManufacturerName>
      <ManufactureCountry>לא ידוע</ManufactureCountry>
      <ManufacturerItemDescription>גבינת שמנת טעם טבעי 200 גרם</ManufacturerItemDescription>
      <UnitQty>גרמים</UnitQty>
      <Quantity>200.00</Quantity>
      <UnitOfMeasure>100 גרם</UnitOfMeasure>
      <bIsWeighted>0</bIsWeighted>
      <QtyInPackage>1</QtyInPackage>
      <ItemPrice>13.90</ItemPrice>
      <UnitOfMeasurePrice>6.9500</UnitOfMeasurePrice>
      <AllowDiscount>1</AllowDiscount>
      <ItemStatus>1</ItemStatus>
      <ItemId>266557</ItemId>
    </Item>
    <Item>
      <PriceUpdateDate>2016-01-18 11:40:10</PriceUpdateDate>
      <ItemCode>723120837119</ItemCode>
      <ItemType>0</ItemType>
      <ItemName>גבינת שמנת טעם שום ש</ItemName>
      <ManufacturerName>בר בכפר די אנד די</ManufacturerName>
      <ManufactureCountry>לא ידוע</ManufactureCountry>
      <ManufacturerItemDescription>גבינת שמנת טעם שום שמיר 200 גרם</ManufacturerItemDescription>
      <UnitQty>גרמים</UnitQty>
      <Quantity>200.00</Quantity>
      <UnitOfMeasure>100 גרם</UnitOfMeasure>
      <bIsWeighted>0</bIsWeighted>
      <QtyInPackage>1</QtyInPackage>
      <ItemPrice>13.90</ItemPrice>
      <UnitOfMeasurePrice>6.9500</UnitOfMeasurePrice>
      <AllowDiscount>1</AllowDiscount>
      <ItemStatus>1</ItemStatus>
      <ItemId>266559</ItemId>
    </Item>
    <Item>
      <PriceUpdateDate>2016-01-18 11:40:10</PriceUpdateDate>
      <ItemCode>723120837157</ItemCode>
      <ItemType>0</ItemType>
      <ItemName>גבינת שמנת טעם זיתים</ItemName>
      <ManufacturerName>בר בכפר די אנד די</ManufacturerName>
      <ManufactureCountry>לא ידוע</ManufactureCountry>
      <ManufacturerItemDescription>גבינת שמנת טעם זיתים 200 גרם</ManufacturerItemDescription>
      <UnitQty>גרמים</UnitQty>
      <Quantity>200.00</Quantity>
      <UnitOfMeasure>100 גרם</UnitOfMeasure>
      <bIsWeighted>0</bIsWeighted>
      <QtyInPackage>1</QtyInPackage>
      <ItemPrice>13.90</ItemPrice>
      <UnitOfMeasurePrice>6.9500</UnitOfMeasurePrice>
      <AllowDiscount>1</AllowDiscount>
      <ItemStatus>1</ItemStatus>
      <ItemId>266561</ItemId>
    </Item>
    <Item>
      <PriceUpdateDate>2016-01-20 13:05:49</PriceUpdateDate>
      <ItemCode>7290000311319</ItemCode>
      <ItemType>1</ItemType>
      <ItemName>ופל מצופה 1 ק"ג</ItemName>
      <ManufacturerName>רוקחמן</ManufacturerName>
      <ManufactureCountry>ישראל</ManufactureCountry>
      <ManufacturerItemDescription>ופל מצופה 1 ק"ג</ManufacturerItemDescription>
      <UnitQty>קילוגרמים</UnitQty>
      <Quantity>1.00</Quantity>
      <UnitOfMeasure>ק"ג     </UnitOfMeasure>
      <bIsWeighted>0</bIsWeighted>
      <QtyInPackage>1</QtyInPackage>
      <ItemPrice>21.90</ItemPrice>
      <UnitOfMeasurePrice>21.9000</UnitOfMeasurePrice>
      <AllowDiscount>1</AllowDiscount>
      <ItemStatus>1</ItemStatus>
      <ItemId>266578</ItemId>
    </Item>
    <Item>
      <PriceUpdateDate>2016-01-25 11:50:54</PriceUpdateDate>
      <ItemCode>3574661248318</ItemCode>
      <ItemType>1</ItemType>
      <ItemName>מי פה ליסטרין הלבנה</ItemName>
      <ManufacturerName>,</ManufacturerName>
      <ManufactureCountry>לא ידוע</ManufactureCountry>
      <ManufacturerItemDescription>מי פה ליסטרין הלבנה 500 מ"ל</ManufacturerItemDescription>
      <UnitQty>מיליליטרים</UnitQty>
      <Quantity>500.00</Quantity>
      <UnitOfMeasure>100 מ"ל</UnitOfMeasure>
      <bIsWeighted>0</bIsWeighted>
      <QtyInPackage>1</QtyInPackage>
      <ItemPrice>25.90</ItemPrice>
      <UnitOfMeasurePrice>5.1800</UnitOfMeasurePrice>
      <AllowDiscount>1</AllowDiscount>
      <ItemStatus>1</ItemStatus>
      <ItemId>266579</ItemId>
    </Item>
    <Item>
      <PriceUpdateDate>2016-01-19 11:52:43</PriceUpdateDate>
      <ItemCode>8712561461436</ItemCode>
      <ItemType>1</ItemType>
      <ItemName>גל רחצה אקס גולד 410</ItemName>
      <ManufacturerName>יוניליוור</ManufacturerName>
      <ManufactureCountry>גרמניה</ManufactureCountry>
      <ManufacturerItemDescription>גל רחצה אקס גולד 410 מ"ל</ManufacturerItemDescription>
      <UnitQty>מיליליטרים</UnitQty>
      <Quantity>410.00</Quantity>
      <UnitOfMeasure>100 מ"ל</UnitOfMeasure>
      <bIsWeighted>0</bIsWeighted>
      <QtyInPackage>1</QtyInPackage>
      <ItemPrice>9.90</ItemPrice>
      <UnitOfMeasurePrice>2.4146</UnitOfMeasurePrice>
      <AllowDiscount>1</AllowDiscount>
      <ItemStatus>1</ItemStatus>
      <ItemId>266581</ItemId>
    </Item>
    <Item>
      <PriceUpdateDate>2016-01-19 11:52:43</PriceUpdateDate>
      <ItemCode>8711700796712</ItemCode>
      <ItemType>1</ItemType>
      <ItemName>גל רחצה אקס אפולו 41</ItemName>
      <ManufacturerName>יוניליוור</ManufacturerName>
      <ManufactureCountry>גרמניה</ManufactureCountry>
      <ManufacturerItemDescription>גל רחצה אקס אפולו 410 מ"ל</ManufacturerItemDescription>
      <UnitQty>מיליליטרים</UnitQty>
      <Quantity>410.00</Quantity>
      <UnitOfMeasure>100 מ"ל</UnitOfMeasure>
      <bIsWeighted>0</bIsWeighted>
      <QtyInPackage>1</QtyInPackage>
      <ItemPrice>9.90</ItemPrice>
      <UnitOfMeasurePrice>2.4146</UnitOfMeasurePrice>
      <AllowDiscount>1</AllowDiscount>
      <ItemStatus>1</ItemStatus>
      <ItemId>266582</ItemId>
    </Item>
    <Item>
      <PriceUpdateDate>2016-01-19 11:52:43</PriceUpdateDate>
      <ItemCode>42153153</ItemCode>
      <ItemType>1</ItemType>
      <ItemName>גל רחצה אקס שוקולד 4</ItemName>
      <ManufacturerName>יוניליוור</ManufacturerName>
      <ManufactureCountry>גרמניה</ManufactureCountry>
      <ManufacturerItemDescription>גל רחצה אקס שוקולד 410 מ"ל</ManufacturerItemDescription>
      <UnitQty>מיליליטרים</UnitQty>
      <Quantity>410.00</Quantity>
      <UnitOfMeasure>100 מ"ל</UnitOfMeasure>
      <bIsWeighted>0</bIsWeighted>
      <QtyInPackage>1</QtyInPackage>
      <ItemPrice>9.90</ItemPrice>
      <UnitOfMeasurePrice>2.4146</UnitOfMeasurePrice>
      <AllowDiscount>1</AllowDiscount>
      <ItemStatus>1</ItemStatus>
      <ItemId>266583</ItemId>
    </Item>
    <Item>
      <PriceUpdateDate>2016-01-21 17:40:48</PriceUpdateDate>
      <ItemCode>7290107641395</ItemCode>
      <ItemType>0</ItemType>
      <ItemName>שוגי 1 ק"ג מופחת סוכ</ItemName>
      <ManufacturerName>יוניליוור</ManufacturerName>
      <ManufactureCountry>לא ידוע</ManufactureCountry>
      <ManufacturerItemDescription>שוגי 1 ק"ג מופחת סוכר</ManufacturerItemDescription>
      <UnitQty>קילוגרמים</UnitQty>
      <Quantity>1.00</Quantity>
      <UnitOfMeasure>ק"ג     </UnitOfMeasure>
      <bIsWeighted>0</bIsWeighted>
      <QtyInPackage>1</QtyInPackage>
      <ItemPrice>16.90</ItemPrice>
      <UnitOfMeasurePrice>16.9000</UnitOfMeasurePrice>
      <AllowDiscount>1</AllowDiscount>
      <ItemStatus>1</ItemStatus>
      <ItemId>266632</ItemId>
    </Item>
    <Item>
      <PriceUpdateDate>2016-01-20 13:05:49</PriceUpdateDate>
      <ItemCode>311746</ItemCode>
      <ItemType>0</ItemType>
      <ItemName>עוגיות בטעם קרמל 300</ItemName>
      <ManufacturerName>רוקחמן</ManufacturerName>
      <ManufactureCountry>ישראל</ManufactureCountry>
      <ManufacturerItemDescription>עוגיות בטעם קרמל 300 גרם</ManufacturerItemDescription>
      <UnitQty>גרמים</UnitQty>
      <Quantity>300.00</Quantity>
      <UnitOfMeasure>100 גרם</UnitOfMeasure>
      <bIsWeighted>0</bIsWeighted>
      <QtyInPackage>1</QtyInPackage>
      <ItemPrice>5.90</ItemPrice>
      <UnitOfMeasurePrice>1.9667</UnitOfMeasurePrice>
      <AllowDiscount>1</AllowDiscount>
      <ItemStatus>1</ItemStatus>
      <ItemId>266610</ItemId>
    </Item>
    <Item>
      <PriceUpdateDate>2016-01-20 13:05:49</PriceUpdateDate>
      <ItemCode>311845</ItemCode>
      <ItemType>0</ItemType>
      <ItemName>עוגיות חיטה מלאה 200</ItemName>
      <ManufacturerName>רוקחמן</ManufacturerName>
      <ManufactureCountry>ישראל</ManufactureCountry>
      <ManufacturerItemDescription>עוגיות חיטה מלאה 200 גרם</ManufacturerItemDescription>
      <UnitQty>גרמים</UnitQty>
      <Quantity>200.00</Quantity>
      <UnitOfMeasure>100 גרם</UnitOfMeasure>
      <bIsWeighted>0</bIsWeighted>
      <QtyInPackage>1</QtyInPackage>
      <ItemPrice>7.90</ItemPrice>
      <UnitOfMeasurePrice>3.9500</UnitOfMeasurePrice>
      <AllowDiscount>1</AllowDiscount>
      <ItemStatus>1</ItemStatus>
      <ItemId>266611</ItemId>
    </Item>
    <Item>
      <PriceUpdateDate>2016-01-20 13:05:49</PriceUpdateDate>
      <ItemCode>311876</ItemCode>
      <ItemType>0</ItemType>
      <ItemName>ופל ללא סוכר בטעם ונ</ItemName>
      <ManufacturerName>רוקחמן</ManufacturerName>
      <ManufactureCountry>ישראל</ManufactureCountry>
      <ManufacturerItemDescription>ופל ללא סוכר בטעם וניל 180 גרם</ManufacturerItemDescription>
      <UnitQty>גרמים</UnitQty>
      <Quantity>180.00</Quantity>
      <UnitOfMeasure>100 גרם</UnitOfMeasure>
      <bIsWeighted>0</bIsWeighted>
      <QtyInPackage>1</QtyInPackage>
      <ItemPrice>6.90</ItemPrice>
      <UnitOfMeasurePrice>3.8333</UnitOfMeasurePrice>
      <AllowDiscount>1</AllowDiscount>
      <ItemStatus>1</ItemStatus>
      <ItemId>266612</ItemId>
    </Item>
    <Item>
      <PriceUpdateDate>2016-01-20 13:05:49</PriceUpdateDate>
      <ItemCode>311869</ItemCode>
      <ItemType>0</ItemType>
      <ItemName>ופל ללא סוכר בטעם שו</ItemName>
      <ManufacturerName>רוקחמן</ManufacturerName>
      <ManufactureCountry>ישראל</ManufactureCountry>
      <ManufacturerItemDescription>ופל ללא סוכר בטעם שוקולד 180 גרם</ManufacturerItemDescription>
      <UnitQty>גרמים</UnitQty>
      <Quantity>180.00</Quantity>
      <UnitOfMeasure>100 גרם</UnitOfMeasure>
      <bIsWeighted>0</bIsWeighted>
      <QtyInPackage>1</QtyInPackage>
      <ItemPrice>6.90</ItemPrice>
      <UnitOfMeasurePrice>3.8333</UnitOfMeasurePrice>
      <AllowDiscount>1</AllowDiscount>
      <ItemStatus>1</ItemStatus>
      <ItemId>266613</ItemId>
    </Item>
    <Item>
      <PriceUpdateDate>2016-01-20 13:05:49</PriceUpdateDate>
      <ItemCode>7290005008184</ItemCode>
      <ItemType>1</ItemType>
      <ItemName>סבון נוזלי פלמוליב ש</ItemName>
      <ManufacturerName>קולגייט פלמוליב</ManufacturerName>
      <ManufactureCountry>לא ידוע</ManufactureCountry>
      <ManufacturerItemDescription>סבון נוזלי פלמוליב שקדים 500 מ"ל</ManufacturerItemDescription>
      <UnitQty>מיליליטרים</UnitQty>
      <Quantity>500.00</Quantity>
      <UnitOfMeasure>100 מ"ל</UnitOfMeasure>
      <bIsWeighted>0</bIsWeighted>
      <QtyInPackage>1</QtyInPackage>
      <ItemPrice>12.80</ItemPrice>
      <UnitOfMeasurePrice>2.5600</UnitOfMeasurePrice>
      <AllowDiscount>1</AllowDiscount>
      <ItemStatus>1</ItemStatus>
      <ItemId>266617</ItemId>
    </Item>
    <Item>
      <PriceUpdateDate>2016-01-20 13:05:49</PriceUpdateDate>
      <ItemCode>7290001305058</ItemCode>
      <ItemType>1</ItemType>
      <ItemName>סבון נוזלי פלמוליב ח</ItemName>
      <ManufacturerName>קולגייט פלמוליב</ManufacturerName>
      <ManufactureCountry>לא ידוע</ManufactureCountry>
      <ManufacturerItemDescription>סבון נוזלי פלמוליב חלב ודבש 500 מ"ל</ManufacturerItemDescription>
      <UnitQty>מיליליטרים</UnitQty>
      <Quantity>500.00</Quantity>
      <UnitOfMeasure>100 מ"ל</UnitOfMeasure>
      <bIsWeighted>0</bIsWeighted>
      <QtyInPackage>1</QtyInPackage>
      <ItemPrice>12.80</ItemPrice>
      <UnitOfMeasurePrice>2.5600</UnitOfMeasurePrice>
      <AllowDiscount>1</AllowDiscount>
      <ItemStatus>1</ItemStatus>
      <ItemId>266618</ItemId>
    </Item>
    <Item>
      <PriceUpdateDate>2016-01-20 13:05:49</PriceUpdateDate>
      <ItemCode>7290105431868</ItemCode>
      <ItemType>1</ItemType>
      <ItemName>סבון נוזלי פלמוליב ק</ItemName>
      <ManufacturerName>קולגייט פלמוליב</ManufacturerName>
      <ManufactureCountry>לא ידוע</ManufactureCountry>
      <ManufacturerItemDescription>סבון נוזלי פלמוליב קוקוס גרגירים500 מ"ל</ManufacturerItemDescription>
      <UnitQty>מיליליטרים</UnitQty>
      <Quantity>500.00</Quantity>
      <UnitOfMeasure>100 מ"ל</UnitOfMeasure>
      <bIsWeighted>0</bIsWeighted>
      <QtyInPackage>1</QtyInPackage>
      <ItemPrice>12.80</ItemPrice>
      <UnitOfMeasurePrice>2.5600</UnitOfMeasurePrice>
      <AllowDiscount>1</AllowDiscount>
      <ItemStatus>1</ItemStatus>
      <ItemId>266620</ItemId>
    </Item>
    <Item>
      <PriceUpdateDate>2016-01-24 10:27:11</PriceUpdateDate>
      <ItemCode>8693495041263</ItemCode>
      <ItemType>0</ItemType>
      <ItemName>סבון נוזלי פלמוליב ל</ItemName>
      <ManufacturerName>קולגייט פלמוליב</ManufacturerName>
      <ManufactureCountry>לא ידוע</ManufactureCountry>
      <ManufacturerItemDescription>סבון נוזלי פלמוליב לגבר 500 מ"ל</ManufacturerItemDescription>
      <UnitQty>מיליליטרים</UnitQty>
      <Quantity>500.00</Quantity>
      <UnitOfMeasure>100 מ"ל</UnitOfMeasure>
      <bIsWeighted>0</bIsWeighted>
      <QtyInPackage>1</QtyInPackage>
      <ItemPrice>12.80</ItemPrice>
      <UnitOfMeasurePrice>2.5600</UnitOfMeasurePrice>
      <AllowDiscount>1</AllowDiscount>
      <ItemStatus>1</ItemStatus>
      <ItemId>266621</ItemId>
    </Item>
    <Item>
      <PriceUpdateDate>2016-01-24 10:27:12</PriceUpdateDate>
      <ItemCode>8693495041249</ItemCode>
      <ItemType>0</ItemType>
      <ItemName>סבון נוזלי פלמוליב ל</ItemName>
      <ManufacturerName>קולגייט פלמוליב</ManufacturerName>
      <ManufactureCountry>לא ידוע</ManufactureCountry>
      <ManufacturerItemDescription>סבון נוזלי פלמוליב לגבר ספורט 500 מ"ל</ManufacturerItemDescription>
      <UnitQty>מיליליטרים</UnitQty>
      <Quantity>500.00</Quantity>
      <UnitOfMeasure>100 מ"ל</UnitOfMeasure>
      <bIsWeighted>0</bIsWeighted>
      <QtyInPackage>1</QtyInPackage>
      <ItemPrice>12.80</ItemPrice>
      <UnitOfMeasurePrice>2.5600</UnitOfMeasurePrice>
      <AllowDiscount>1</AllowDiscount>
      <ItemStatus>1</ItemStatus>
      <ItemId>266622</ItemId>
    </Item>
    <Item>
      <PriceUpdateDate>2016-01-21 17:40:48</PriceUpdateDate>
      <ItemCode>7290107642675</ItemCode>
      <ItemType>0</ItemType>
      <ItemName>שמפו פינוק לגבר 2ב-1</ItemName>
      <ManufacturerName>יוניליוור</ManufacturerName>
      <ManufactureCountry>לא ידוע</ManufactureCountry>
      <ManufacturerItemDescription>שמפו פינוק לגבר 2ב-1 700 מ"ל</ManufacturerItemDescription>
      <UnitQty>מיליליטרים</UnitQty>
      <Quantity>700.00</Quantity>
      <UnitOfMeasure>100 מ"ל</UnitOfMeasure>
      <bIsWeighted>0</bIsWeighted>
      <QtyInPackage>1</QtyInPackage>
      <ItemPrice>8.30</ItemPrice>
      <UnitOfMeasurePrice>1.1857</UnitOfMeasurePrice>
      <AllowDiscount>1</AllowDiscount>
      <ItemStatus>1</ItemStatus>
      <ItemId>266634</ItemId>
    </Item>
    <Item>
      <PriceUpdateDate>2016-01-21 17:40:48</PriceUpdateDate>
      <ItemCode>7290107641906</ItemCode>
      <ItemType>0</ItemType>
      <ItemName>שמפו פינוק 3ב-1 סבון</ItemName>
      <ManufacturerName>יוניליוור</ManufacturerName>
      <ManufactureCountry>לא ידוע</ManufactureCountry>
      <ManufacturerItemDescription>שמפו פינוק 3ב-1 סבון+שמפו לגבר 700 מ"ל</ManufacturerItemDescription>
      <UnitQty>מיליליטרים</UnitQty>
      <Quantity>700.00</Quantity>
      <UnitOfMeasure>100 מ"ל</UnitOfMeasure>
      <bIsWeighted>0</bIsWeighted>
      <QtyInPackage>1</QtyInPackage>
      <ItemPrice>8.30</ItemPrice>
      <UnitOfMeasurePrice>1.1857</UnitOfMeasurePrice>
      <AllowDiscount>1</AllowDiscount>
      <ItemStatus>1</ItemStatus>
      <ItemId>266635</ItemId>
    </Item>
    <Item>
      <PriceUpdateDate>2016-02-02 13:05:49</PriceUpdateDate>
      <ItemCode>7290104857058</ItemCode>
      <ItemType>1</ItemType>
      <ItemName>מארז 9 מגבונים לחים</ItemName>
      <ManufacturerName>פאלאס</ManufacturerName>
      <ManufactureCountry>לא ידוע</ManufactureCountry>
      <ManufacturerItemDescription>מארז 9 מגבונים לחים</ManufacturerItemDescription>
      <UnitQty>לא מנהל יחידת מידה</UnitQty>
      <Quantity>0.00</Quantity>
      <UnitOfMeasure>לא מנהל יחידת מידה</UnitOfMeasure>
      <bIsWeighted>0</bIsWeighted>
      <QtyInPackage>1</QtyInPackage>
      <ItemPrice>19.90</ItemPrice>
      <UnitOfMeasurePrice>0.0000</UnitOfMeasurePrice>
      <AllowDiscount>1</AllowDiscount>
      <ItemStatus>1</ItemStatus>
      <ItemId>266704</ItemId>
    </Item>
    <Item>
      <PriceUpdateDate>2016-02-02 13:55:47</PriceUpdateDate>
      <ItemCode>7290006449481</ItemCode>
      <ItemType>1</ItemType>
      <ItemName>ביבי מיקס עם חסה 500</ItemName>
      <ManufacturerName>,</ManufacturerName>
      <ManufactureCountry>לא ידוע</ManufactureCountry>
      <ManufacturerItemDescription>ביבי מיקס עם חסה 500 ג</ManufacturerItemDescription>
      <UnitQty>גרמים</UnitQty>
      <Quantity>500.00</Quantity>
      <UnitOfMeasure>100 גרם</UnitOfMeasure>
      <bIsWeighted>0</bIsWeighted>
      <QtyInPackage>1</QtyInPackage>
      <ItemPrice>9.90</ItemPrice>
      <UnitOfMeasurePrice>1.9800</UnitOfMeasurePrice>
      <AllowDiscount>1</AllowDiscount>
      <ItemStatus>1</ItemStatus>
      <ItemId>266705</ItemId>
    </Item>
    <Item>
      <PriceUpdateDate>2016-02-02 13:55:47</PriceUpdateDate>
      <ItemCode>7290006449504</ItemCode>
      <ItemType>1</ItemType>
      <ItemName>עלי חסה לסלט 500 ג</ItemName>
      <ManufacturerName>,</ManufacturerName>
      <ManufactureCountry>לא ידוע</ManufactureCountry>
      <ManufacturerItemDescription>עלי חסה לסלט 500 ג</ManufacturerItemDescription>
      <UnitQty>גרמים</UnitQty>
      <Quantity>500.00</Quantity>
      <UnitOfMeasure>100 גרם</UnitOfMeasure>
      <bIsWeighted>0</bIsWeighted>
      <QtyInPackage>1</QtyInPackage>
      <ItemPrice>9.90</ItemPrice>
      <UnitOfMeasurePrice>1.9800</UnitOfMeasurePrice>
      <AllowDiscount>1</AllowDiscount>
      <ItemStatus>1</ItemStatus>
      <ItemId>266706</ItemId>
    </Item>
    <Item>
      <PriceUpdateDate>2016-02-08 13:05:52</PriceUpdateDate>
      <ItemCode>8714599513866</ItemCode>
      <ItemType>0</ItemType>
      <ItemName>קפה גיקובס קרוננג 20</ItemName>
      <ManufacturerName>גייקובס</ManufacturerName>
      <ManufactureCountry>לא ידוע</ManufactureCountry>
      <ManufacturerItemDescription>קפה גיקובס קרוננג 200 גרם כשל"פ</ManufacturerItemDescription>
      <UnitQty>גרמים</UnitQty>
      <Quantity>200.00</Quantity>
      <UnitOfMeasure>100 גרם</UnitOfMeasure>
      <bIsWeighted>0</bIsWeighted>
      <QtyInPackage>1</QtyInPackage>
      <ItemPrice>24.90</ItemPrice>
      <UnitOfMeasurePrice>12.4500</UnitOfMeasurePrice>
      <AllowDiscount>1</AllowDiscount>
      <ItemStatus>1</ItemStatus>
      <ItemId>266723</ItemId>
    </Item>
    <Item>
      <PriceUpdateDate>2016-02-08 13:05:52</PriceUpdateDate>
      <ItemCode>8714599513781</ItemCode>
      <ItemType>0</ItemType>
      <ItemName>קפה גיקובס קרנט זהב</ItemName>
      <ManufacturerName>גייקובס</ManufacturerName>
      <ManufactureCountry>לא ידוע</ManufactureCountry>
      <ManufacturerItemDescription>קפה גיקובס קרנט זהב 200 גרם כשל"פ</ManufacturerItemDescription>
      <UnitQty>גרמים</UnitQty>
      <Quantity>200.00</Quantity>
      <UnitOfMeasure>100 גרם</UnitOfMeasure>
      <bIsWeighted>0</bIsWeighted>
      <QtyInPackage>1</QtyInPackage>
      <ItemPrice>24.90</ItemPrice>
      <UnitOfMeasurePrice>12.4500</UnitOfMeasurePrice>
      <AllowDiscount>1</AllowDiscount>
      <ItemStatus>1</ItemStatus>
      <ItemId>266724</ItemId>
    </Item>
    <Item>
      <PriceUpdateDate>2016-02-08 13:05:52</PriceUpdateDate>
      <ItemCode>2404583</ItemCode>
      <ItemType>0</ItemType>
      <ItemName>יין היוצר קברנה בראש</ItemName>
      <ManufacturerName>יקבי ארזה</ManufacturerName>
      <ManufactureCountry>לא ידוע</ManufactureCountry>
      <ManufacturerItemDescription>יין היוצר קברנה בראשית 750 מ"ל</ManufacturerItemDescription>
      <UnitQty>מיליליטרים</UnitQty>
      <Quantity>750.00</Quantity>
      <UnitOfMeasure>100 מ"ל</UnitOfMeasure>
      <bIsWeighted>0</bIsWeighted>
      <QtyInPackage>1</QtyInPackage>
      <ItemPrice>24.90</ItemPrice>
      <UnitOfMeasurePrice>3.3200</UnitOfMeasurePrice>
      <AllowDiscount>1</AllowDiscount>
      <ItemStatus>1</ItemStatus>
      <ItemId>266725</ItemId>
    </Item>
    <Item>
      <PriceUpdateDate>2016-02-08 17:40:49</PriceUpdateDate>
      <ItemCode>7290013531834</ItemCode>
      <ItemType>0</ItemType>
      <ItemName>מיץ עגבניות 1 ליטר י</ItemName>
      <ManufacturerName>טאמק ניבטיה מק</ManufacturerName>
      <ManufactureCountry>לא ידוע</ManufactureCountry>
      <ManufacturerItemDescription>מיץ עגבניות 1 ליטר יכין</ManufacturerItemDescription>
      <UnitQty>ליטרים</UnitQty>
      <Quantity>1.00</Quantity>
      <UnitOfMeasure>ליטר    </UnitOfMeasure>
      <bIsWeighted>0</bIsWeighted>
      <QtyInPackage>1</QtyInPackage>
      <ItemPrice>4.90</ItemPrice>
      <UnitOfMeasurePrice>4.9000</UnitOfMeasurePrice>
      <AllowDiscount>1</AllowDiscount>
      <ItemStatus>1</ItemStatus>
      <ItemId>266730</ItemId>
    </Item>
    <Item>
      <PriceUpdateDate>2016-02-08 17:40:49</PriceUpdateDate>
      <ItemCode>7290013585554</ItemCode>
      <ItemType>0</ItemType>
      <ItemName>סודה קינלי 6 *1.5 לי</ItemName>
      <ManufacturerName>קוקה קולה</ManufacturerName>
      <ManufactureCountry>ישראל</ManufactureCountry>
      <ManufacturerItemDescription>סודה קינלי 6 *1.5 ליטר</ManufacturerItemDescription>
      <UnitQty>ליטרים</UnitQty>
      <Quantity>9.00</Quantity>
      <UnitOfMeasure>ליטר    </UnitOfMeasure>
      <bIsWeighted>0</bIsWeighted>
      <QtyInPackage>1</QtyInPackage>
      <ItemPrice>13.90</ItemPrice>
      <UnitOfMeasurePrice>1.5444</UnitOfMeasurePrice>
      <AllowDiscount>1</AllowDiscount>
      <ItemStatus>1</ItemStatus>
      <ItemId>266731</ItemId>
    </Item>
    <Item>
      <PriceUpdateDate>2016-05-25 08:48:34</PriceUpdateDate>
      <ItemCode>7290004023010</ItemCode>
      <ItemType>1</ItemType>
      <ItemName>לחם חיטה 700 גרם</ItemName>
      <ManufacturerName>,</ManufacturerName>
      <ManufactureCountry>לא ידוע</ManufactureCountry>
      <ManufacturerItemDescription>לחם חיטה</ManufacturerItemDescription>
      <UnitQty>גרמים</UnitQty>
      <Quantity>700.00</Quantity>
      <UnitOfMeasure>100 גרם</UnitOfMeasure>
      <bIsWeighted>0</bIsWeighted>
      <QtyInPackage>1</QtyInPackage>
      <ItemPrice>13.90</ItemPrice>
      <UnitOfMeasurePrice>1.9857</UnitOfMeasurePrice>
      <AllowDiscount>1</AllowDiscount>
      <ItemStatus>1</ItemStatus>
      <ItemId>266732</ItemId>
    </Item>
    <Item>
      <PriceUpdateDate>2016-02-10 09:45:45</PriceUpdateDate>
      <ItemCode>7290004023058</ItemCode>
      <ItemType>1</ItemType>
      <ItemName>לחם שיבולת שועל 700</ItemName>
      <ManufacturerName>,</ManufacturerName>
      <ManufactureCountry>לא ידוע</ManufactureCountry>
      <ManufacturerItemDescription>לחם שיבולת שועל</ManufacturerItemDescription>
      <UnitQty>גרמים</UnitQty>
      <Quantity>700.00</Quantity>
      <UnitOfMeasure>100 גרם</UnitOfMeasure>
      <bIsWeighted>0</bIsWeighted>
      <QtyInPackage>1</QtyInPackage>
      <ItemPrice>13.90</ItemPrice>
      <UnitOfMeasurePrice>1.9857</UnitOfMeasurePrice>
      <AllowDiscount>1</AllowDiscount>
      <ItemStatus>1</ItemStatus>
      <ItemId>266733</ItemId>
    </Item>
    <Item>
      <PriceUpdateDate>2016-07-27 08:32:51</PriceUpdateDate>
      <ItemCode>7290004023041</ItemCode>
      <ItemType>1</ItemType>
      <ItemName>לחם שיפון 750 גרם</ItemName>
      <ManufacturerName>,</ManufacturerName>
      <ManufactureCountry>לא ידוע</ManufactureCountry>
      <ManufacturerItemDescription>לחם שיפון</ManufacturerItemDescription>
      <UnitQty>גרמים</UnitQty>
      <Quantity>750.00</Quantity>
      <UnitOfMeasure>100 גרם</UnitOfMeasure>
      <bIsWeighted>0</bIsWeighted>
      <QtyInPackage>1</QtyInPackage>
      <ItemPrice>13.90</ItemPrice>
      <UnitOfMeasurePrice>1.8533</UnitOfMeasurePrice>
      <AllowDiscount>1</AllowDiscount>
      <ItemStatus>1</ItemStatus>
      <ItemId>266734</ItemId>
    </Item>
    <Item>
      <PriceUpdateDate>2016-07-17 16:25:34</PriceUpdateDate>
      <ItemCode>7290015664035</ItemCode>
      <ItemType>1</ItemType>
      <ItemName>רולי פרי ממתק בטעם פ</ItemName>
      <ManufacturerName>,</ManufacturerName>
      <ManufactureCountry>לא ידוע</ManufactureCountry>
      <ManufacturerItemDescription>רול פרי ממתק בטעם פטל21 גרם</ManufacturerItemDescription>
      <UnitQty>גרמים</UnitQty>
      <Quantity>21.00</Quantity>
      <UnitOfMeasure>100 גרם</UnitOfMeasure>
      <bIsWeighted>0</bIsWeighted>
      <QtyInPackage>1</QtyInPackage>
      <ItemPrice>0.50</ItemPrice>
      <UnitOfMeasurePrice>2.3810</UnitOfMeasurePrice>
      <AllowDiscount>1</AllowDiscount>
      <ItemStatus>1</ItemStatus>
      <ItemId>268875</ItemId>
    </Item>
    <Item>
      <PriceUpdateDate>2016-07-27 08:32:51</PriceUpdateDate>
      <ItemCode>7290004023034</ItemCode>
      <ItemType>1</ItemType>
      <ItemName>לחם שיפון ביתי שמרים</ItemName>
      <ManufacturerName>,</ManufacturerName>
      <ManufactureCountry>לא ידוע</ManufactureCountry>
      <ManufacturerItemDescription>לחם שיפון ביתי שמרים</ManufacturerItemDescription>
      <UnitQty>גרמים</UnitQty>
      <Quantity>550.00</Quantity>
      <UnitOfMeasure>100 גרם</UnitOfMeasure>
      <bIsWeighted>0</bIsWeighted>
      <QtyInPackage>1</QtyInPackage>
      <ItemPrice>13.90</ItemPrice>
      <UnitOfMeasurePrice>2.5273</UnitOfMeasurePrice>
      <AllowDiscount>1</AllowDiscount>
      <ItemStatus>1</ItemStatus>
      <ItemId>266735</ItemId>
    </Item>
    <Item>
      <PriceUpdateDate>2016-05-25 08:48:36</PriceUpdateDate>
      <ItemCode>7290004023430</ItemCode>
      <ItemType>1</ItemType>
      <ItemName>לחם כוסמין אורגני 40</ItemName>
      <ManufacturerName>,</ManufacturerName>
      <ManufactureCountry>לא ידוע</ManufactureCountry>
      <ManufacturerItemDescription>לחם כוסמין אורגני</ManufacturerItemDescription>
      <UnitQty>גרמים</UnitQty>
      <Quantity>400.00</Quantity>
      <UnitOfMeasure>100 גרם</UnitOfMeasure>
      <bIsWeighted>0</bIsWeighted>
      <QtyInPackage>1</QtyInPackage>
      <ItemPrice>16.90</ItemPrice>
      <UnitOfMeasurePrice>4.2250</UnitOfMeasurePrice>
      <AllowDiscount>1</AllowDiscount>
      <ItemStatus>1</ItemStatus>
      <ItemId>266736</ItemId>
    </Item>
    <Item>
      <PriceUpdateDate>2016-02-10 09:45:45</PriceUpdateDate>
      <ItemCode>7290004023522</ItemCode>
      <ItemType>1</ItemType>
      <ItemName>לחם כוסמין שמרים 500</ItemName>
      <ManufacturerName>,</ManufacturerName>
      <ManufactureCountry>לא ידוע</ManufactureCountry>
      <ManufacturerItemDescription>לחם כוסמין שמרים</ManufacturerItemDescription>
      <UnitQty>גרמים</UnitQty>
      <Quantity>500.00</Quantity>
      <UnitOfMeasure>100 גרם</UnitOfMeasure>
      <bIsWeighted>0</bIsWeighted>
      <QtyInPackage>1</QtyInPackage>
      <ItemPrice>17.90</ItemPrice>
      <UnitOfMeasurePrice>3.5800</UnitOfMeasurePrice>
      <AllowDiscount>1</AllowDiscount>
      <ItemStatus>1</ItemStatus>
      <ItemId>266737</ItemId>
    </Item>
    <Item>
      <PriceUpdateDate>2016-02-10 09:45:45</PriceUpdateDate>
      <ItemCode>7290004023072</ItemCode>
      <ItemType>1</ItemType>
      <ItemName>לחמניות ביתיות 520 ג</ItemName>
      <ManufacturerName>,</ManufacturerName>
      <ManufactureCountry>לא ידוע</ManufactureCountry>
      <ManufacturerItemDescription>לחמניות ביתיות</ManufacturerItemDescription>
      <UnitQty>גרמים</UnitQty>
      <Quantity>520.00</Quantity>
      <UnitOfMeasure>100 גרם</UnitOfMeasure>
      <bIsWeighted>0</bIsWeighted>
      <QtyInPackage>1</QtyInPackage>
      <ItemPrice>10.90</ItemPrice>
      <UnitOfMeasurePrice>2.0962</UnitOfMeasurePrice>
      <AllowDiscount>1</AllowDiscount>
      <ItemStatus>1</ItemStatus>
      <ItemId>266738</ItemId>
    </Item>
    <Item>
      <PriceUpdateDate>2016-03-08 11:15:55</PriceUpdateDate>
      <ItemCode>838948009614</ItemCode>
      <ItemType>0</ItemType>
      <ItemName>ממרח פסטו עגבניות וח</ItemName>
      <ManufacturerName>,</ManufacturerName>
      <ManufactureCountry>לא ידוע</ManufactureCountry>
      <ManufacturerItemDescription>ממרח פסטו עגבניות וחצילים 190 גרם</ManufacturerItemDescription>
      <UnitQty>גרמים</UnitQty>
      <Quantity>190.00</Quantity>
      <UnitOfMeasure>100 גרם</UnitOfMeasure>
      <bIsWeighted>0</bIsWeighted>
      <QtyInPackage>1</QtyInPackage>
      <ItemPrice>5.90</ItemPrice>
      <UnitOfMeasurePrice>3.1053</UnitOfMeasurePrice>
      <AllowDiscount>1</AllowDiscount>
      <ItemStatus>1</ItemStatus>
      <ItemId>266746</ItemId>
    </Item>
    <Item>
      <PriceUpdateDate>2016-02-08 18:55:50</PriceUpdateDate>
      <ItemCode>7290106669154</ItemCode>
      <ItemType>0</ItemType>
      <ItemName>מאגדת רביעיה רבע לשב</ItemName>
      <ManufacturerName>עלית</ManufacturerName>
      <ManufactureCountry>ישראל</ManufactureCountry>
      <ManufacturerItemDescription>מאגדת רביעיה רבע לשבע 102 גרם</ManufacturerItemDescription>
      <UnitQty>גרמים</UnitQty>
      <Quantity>102.00</Quantity>
      <UnitOfMeasure>100 גרם</UnitOfMeasure>
      <bIsWeighted>0</bIsWeighted>
      <QtyInPackage>1</QtyInPackage>
      <ItemPrice>9.90</ItemPrice>
      <UnitOfMeasurePrice>9.7059</UnitOfMeasurePrice>
      <AllowDiscount>1</AllowDiscount>
      <ItemStatus>1</ItemStatus>
      <ItemId>266750</ItemId>
    </Item>
    <Item>
      <PriceUpdateDate>2016-02-10 08:55:51</PriceUpdateDate>
      <ItemCode>3014260048723</ItemCode>
      <ItemType>0</ItemType>
      <ItemName>מברשת שיניים אורל בי</ItemName>
      <ManufacturerName>פרוקטר</ManufacturerName>
      <ManufactureCountry>הודו</ManufactureCountry>
      <ManufacturerItemDescription>מברשת שיניים אורל בי מדיום שלישיה</ManufacturerItemDescription>
      <UnitQty>Unknown </UnitQty>
      <Quantity>0.00</Quantity>
      <UnitOfMeasure>Unknown </UnitOfMeasure>
      <bIsWeighted>0</bIsWeighted>
      <QtyInPackage>1</QtyInPackage>
      <ItemPrice>9.90</ItemPrice>
      <UnitOfMeasurePrice>0.0000</UnitOfMeasurePrice>
      <AllowDiscount>1</AllowDiscount>
      <ItemStatus>1</ItemStatus>
      <ItemId>266781</ItemId>
    </Item>
    <Item>
      <PriceUpdateDate>2016-02-10 08:55:51</PriceUpdateDate>
      <ItemCode>7290004575229</ItemCode>
      <ItemType>1</ItemType>
      <ItemName>מאגדת קסטה סנקור 5 י</ItemName>
      <ManufacturerName>ריאו</ManufacturerName>
      <ManufactureCountry>ישראל</ManufactureCountry>
      <ManufacturerItemDescription>מאגדת קסטה סנקור 5 יח</ManufacturerItemDescription>
      <UnitQty>גרמים</UnitQty>
      <Quantity>500.00</Quantity>
      <UnitOfMeasure>100 גרם</UnitOfMeasure>
      <bIsWeighted>0</bIsWeighted>
      <QtyInPackage>1</QtyInPackage>
      <ItemPrice>24.90</ItemPrice>
      <UnitOfMeasurePrice>4.9800</UnitOfMeasurePrice>
      <AllowDiscount>1</AllowDiscount>
      <ItemStatus>1</ItemStatus>
      <ItemId>266784</ItemId>
    </Item>
    <Item>
      <PriceUpdateDate>2016-02-10 08:55:51</PriceUpdateDate>
      <ItemCode>7290106720329</ItemCode>
      <ItemType>0</ItemType>
      <ItemName>6 קלחוני תירס בוואקו</ItemName>
      <ManufacturerName>,</ManufacturerName>
      <ManufactureCountry>לא ידוע</ManufactureCountry>
      <ManufacturerItemDescription>6 קלחוני תירס בוואקום 600 גרם</ManufacturerItemDescription>
      <UnitQty>גרמים</UnitQty>
      <Quantity>600.00</Quantity>
      <UnitOfMeasure>100 גרם</UnitOfMeasure>
      <bIsWeighted>0</bIsWeighted>
      <QtyInPackage>1</QtyInPackage>
      <ItemPrice>14.90</ItemPrice>
      <UnitOfMeasurePrice>2.4833</UnitOfMeasurePrice>
      <AllowDiscount>1</AllowDiscount>
      <ItemStatus>1</ItemStatus>
      <ItemId>266786</ItemId>
    </Item>
    <Item>
      <PriceUpdateDate>2016-02-10 10:10:47</PriceUpdateDate>
      <ItemCode>7290009953534</ItemCode>
      <ItemType>1</ItemType>
      <ItemName>אגוז מלך מיקס שקיל</ItemName>
      <ManufacturerName>,</ManufacturerName>
      <ManufactureCountry>לא ידוע</ManufactureCountry>
      <ManufacturerItemDescription>אגוז מלך מיקס שקיל</ManufacturerItemDescription>
      <UnitQty>קילוגרמים</UnitQty>
      <Quantity>1.00</Quantity>
      <UnitOfMeasure>ק"ג</UnitOfMeasure>
      <bIsWeighted>1</bIsWeighted>
      <QtyInPackage>לא ידוע</QtyInPackage>
      <ItemPrice>40.00</ItemPrice>
      <UnitOfMeasurePrice>40.0000</UnitOfMeasurePrice>
      <AllowDiscount>1</AllowDiscount>
      <ItemStatus>1</ItemStatus>
      <ItemId>266789</ItemId>
    </Item>
    <Item>
      <PriceUpdateDate>2016-02-17 13:06:02</PriceUpdateDate>
      <ItemCode>7290103157852</ItemCode>
      <ItemType>1</ItemType>
      <ItemName>קינוחית עם ידית 12 י</ItemName>
      <ManufacturerName>AHCOF CO LTD</ManufacturerName>
      <ManufactureCountry>לא ידוע</ManufactureCountry>
      <ManufacturerItemDescription>קינוחית עם ידית 12 יח</ManufacturerItemDescription>
      <UnitQty>Unknown </UnitQty>
      <Quantity>0.00</Quantity>
      <UnitOfMeasure>Unknown </UnitOfMeasure>
      <bIsWeighted>0</bIsWeighted>
      <QtyInPackage>1</QtyInPackage>
      <ItemPrice>5.90</ItemPrice>
      <UnitOfMeasurePrice>0.0000</UnitOfMeasurePrice>
      <AllowDiscount>1</AllowDiscount>
      <ItemStatus>1</ItemStatus>
      <ItemId>266907</ItemId>
    </Item>
    <Item>
      <PriceUpdateDate>2016-02-17 13:06:03</PriceUpdateDate>
      <ItemCode>7290103157791</ItemCode>
      <ItemType>0</ItemType>
      <ItemName>קינוחיות עגולות גדול</ItemName>
      <ManufacturerName>AHCOF CO LTD</ManufacturerName>
      <ManufactureCountry>לא ידוע</ManufactureCountry>
      <ManufacturerItemDescription>קינוחיות עגולות גדולות 20 יח</ManufacturerItemDescription>
      <UnitQty>Unknown </UnitQty>
      <Quantity>0.00</Quantity>
      <UnitOfMeasure>Unknown </UnitOfMeasure>
      <bIsWeighted>0</bIsWeighted>
      <QtyInPackage>1</QtyInPackage>
      <ItemPrice>6.90</ItemPrice>
      <UnitOfMeasurePrice>0.0000</UnitOfMeasurePrice>
      <AllowDiscount>1</AllowDiscount>
      <ItemStatus>1</ItemStatus>
      <ItemId>266912</ItemId>
    </Item>
    <Item>
      <PriceUpdateDate>2016-02-17 13:30:58</PriceUpdateDate>
      <ItemCode>7290006730039</ItemCode>
      <ItemType>1</ItemType>
      <ItemName>טילון להקפאה עצמית 1</ItemName>
      <ManufacturerName>קלית סיטבון בעמ</ManufacturerName>
      <ManufactureCountry>ישראל</ManufactureCountry>
      <ManufacturerItemDescription>טילון להקפאה עצמית 10 יח</ManufacturerItemDescription>
      <UnitQty>מיליליטרים</UnitQty>
      <Quantity>800.00</Quantity>
      <UnitOfMeasure>100 מ"ל</UnitOfMeasure>
      <bIsWeighted>0</bIsWeighted>
      <QtyInPackage>1</QtyInPackage>
      <ItemPrice>11.90</ItemPrice>
      <UnitOfMeasurePrice>1.4875</UnitOfMeasurePrice>
      <AllowDiscount>1</AllowDiscount>
      <ItemStatus>1</ItemStatus>
      <ItemId>266919</ItemId>
    </Item>
    <Item>
      <PriceUpdateDate>2016-02-17 18:05:48</PriceUpdateDate>
      <ItemCode>7290016313017</ItemCode>
      <ItemType>1</ItemType>
      <ItemName>קוגל תפו"א ואטריות</ItemName>
      <ManufacturerName>,</ManufacturerName>
      <ManufactureCountry>לא ידוע</ManufactureCountry>
      <ManufacturerItemDescription>קוגל תפו"א ואטריות</ManufacturerItemDescription>
      <UnitQty>Unknown </UnitQty>
      <Quantity>0.00</Quantity>
      <UnitOfMeasure>Unknown </UnitOfMeasure>
      <bIsWeighted>0</bIsWeighted>
      <QtyInPackage>1</QtyInPackage>
      <ItemPrice>12.90</ItemPrice>
      <UnitOfMeasurePrice>0.0000</UnitOfMeasurePrice>
      <AllowDiscount>1</AllowDiscount>
      <ItemStatus>1</ItemStatus>
      <ItemId>266920</ItemId>
    </Item>
    <Item>
      <PriceUpdateDate>2016-02-18 12:44:42</PriceUpdateDate>
      <ItemCode>7290015992442</ItemCode>
      <ItemType>1</ItemType>
      <ItemName>בסיס טארטלט גדול במל</ItemName>
      <ManufacturerName>,</ManufacturerName>
      <ManufactureCountry>לא ידוע</ManufactureCountry>
      <ManufacturerItemDescription>בסיס טארטלט גדול במליחות מעודנת</ManufacturerItemDescription>
      <UnitQty>Unknown </UnitQty>
      <Quantity>0.00</Quantity>
      <UnitOfMeasure>Unknown </UnitOfMeasure>
      <bIsWeighted>0</bIsWeighted>
      <QtyInPackage>1</QtyInPackage>
      <ItemPrice>9.90</ItemPrice>
      <UnitOfMeasurePrice>0.0000</UnitOfMeasurePrice>
      <AllowDiscount>1</AllowDiscount>
      <ItemStatus>1</ItemStatus>
      <ItemId>266944</ItemId>
    </Item>
    <Item>
      <PriceUpdateDate>2016-02-18 12:44:42</PriceUpdateDate>
      <ItemCode>7290015992480</ItemCode>
      <ItemType>1</ItemType>
      <ItemName>מאפה בצק עלים מרובע</ItemName>
      <ManufacturerName>,</ManufacturerName>
      <ManufactureCountry>לא ידוע</ManufactureCountry>
      <ManufacturerItemDescription>מאפה בצק עלים מרובע בינוני</ManufacturerItemDescription>
      <UnitQty>Unknown </UnitQty>
      <Quantity>0.00</Quantity>
      <UnitOfMeasure>Unknown </UnitOfMeasure>
      <bIsWeighted>0</bIsWeighted>
      <QtyInPackage>1</QtyInPackage>
      <ItemPrice>9.90</ItemPrice>
      <UnitOfMeasurePrice>0.0000</UnitOfMeasurePrice>
      <AllowDiscount>1</AllowDiscount>
      <ItemStatus>1</ItemStatus>
      <ItemId>266949</ItemId>
    </Item>
    <Item>
      <PriceUpdateDate>2016-02-18 19:21:02</PriceUpdateDate>
      <ItemCode>7290015674478</ItemCode>
      <ItemType>1</ItemType>
      <ItemName>מארז סוכריות ממולאות</ItemName>
      <ManufacturerName>,</ManufacturerName>
      <ManufactureCountry>לא ידוע</ManufactureCountry>
      <ManufacturerItemDescription>מארז סוכריות ממולאות בטעם תות 20 יח</ManufacturerItemDescription>
      <UnitQty>גרמים</UnitQty>
      <Quantity>460.00</Quantity>
      <UnitOfMeasure>100 גרם</UnitOfMeasure>
      <bIsWeighted>0</bIsWeighted>
      <QtyInPackage>1</QtyInPackage>
      <ItemPrice>19.90</ItemPrice>
      <UnitOfMeasurePrice>4.3261</UnitOfMeasurePrice>
      <AllowDiscount>1</AllowDiscount>
      <ItemStatus>1</ItemStatus>
      <ItemId>266957</ItemId>
    </Item>
    <Item>
      <PriceUpdateDate>2016-02-18 19:21:02</PriceUpdateDate>
      <ItemCode>7290015674492</ItemCode>
      <ItemType>1</ItemType>
      <ItemName>מארז סוכריות ממולאות</ItemName>
      <ManufacturerName>,</ManufacturerName>
      <ManufactureCountry>לא ידוע</ManufactureCountry>
      <ManufacturerItemDescription>מארז סוכריות ממולאות בטעם ענבים 20 יח</ManufacturerItemDescription>
      <UnitQty>גרמים</UnitQty>
      <Quantity>460.00</Quantity>
      <UnitOfMeasure>100 גרם</UnitOfMeasure>
      <bIsWeighted>0</bIsWeighted>
      <QtyInPackage>1</QtyInPackage>
      <ItemPrice>19.90</ItemPrice>
      <UnitOfMeasurePrice>4.3261</UnitOfMeasurePrice>
      <AllowDiscount>1</AllowDiscount>
      <ItemStatus>1</ItemStatus>
      <ItemId>266959</ItemId>
    </Item>
    <Item>
      <PriceUpdateDate>2016-02-18 19:21:02</PriceUpdateDate>
      <ItemCode>7290015674294</ItemCode>
      <ItemType>1</ItemType>
      <ItemName>מארז קופסאות סוכריות</ItemName>
      <ManufacturerName>,</ManufacturerName>
      <ManufactureCountry>לא ידוע</ManufactureCountry>
      <ManufacturerItemDescription>מארז קופסאות סוכריות טופי מצופה דרזה</ManufacturerItemDescription>
      <UnitQty>גרמים</UnitQty>
      <Quantity>500.00</Quantity>
      <UnitOfMeasure>100 גרם</UnitOfMeasure>
      <bIsWeighted>0</bIsWeighted>
      <QtyInPackage>1</QtyInPackage>
      <ItemPrice>19.90</ItemPrice>
      <UnitOfMeasurePrice>3.9800</UnitOfMeasurePrice>
      <AllowDiscount>1</AllowDiscount>
      <ItemStatus>1</ItemStatus>
      <ItemId>266960</ItemId>
    </Item>
    <Item>
      <PriceUpdateDate>2016-02-18 19:21:02</PriceUpdateDate>
      <ItemCode>5998710132577</ItemCode>
      <ItemType>1</ItemType>
      <ItemName>בונבוניירה שרי עגולה</ItemName>
      <ManufacturerName>,</ManufacturerName>
      <ManufactureCountry>לא ידוע</ManufactureCountry>
      <ManufacturerItemDescription>בונבוניירה שרי עגולה  200 גרם</ManufacturerItemDescription>
      <UnitQty>גרמים</UnitQty>
      <Quantity>200.00</Quantity>
      <UnitOfMeasure>100 גרם</UnitOfMeasure>
      <bIsWeighted>0</bIsWeighted>
      <QtyInPackage>1</QtyInPackage>
      <ItemPrice>19.90</ItemPrice>
      <UnitOfMeasurePrice>9.9500</UnitOfMeasurePrice>
      <AllowDiscount>1</AllowDiscount>
      <ItemStatus>1</ItemStatus>
      <ItemId>266962</ItemId>
    </Item>
    <Item>
      <PriceUpdateDate>2016-02-18 19:21:02</PriceUpdateDate>
      <ItemCode>5996496011963</ItemCode>
      <ItemType>1</ItemType>
      <ItemName>טבלאות שוקולד אולימפ</ItemName>
      <ManufacturerName>,</ManufacturerName>
      <ManufactureCountry>לא ידוע</ManufactureCountry>
      <ManufacturerItemDescription>טבלאות שוקולד ממולא תות 100 גרם</ManufacturerItemDescription>
      <UnitQty>גרמים</UnitQty>
      <Quantity>100.00</Quantity>
      <UnitOfMeasure>100 גרם</UnitOfMeasure>
      <bIsWeighted>0</bIsWeighted>
      <QtyInPackage>1</QtyInPackage>
      <ItemPrice>1.00</ItemPrice>
      <UnitOfMeasurePrice>1.0000</UnitOfMeasurePrice>
      <AllowDiscount>1</AllowDiscount>
      <ItemStatus>1</ItemStatus>
      <ItemId>266964</ItemId>
    </Item>
    <Item>
      <PriceUpdateDate>2016-02-18 19:21:03</PriceUpdateDate>
      <ItemCode>7290014605596</ItemCode>
      <ItemType>1</ItemType>
      <ItemName>ברנדי לורד 95 700 מ"</ItemName>
      <ManufacturerName>,</ManufacturerName>
      <ManufactureCountry>לא ידוע</ManufactureCountry>
      <ManufacturerItemDescription>ברנדי לורד 95 700 מ"ל</ManufacturerItemDescription>
      <UnitQty>מיליליטרים</UnitQty>
      <Quantity>700.00</Quantity>
      <UnitOfMeasure>100 מ"ל</UnitOfMeasure>
      <bIsWeighted>0</bIsWeighted>
      <QtyInPackage>1</QtyInPackage>
      <ItemPrice>49.90</ItemPrice>
      <UnitOfMeasurePrice>7.1286</UnitOfMeasurePrice>
      <AllowDiscount>1</AllowDiscount>
      <ItemStatus>1</ItemStatus>
      <ItemId>266972</ItemId>
    </Item>
    <Item>
      <PriceUpdateDate>2016-02-21 14:46:14</PriceUpdateDate>
      <ItemCode>5998710132201</ItemCode>
      <ItemType>1</ItemType>
      <ItemName>בונבוניירה שרי רושן</ItemName>
      <ManufacturerName>,</ManufacturerName>
      <ManufactureCountry>לא ידוע</ManufactureCountry>
      <ManufacturerItemDescription>בונבוניירה שרי 130 גרם</ManufacturerItemDescription>
      <UnitQty>גרמים</UnitQty>
      <Quantity>130.00</Quantity>
      <UnitOfMeasure>100 גרם</UnitOfMeasure>
      <bIsWeighted>0</bIsWeighted>
      <QtyInPackage>1</QtyInPackage>
      <ItemPrice>9.90</ItemPrice>
      <UnitOfMeasurePrice>7.6154</UnitOfMeasurePrice>
      <AllowDiscount>1</AllowDiscount>
      <ItemStatus>1</ItemStatus>
      <ItemId>266981</ItemId>
    </Item>
    <Item>
      <PriceUpdateDate>2016-03-22 12:54:56</PriceUpdateDate>
      <ItemCode>7290015347389</ItemCode>
      <ItemType>1</ItemType>
      <ItemName>סוכריות גלילנד בגונג</ItemName>
      <ManufacturerName>,</ManufacturerName>
      <ManufactureCountry>לא ידוע</ManufactureCountry>
      <ManufacturerItemDescription>סוכריות גלילנד בגונגל 400 גרם</ManufacturerItemDescription>
      <UnitQty>גרמים</UnitQty>
      <Quantity>400.00</Quantity>
      <UnitOfMeasure>100 גרם</UnitOfMeasure>
      <bIsWeighted>0</bIsWeighted>
      <QtyInPackage>1</QtyInPackage>
      <ItemPrice>9.90</ItemPrice>
      <UnitOfMeasurePrice>2.4750</UnitOfMeasurePrice>
      <AllowDiscount>1</AllowDiscount>
      <ItemStatus>1</ItemStatus>
      <ItemId>266988</ItemId>
    </Item>
    <Item>
      <PriceUpdateDate>2016-03-22 12:54:57</PriceUpdateDate>
      <ItemCode>7290015347396</ItemCode>
      <ItemType>1</ItemType>
      <ItemName>סוכריות גלילנד טבעות</ItemName>
      <ManufacturerName>,</ManufacturerName>
      <ManufactureCountry>לא ידוע</ManufactureCountry>
      <ManufacturerItemDescription>סוכריות גלילנד טבעות פרי 400 גרם</ManufacturerItemDescription>
      <UnitQty>גרמים</UnitQty>
      <Quantity>400.00</Quantity>
      <UnitOfMeasure>100 גרם</UnitOfMeasure>
      <bIsWeighted>0</bIsWeighted>
      <QtyInPackage>1</QtyInPackage>
      <ItemPrice>9.90</ItemPrice>
      <UnitOfMeasurePrice>2.4750</UnitOfMeasurePrice>
      <AllowDiscount>1</AllowDiscount>
      <ItemStatus>1</ItemStatus>
      <ItemId>266989</ItemId>
    </Item>
    <Item>
      <PriceUpdateDate>2016-03-22 12:54:57</PriceUpdateDate>
      <ItemCode>7290015347402</ItemCode>
      <ItemType>1</ItemType>
      <ItemName>סוכריות גלילנד פלחים</ItemName>
      <ManufacturerName>,</ManufacturerName>
      <ManufactureCountry>לא ידוע</ManufactureCountry>
      <ManufacturerItemDescription>סוכריות גלילנד פלחים 400 גרם</ManufacturerItemDescription>
      <UnitQty>גרמים</UnitQty>
      <Quantity>400.00</Quantity>
      <UnitOfMeasure>100 גרם</UnitOfMeasure>
      <bIsWeighted>0</bIsWeighted>
      <QtyInPackage>1</QtyInPackage>
      <ItemPrice>9.90</ItemPrice>
      <UnitOfMeasurePrice>2.4750</UnitOfMeasurePrice>
      <AllowDiscount>1</AllowDiscount>
      <ItemStatus>1</ItemStatus>
      <ItemId>266990</ItemId>
    </Item>
    <Item>
      <PriceUpdateDate>2016-03-22 12:54:58</PriceUpdateDate>
      <ItemCode>7290015347419</ItemCode>
      <ItemType>1</ItemType>
      <ItemName>סוכריות גלילנד בינס</ItemName>
      <ManufacturerName>,</ManufacturerName>
      <ManufactureCountry>לא ידוע</ManufactureCountry>
      <ManufacturerItemDescription>סוכריות גלילנד בינס קרנבל 400 גרם</ManufacturerItemDescription>
      <UnitQty>גרמים</UnitQty>
      <Quantity>400.00</Quantity>
      <UnitOfMeasure>100 גרם</UnitOfMeasure>
      <bIsWeighted>0</bIsWeighted>
      <QtyInPackage>1</QtyInPackage>
      <ItemPrice>9.90</ItemPrice>
      <UnitOfMeasurePrice>2.4750</UnitOfMeasurePrice>
      <AllowDiscount>1</AllowDiscount>
      <ItemStatus>1</ItemStatus>
      <ItemId>266991</ItemId>
    </Item>
    <Item>
      <PriceUpdateDate>2016-02-22 11:25:56</PriceUpdateDate>
      <ItemCode>2404682</ItemCode>
      <ItemType>0</ItemType>
      <ItemName>יין ארבל מרלו יבש  7</ItemName>
      <ManufacturerName>,</ManufacturerName>
      <ManufactureCountry>לא ידוע</ManufactureCountry>
      <ManufacturerItemDescription>יין ארבל מרלו יבש  750 מ"ל</ManufacturerItemDescription>
      <UnitQty>מיליליטרים</UnitQty>
      <Quantity>750.00</Quantity>
      <UnitOfMeasure>100 מ"ל</UnitOfMeasure>
      <bIsWeighted>0</bIsWeighted>
      <QtyInPackage>1</QtyInPackage>
      <ItemPrice>15.90</ItemPrice>
      <UnitOfMeasurePrice>2.1200</UnitOfMeasurePrice>
      <AllowDiscount>1</AllowDiscount>
      <ItemStatus>1</ItemStatus>
      <ItemId>266997</ItemId>
    </Item>
    <Item>
      <PriceUpdateDate>2016-02-23 13:56:39</PriceUpdateDate>
      <ItemCode>5410316442930</ItemCode>
      <ItemType>1</ItemType>
      <ItemName>וודקה סמירנוף אדום 1</ItemName>
      <ManufacturerName>,</ManufacturerName>
      <ManufactureCountry>לא ידוע</ManufactureCountry>
      <ManufacturerItemDescription>וודקה סמירנוף אדום 1 ליטר</ManufacturerItemDescription>
      <UnitQty>ליטרים</UnitQty>
      <Quantity>1.00</Quantity>
      <UnitOfMeasure>ליטר    </UnitOfMeasure>
      <bIsWeighted>0</bIsWeighted>
      <QtyInPackage>1</QtyInPackage>
      <ItemPrice>79.90</ItemPrice>
      <UnitOfMeasurePrice>79.9000</UnitOfMeasurePrice>
      <AllowDiscount>1</AllowDiscount>
      <ItemStatus>1</ItemStatus>
      <ItemId>267012</ItemId>
    </Item>
    <Item>
      <PriceUpdateDate>2016-02-24 09:21:00</PriceUpdateDate>
      <ItemCode>7290107878470</ItemCode>
      <ItemType>0</ItemType>
      <ItemName>מאגדת גויה חלבה ושבר</ItemName>
      <ManufacturerName>גלידות נסטלה</ManufacturerName>
      <ManufactureCountry>ישראל</ManufactureCountry>
      <ManufacturerItemDescription>מאגדת גויה חלבה ושברי פיסטוק 4 יח</ManufacturerItemDescription>
      <UnitQty>גרמים</UnitQty>
      <Quantity>224.00</Quantity>
      <UnitOfMeasure>100 גרם</UnitOfMeasure>
      <bIsWeighted>0</bIsWeighted>
      <QtyInPackage>1</QtyInPackage>
      <ItemPrice>18.90</ItemPrice>
      <UnitOfMeasurePrice>8.4375</UnitOfMeasurePrice>
      <AllowDiscount>1</AllowDiscount>
      <ItemStatus>1</ItemStatus>
      <ItemId>267019</ItemId>
    </Item>
    <Item>
      <PriceUpdateDate>2016-02-24 09:21:00</PriceUpdateDate>
      <ItemCode>7290016171464</ItemCode>
      <ItemType>0</ItemType>
      <ItemName>מאגדת גויה טופי קרמל</ItemName>
      <ManufacturerName>גלידות נסטלה</ManufacturerName>
      <ManufactureCountry>ישראל</ManufactureCountry>
      <ManufacturerItemDescription>מאגדת גויה טופי קרמל 4 יח</ManufacturerItemDescription>
      <UnitQty>גרמים</UnitQty>
      <Quantity>232.00</Quantity>
      <UnitOfMeasure>100 גרם</UnitOfMeasure>
      <bIsWeighted>0</bIsWeighted>
      <QtyInPackage>1</QtyInPackage>
      <ItemPrice>18.90</ItemPrice>
      <UnitOfMeasurePrice>8.1466</UnitOfMeasurePrice>
      <AllowDiscount>1</AllowDiscount>
      <ItemStatus>1</ItemStatus>
      <ItemId>267021</ItemId>
    </Item>
    <Item>
      <PriceUpdateDate>2016-02-24 09:21:00</PriceUpdateDate>
      <ItemCode>835811006701</ItemCode>
      <ItemType>1</ItemType>
      <ItemName>תבניות אישיות לאפייה</ItemName>
      <ManufacturerName>,</ManufacturerName>
      <ManufactureCountry>לא ידוע</ManufactureCountry>
      <ManufacturerItemDescription>תבניות אישיות לאפייה 24 יח קטן</ManufacturerItemDescription>
      <UnitQty>Unknown </UnitQty>
      <Quantity>0.00</Quantity>
      <UnitOfMeasure>Unknown </UnitOfMeasure>
      <bIsWeighted>0</bIsWeighted>
      <QtyInPackage>1</QtyInPackage>
      <ItemPrice>6.90</ItemPrice>
      <UnitOfMeasurePrice>0.0000</UnitOfMeasurePrice>
      <AllowDiscount>1</AllowDiscount>
      <ItemStatus>1</ItemStatus>
      <ItemId>267022</ItemId>
    </Item>
    <Item>
      <PriceUpdateDate>2016-02-24 09:21:00</PriceUpdateDate>
      <ItemCode>835811006695</ItemCode>
      <ItemType>1</ItemType>
      <ItemName>תבניות אישיות לאפייה</ItemName>
      <ManufacturerName>,</ManufacturerName>
      <ManufactureCountry>לא ידוע</ManufactureCountry>
      <ManufacturerItemDescription>תבניות אישיות לאפייה 24 יח גדול</ManufacturerItemDescription>
      <UnitQty>Unknown </UnitQty>
      <Quantity>0.00</Quantity>
      <UnitOfMeasure>Unknown </UnitOfMeasure>
      <bIsWeighted>0</bIsWeighted>
      <QtyInPackage>1</QtyInPackage>
      <ItemPrice>6.90</ItemPrice>
      <UnitOfMeasurePrice>0.0000</UnitOfMeasurePrice>
      <AllowDiscount>1</AllowDiscount>
      <ItemStatus>1</ItemStatus>
      <ItemId>267023</ItemId>
    </Item>
    <Item>
      <PriceUpdateDate>2016-03-01 13:05:52</PriceUpdateDate>
      <ItemCode>7290015139588</ItemCode>
      <ItemType>1</ItemType>
      <ItemName>וופל מצופה שוקולד מר</ItemName>
      <ManufacturerName>כרמית</ManufacturerName>
      <ManufactureCountry>ישראל</ManufactureCountry>
      <ManufacturerItemDescription>וופל מצופה ללא גלוטן 125 גרם חופשי</ManufacturerItemDescription>
      <UnitQty>גרמים</UnitQty>
      <Quantity>125.00</Quantity>
      <UnitOfMeasure>100 גרם</UnitOfMeasure>
      <bIsWeighted>0</bIsWeighted>
      <QtyInPackage>1</QtyInPackage>
      <ItemPrice>9.90</ItemPrice>
      <UnitOfMeasurePrice>7.9200</UnitOfMeasurePrice>
      <AllowDiscount>1</AllowDiscount>
      <ItemStatus>1</ItemStatus>
      <ItemId>267101</ItemId>
    </Item>
    <Item>
      <PriceUpdateDate>2016-03-01 13:05:52</PriceUpdateDate>
      <ItemCode>4820042650294</ItemCode>
      <ItemType>1</ItemType>
      <ItemName>גלי מרמולדה בטעם פיר</ItemName>
      <ManufacturerName>,</ManufacturerName>
      <ManufactureCountry>לא ידוע</ManufactureCountry>
      <ManufacturerItemDescription>גלי מרמולדה בטעם פירות 350 גרם</ManufacturerItemDescription>
      <UnitQty>גרמים</UnitQty>
      <Quantity>350.00</Quantity>
      <UnitOfMeasure>100 גרם</UnitOfMeasure>
      <bIsWeighted>0</bIsWeighted>
      <QtyInPackage>1</QtyInPackage>
      <ItemPrice>2.90</ItemPrice>
      <UnitOfMeasurePrice>0.8286</UnitOfMeasurePrice>
      <AllowDiscount>1</AllowDiscount>
      <ItemStatus>1</ItemStatus>
      <ItemId>267103</ItemId>
    </Item>
    <Item>
      <PriceUpdateDate>2016-03-01 13:05:52</PriceUpdateDate>
      <ItemCode>4820042650348</ItemCode>
      <ItemType>1</ItemType>
      <ItemName>גלי מרמולדה בטעם פיר</ItemName>
      <ManufacturerName>,</ManufacturerName>
      <ManufactureCountry>לא ידוע</ManufactureCountry>
      <ManufacturerItemDescription>גלי מרמולדה בטעם פירות 350 גרם</ManufacturerItemDescription>
      <UnitQty>גרמים</UnitQty>
      <Quantity>350.00</Quantity>
      <UnitOfMeasure>100 גרם</UnitOfMeasure>
      <bIsWeighted>0</bIsWeighted>
      <QtyInPackage>1</QtyInPackage>
      <ItemPrice>2.90</ItemPrice>
      <UnitOfMeasurePrice>0.8286</UnitOfMeasurePrice>
      <AllowDiscount>1</AllowDiscount>
      <ItemStatus>1</ItemStatus>
      <ItemId>267104</ItemId>
    </Item>
    <Item>
      <PriceUpdateDate>2016-03-01 13:05:52</PriceUpdateDate>
      <ItemCode>4820042650324</ItemCode>
      <ItemType>1</ItemType>
      <ItemName>גלי מרמולדה בטעם פיר</ItemName>
      <ManufacturerName>,</ManufacturerName>
      <ManufactureCountry>לא ידוע</ManufactureCountry>
      <ManufacturerItemDescription>גלי מרמולדה בטעם פירות 350 גרם</ManufacturerItemDescription>
      <UnitQty>גרמים</UnitQty>
      <Quantity>350.00</Quantity>
      <UnitOfMeasure>100 גרם</UnitOfMeasure>
      <bIsWeighted>0</bIsWeighted>
      <QtyInPackage>1</QtyInPackage>
      <ItemPrice>2.90</ItemPrice>
      <UnitOfMeasurePrice>0.8286</UnitOfMeasurePrice>
      <AllowDiscount>1</AllowDiscount>
      <ItemStatus>1</ItemStatus>
      <ItemId>267105</ItemId>
    </Item>
    <Item>
      <PriceUpdateDate>2016-03-01 13:05:52</PriceUpdateDate>
      <ItemCode>4820042650317</ItemCode>
      <ItemType>1</ItemType>
      <ItemName>גלי מרמולדה בטעם פיר</ItemName>
      <ManufacturerName>,</ManufacturerName>
      <ManufactureCountry>לא ידוע</ManufactureCountry>
      <ManufacturerItemDescription>גלי מרמולדה בטעם פירות 350 גרם</ManufacturerItemDescription>
      <UnitQty>גרמים</UnitQty>
      <Quantity>350.00</Quantity>
      <UnitOfMeasure>100 גרם</UnitOfMeasure>
      <bIsWeighted>0</bIsWeighted>
      <QtyInPackage>1</QtyInPackage>
      <ItemPrice>2.90</ItemPrice>
      <UnitOfMeasurePrice>0.8286</UnitOfMeasurePrice>
      <AllowDiscount>1</AllowDiscount>
      <ItemStatus>1</ItemStatus>
      <ItemId>267106</ItemId>
    </Item>
    <Item>
      <PriceUpdateDate>2016-03-01 13:05:52</PriceUpdateDate>
      <ItemCode>4820042650300</ItemCode>
      <ItemType>1</ItemType>
      <ItemName>גלי מרמולדה בטעם פיר</ItemName>
      <ManufacturerName>,</ManufacturerName>
      <ManufactureCountry>לא ידוע</ManufactureCountry>
      <ManufacturerItemDescription>גלי מרמולדה בטעם פירות 350 גרם</ManufacturerItemDescription>
      <UnitQty>גרמים</UnitQty>
      <Quantity>350.00</Quantity>
      <UnitOfMeasure>100 גרם</UnitOfMeasure>
      <bIsWeighted>0</bIsWeighted>
      <QtyInPackage>1</QtyInPackage>
      <ItemPrice>2.90</ItemPrice>
      <UnitOfMeasurePrice>0.8286</UnitOfMeasurePrice>
      <AllowDiscount>1</AllowDiscount>
      <ItemStatus>1</ItemStatus>
      <ItemId>267107</ItemId>
    </Item>
    <Item>
      <PriceUpdateDate>2016-03-01 13:05:52</PriceUpdateDate>
      <ItemCode>4820042650331</ItemCode>
      <ItemType>1</ItemType>
      <ItemName>גלי מרמולדה בטעם פיר</ItemName>
      <ManufacturerName>,</ManufacturerName>
      <ManufactureCountry>לא ידוע</ManufactureCountry>
      <ManufacturerItemDescription>גלי מרמולדה בטעם פירות 350 גרם</ManufacturerItemDescription>
      <UnitQty>גרמים</UnitQty>
      <Quantity>350.00</Quantity>
      <UnitOfMeasure>100 גרם</UnitOfMeasure>
      <bIsWeighted>0</bIsWeighted>
      <QtyInPackage>1</QtyInPackage>
      <ItemPrice>2.90</ItemPrice>
      <UnitOfMeasurePrice>0.8286</UnitOfMeasurePrice>
      <AllowDiscount>1</AllowDiscount>
      <ItemStatus>1</ItemStatus>
      <ItemId>267108</ItemId>
    </Item>
    <Item>
      <PriceUpdateDate>2016-03-01 13:05:52</PriceUpdateDate>
      <ItemCode>4820042650355</ItemCode>
      <ItemType>1</ItemType>
      <ItemName>גלי מרמולדה בטעמים 9</ItemName>
      <ManufacturerName>,</ManufacturerName>
      <ManufactureCountry>לא ידוע</ManufactureCountry>
      <ManufacturerItemDescription>גלי מרמולדה בטעמים 900 גרם</ManufacturerItemDescription>
      <UnitQty>גרמים</UnitQty>
      <Quantity>900.00</Quantity>
      <UnitOfMeasure>100 גרם</UnitOfMeasure>
      <bIsWeighted>0</bIsWeighted>
      <QtyInPackage>1</QtyInPackage>
      <ItemPrice>6.90</ItemPrice>
      <UnitOfMeasurePrice>0.7667</UnitOfMeasurePrice>
      <AllowDiscount>1</AllowDiscount>
      <ItemStatus>1</ItemStatus>
      <ItemId>267109</ItemId>
    </Item>
    <Item>
      <PriceUpdateDate>2016-03-01 13:05:52</PriceUpdateDate>
      <ItemCode>7290015139595</ItemCode>
      <ItemType>1</ItemType>
      <ItemName>שוקולד חלב ללא גלוטן</ItemName>
      <ManufacturerName>כרמית</ManufacturerName>
      <ManufactureCountry>ישראל</ManufactureCountry>
      <ManufacturerItemDescription>שוקולד חלב ללא גלוטן 100 גרם חופשי</ManufacturerItemDescription>
      <UnitQty>גרמים</UnitQty>
      <Quantity>100.00</Quantity>
      <UnitOfMeasure>100 גרם</UnitOfMeasure>
      <bIsWeighted>0</bIsWeighted>
      <QtyInPackage>1</QtyInPackage>
      <ItemPrice>7.90</ItemPrice>
      <UnitOfMeasurePrice>7.9000</UnitOfMeasurePrice>
      <AllowDiscount>1</AllowDiscount>
      <ItemStatus>1</ItemStatus>
      <ItemId>267110</ItemId>
    </Item>
    <Item>
      <PriceUpdateDate>2016-03-01 13:05:52</PriceUpdateDate>
      <ItemCode>7290015139526</ItemCode>
      <ItemType>1</ItemType>
      <ItemName>ופל בציפוי שוקולד לל</ItemName>
      <ManufacturerName>כרמית</ManufacturerName>
      <ManufactureCountry>ישראל</ManufactureCountry>
      <ManufacturerItemDescription>אצבעות בציפוי שוקולד ללא גלוטן 125 גרם</ManufacturerItemDescription>
      <UnitQty>גרמים</UnitQty>
      <Quantity>125.00</Quantity>
      <UnitOfMeasure>100 גרם</UnitOfMeasure>
      <bIsWeighted>0</bIsWeighted>
      <QtyInPackage>1</QtyInPackage>
      <ItemPrice>9.90</ItemPrice>
      <UnitOfMeasurePrice>7.9200</UnitOfMeasurePrice>
      <AllowDiscount>1</AllowDiscount>
      <ItemStatus>1</ItemStatus>
      <ItemId>267112</ItemId>
    </Item>
    <Item>
      <PriceUpdateDate>2016-03-01 13:05:52</PriceUpdateDate>
      <ItemCode>7290015139533</ItemCode>
      <ItemType>1</ItemType>
      <ItemName>ופל לימון ללא גלוטן</ItemName>
      <ManufacturerName>כרמית</ManufacturerName>
      <ManufactureCountry>ישראל</ManufactureCountry>
      <ManufacturerItemDescription>ופל לימון ללא גלוטן 200 גרם</ManufacturerItemDescription>
      <UnitQty>גרמים</UnitQty>
      <Quantity>200.00</Quantity>
      <UnitOfMeasure>100 גרם</UnitOfMeasure>
      <bIsWeighted>0</bIsWeighted>
      <QtyInPackage>1</QtyInPackage>
      <ItemPrice>9.90</ItemPrice>
      <UnitOfMeasurePrice>4.9500</UnitOfMeasurePrice>
      <AllowDiscount>1</AllowDiscount>
      <ItemStatus>1</ItemStatus>
      <ItemId>267114</ItemId>
    </Item>
    <Item>
      <PriceUpdateDate>2016-03-01 13:05:52</PriceUpdateDate>
      <ItemCode>7290015139564</ItemCode>
      <ItemType>1</ItemType>
      <ItemName>ופל קוביות אגוזים לל</ItemName>
      <ManufacturerName>כרמית</ManufacturerName>
      <ManufactureCountry>ישראל</ManufactureCountry>
      <ManufacturerItemDescription>ופל קוביות אגוזים ללא גלוטן 150 גרם</ManufacturerItemDescription>
      <UnitQty>גרמים</UnitQty>
      <Quantity>150.00</Quantity>
      <UnitOfMeasure>100 גרם</UnitOfMeasure>
      <bIsWeighted>0</bIsWeighted>
      <QtyInPackage>1</QtyInPackage>
      <ItemPrice>9.90</ItemPrice>
      <UnitOfMeasurePrice>6.6000</UnitOfMeasurePrice>
      <AllowDiscount>1</AllowDiscount>
      <ItemStatus>1</ItemStatus>
      <ItemId>267115</ItemId>
    </Item>
    <Item>
      <PriceUpdateDate>2016-03-01 16:50:49</PriceUpdateDate>
      <ItemCode>7290014747319</ItemCode>
      <ItemType>0</ItemType>
      <ItemName>שניצל רכיבים טבעיים</ItemName>
      <ManufacturerName>עוף טוב</ManufacturerName>
      <ManufactureCountry>לא ידוע</ManufactureCountry>
      <ManufacturerItemDescription>שניצל רכיבים טעיים עוף טוב 700 גרם</ManufacturerItemDescription>
      <UnitQty>גרמים</UnitQty>
      <Quantity>700.00</Quantity>
      <UnitOfMeasure>100 גרם</UnitOfMeasure>
      <bIsWeighted>0</bIsWeighted>
      <QtyInPackage>1</QtyInPackage>
      <ItemPrice>29.90</ItemPrice>
      <UnitOfMeasurePrice>4.2714</UnitOfMeasurePrice>
      <AllowDiscount>1</AllowDiscount>
      <ItemStatus>1</ItemStatus>
      <ItemId>267147</ItemId>
    </Item>
    <Item>
      <PriceUpdateDate>2016-03-01 16:50:49</PriceUpdateDate>
      <ItemCode>7290016006247</ItemCode>
      <ItemType>1</ItemType>
      <ItemName>ספרינג תה שישיה 0.5</ItemName>
      <ManufacturerName>יפאורה תבורי</ManufacturerName>
      <ManufactureCountry>ישראל</ManufactureCountry>
      <ManufacturerItemDescription>ספרינג תה שישיה 0.5 ליטר</ManufacturerItemDescription>
      <UnitQty>ליטרים</UnitQty>
      <Quantity>3.00</Quantity>
      <UnitOfMeasure>ליטר    </UnitOfMeasure>
      <bIsWeighted>0</bIsWeighted>
      <QtyInPackage>1</QtyInPackage>
      <ItemPrice>15.70</ItemPrice>
      <UnitOfMeasurePrice>5.2333</UnitOfMeasurePrice>
      <AllowDiscount>1</AllowDiscount>
      <ItemStatus>1</ItemStatus>
      <ItemId>267148</ItemId>
    </Item>
    <Item>
      <PriceUpdateDate>2016-03-01 16:50:49</PriceUpdateDate>
      <ItemCode>7290108500530</ItemCode>
      <ItemType>0</ItemType>
      <ItemName>רוטב סויה בהירה 700</ItemName>
      <ManufacturerName>הלטי פודס</ManufacturerName>
      <ManufactureCountry>תאילנד</ManufactureCountry>
      <ManufacturerItemDescription>רוטב סויה בהירה 700 מ"ל</ManufacturerItemDescription>
      <UnitQty>מיליליטרים</UnitQty>
      <Quantity>700.00</Quantity>
      <UnitOfMeasure>100 מ"ל</UnitOfMeasure>
      <bIsWeighted>0</bIsWeighted>
      <QtyInPackage>1</QtyInPackage>
      <ItemPrice>8.90</ItemPrice>
      <UnitOfMeasurePrice>1.2714</UnitOfMeasurePrice>
      <AllowDiscount>1</AllowDiscount>
      <ItemStatus>1</ItemStatus>
      <ItemId>267149</ItemId>
    </Item>
    <Item>
      <PriceUpdateDate>2016-03-02 12:40:51</PriceUpdateDate>
      <ItemCode>7290014762756</ItemCode>
      <ItemType>0</ItemType>
      <ItemName>גבינת נפולאון 16% עם</ItemName>
      <ManufacturerName>תנובה מרכז שיתופי לש</ManufacturerName>
      <ManufactureCountry>ישראל</ManufactureCountry>
      <ManufacturerItemDescription>גבינת נפולאון 16% עם בצל 225 גרם</ManufacturerItemDescription>
      <UnitQty>גרמים</UnitQty>
      <Quantity>225.00</Quantity>
      <UnitOfMeasure>100 גרם</UnitOfMeasure>
      <bIsWeighted>0</bIsWeighted>
      <QtyInPackage>1</QtyInPackage>
      <ItemPrice>8.90</ItemPrice>
      <UnitOfMeasurePrice>3.9556</UnitOfMeasurePrice>
      <AllowDiscount>1</AllowDiscount>
      <ItemStatus>1</ItemStatus>
      <ItemId>267158</ItemId>
    </Item>
    <Item>
      <PriceUpdateDate>2016-03-02 12:40:51</PriceUpdateDate>
      <ItemCode>7290108350852</ItemCode>
      <ItemType>0</ItemType>
      <ItemName>מארז שלישית סנובון א</ItemName>
      <ManufacturerName>DRAMERS S A</ManufacturerName>
      <ManufactureCountry>לא ידוע</ManufactureCountry>
      <ManufacturerItemDescription>מארז שלישית סנובון מוצק WAVE פרחים ורודי</ManufacturerItemDescription>
      <UnitQty>גרמים</UnitQty>
      <Quantity>145.00</Quantity>
      <UnitOfMeasure>100 גרם</UnitOfMeasure>
      <bIsWeighted>0</bIsWeighted>
      <QtyInPackage>1</QtyInPackage>
      <ItemPrice>14.90</ItemPrice>
      <UnitOfMeasurePrice>10.2759</UnitOfMeasurePrice>
      <AllowDiscount>1</AllowDiscount>
      <ItemStatus>1</ItemStatus>
      <ItemId>267162</ItemId>
    </Item>
    <Item>
      <PriceUpdateDate>2016-03-02 12:40:51</PriceUpdateDate>
      <ItemCode>7290108350869</ItemCode>
      <ItemType>0</ItemType>
      <ItemName>מארז שלישית סנובון א</ItemName>
      <ManufacturerName>DRAMERS S A</ManufacturerName>
      <ManufactureCountry>לא ידוע</ManufactureCountry>
      <ManufacturerItemDescription>מארז שלישית סנובון מוצק WAVE לימון מרענן</ManufacturerItemDescription>
      <UnitQty>גרמים</UnitQty>
      <Quantity>135.00</Quantity>
      <UnitOfMeasure>100 גרם</UnitOfMeasure>
      <bIsWeighted>0</bIsWeighted>
      <QtyInPackage>1</QtyInPackage>
      <ItemPrice>14.90</ItemPrice>
      <UnitOfMeasurePrice>11.0370</UnitOfMeasurePrice>
      <AllowDiscount>1</AllowDiscount>
      <ItemStatus>1</ItemStatus>
      <ItemId>267163</ItemId>
    </Item>
    <Item>
      <PriceUpdateDate>2016-03-02 12:40:51</PriceUpdateDate>
      <ItemCode>7290108350845</ItemCode>
      <ItemType>0</ItemType>
      <ItemName>מארז שלישית סנובון א</ItemName>
      <ManufacturerName>DRAMERS S A</ManufacturerName>
      <ManufactureCountry>לא ידוע</ManufactureCountry>
      <ManufacturerItemDescription>מארז שלישית סנובון מוצק WAVE אורנים</ManufacturerItemDescription>
      <UnitQty>גרמים</UnitQty>
      <Quantity>145.00</Quantity>
      <UnitOfMeasure>100 גרם</UnitOfMeasure>
      <bIsWeighted>0</bIsWeighted>
      <QtyInPackage>1</QtyInPackage>
      <ItemPrice>14.90</ItemPrice>
      <UnitOfMeasurePrice>10.2759</UnitOfMeasurePrice>
      <AllowDiscount>1</AllowDiscount>
      <ItemStatus>1</ItemStatus>
      <ItemId>267164</ItemId>
    </Item>
    <Item>
      <PriceUpdateDate>2016-03-02 13:05:49</PriceUpdateDate>
      <ItemCode>7290014397996</ItemCode>
      <ItemType>0</ItemType>
      <ItemName>סנובון אסלה מוצק WAV</ItemName>
      <ManufacturerName>DRAMERS S A</ManufacturerName>
      <ManufactureCountry>לא ידוע</ManufactureCountry>
      <ManufacturerItemDescription>סנובון אסלה מוצק WAVE בניחוח גאוול</ManufacturerItemDescription>
      <UnitQty>Unknown </UnitQty>
      <Quantity>0.00</Quantity>
      <UnitOfMeasure>Unknown </UnitOfMeasure>
      <bIsWeighted>0</bIsWeighted>
      <QtyInPackage>1</QtyInPackage>
      <ItemPrice>6.60</ItemPrice>
      <UnitOfMeasurePrice>0.0000</UnitOfMeasurePrice>
      <AllowDiscount>1</AllowDiscount>
      <ItemStatus>1</ItemStatus>
      <ItemId>267165</ItemId>
    </Item>
    <Item>
      <PriceUpdateDate>2016-03-02 15:10:48</PriceUpdateDate>
      <ItemCode>7290108350227</ItemCode>
      <ItemType>0</ItemType>
      <ItemName>מארז חמישיה מגבוני א</ItemName>
      <ManufacturerName>ישרפייפר</ManufacturerName>
      <ManufactureCountry>לא ידוע</ManufactureCountry>
      <ManufacturerItemDescription>מארז חמישיה מגבוני אף דו שכבתי אקו</ManufacturerItemDescription>
      <UnitQty>Unknown </UnitQty>
      <Quantity>0.00</Quantity>
      <UnitOfMeasure>Unknown </UnitOfMeasure>
      <bIsWeighted>0</bIsWeighted>
      <QtyInPackage>1</QtyInPackage>
      <ItemPrice>9.90</ItemPrice>
      <UnitOfMeasurePrice>0.0000</UnitOfMeasurePrice>
      <AllowDiscount>1</AllowDiscount>
      <ItemStatus>1</ItemStatus>
      <ItemId>267167</ItemId>
    </Item>
    <Item>
      <PriceUpdateDate>2016-03-03 11:01:02</PriceUpdateDate>
      <ItemCode>7290105439581</ItemCode>
      <ItemType>0</ItemType>
      <ItemName>חרדל דיזון צרפתי מאס</ItemName>
      <ManufacturerName>סאס קווינור</ManufacturerName>
      <ManufactureCountry>צרפת</ManufactureCountry>
      <ManufacturerItemDescription>חרדל דיזון צרפתי מאסטר שף 370 גרם</ManufacturerItemDescription>
      <UnitQty>גרמים</UnitQty>
      <Quantity>370.00</Quantity>
      <UnitOfMeasure>100 גרם</UnitOfMeasure>
      <bIsWeighted>0</bIsWeighted>
      <QtyInPackage>1</QtyInPackage>
      <ItemPrice>10.90</ItemPrice>
      <UnitOfMeasurePrice>2.9459</UnitOfMeasurePrice>
      <AllowDiscount>1</AllowDiscount>
      <ItemStatus>1</ItemStatus>
      <ItemId>267172</ItemId>
    </Item>
    <Item>
      <PriceUpdateDate>2016-03-03 15:35:50</PriceUpdateDate>
      <ItemCode>7290104855658</ItemCode>
      <ItemType>0</ItemType>
      <ItemName>מפיות מודפסות תלת שכ</ItemName>
      <ManufacturerName>hanketissue</ManufacturerName>
      <ManufactureCountry>לא ידוע</ManufactureCountry>
      <ManufacturerItemDescription>מפיות מודפסות תלת שכבתיות 22 יח</ManufacturerItemDescription>
      <UnitQty>Unknown </UnitQty>
      <Quantity>0.00</Quantity>
      <UnitOfMeasure>Unknown </UnitOfMeasure>
      <bIsWeighted>0</bIsWeighted>
      <QtyInPackage>1</QtyInPackage>
      <ItemPrice>6.90</ItemPrice>
      <UnitOfMeasurePrice>0.0000</UnitOfMeasurePrice>
      <AllowDiscount>1</AllowDiscount>
      <ItemStatus>1</ItemStatus>
      <ItemId>267187</ItemId>
    </Item>
    <Item>
      <PriceUpdateDate>2016-03-03 18:30:53</PriceUpdateDate>
      <ItemCode>7290104856068</ItemCode>
      <ItemType>1</ItemType>
      <ItemName>מגש קינוחים עגול מחו</ItemName>
      <ManufacturerName>,</ManufacturerName>
      <ManufactureCountry>לא ידוע</ManufactureCountry>
      <ManufacturerItemDescription>מגש קינוחים עגול מחולק  12 יח</ManufacturerItemDescription>
      <UnitQty>Unknown </UnitQty>
      <Quantity>0.00</Quantity>
      <UnitOfMeasure>Unknown </UnitOfMeasure>
      <bIsWeighted>0</bIsWeighted>
      <QtyInPackage>1</QtyInPackage>
      <ItemPrice>9.90</ItemPrice>
      <UnitOfMeasurePrice>0.0000</UnitOfMeasurePrice>
      <AllowDiscount>1</AllowDiscount>
      <ItemStatus>1</ItemStatus>
      <ItemId>267192</ItemId>
    </Item>
    <Item>
      <PriceUpdateDate>2016-03-03 18:30:53</PriceUpdateDate>
      <ItemCode>7290104856075</ItemCode>
      <ItemType>1</ItemType>
      <ItemName>מגש קינוחים תאומים מ</ItemName>
      <ManufacturerName>,</ManufacturerName>
      <ManufactureCountry>לא ידוע</ManufactureCountry>
      <ManufacturerItemDescription>מגש קינוחים תאומים מחולק  12 יח</ManufacturerItemDescription>
      <UnitQty>Unknown </UnitQty>
      <Quantity>0.00</Quantity>
      <UnitOfMeasure>Unknown </UnitOfMeasure>
      <bIsWeighted>0</bIsWeighted>
      <QtyInPackage>1</QtyInPackage>
      <ItemPrice>9.90</ItemPrice>
      <UnitOfMeasurePrice>0.0000</UnitOfMeasurePrice>
      <AllowDiscount>1</AllowDiscount>
      <ItemStatus>1</ItemStatus>
      <ItemId>267193</ItemId>
    </Item>
    <Item>
      <PriceUpdateDate>2016-03-03 18:30:53</PriceUpdateDate>
      <ItemCode>7290104856013</ItemCode>
      <ItemType>1</ItemType>
      <ItemName>מגש קינוחים מחבת 12</ItemName>
      <ManufacturerName>,</ManufacturerName>
      <ManufactureCountry>לא ידוע</ManufactureCountry>
      <ManufacturerItemDescription>מגש קינוחים מחבת 12 יח</ManufacturerItemDescription>
      <UnitQty>Unknown </UnitQty>
      <Quantity>0.00</Quantity>
      <UnitOfMeasure>Unknown </UnitOfMeasure>
      <bIsWeighted>0</bIsWeighted>
      <QtyInPackage>1</QtyInPackage>
      <ItemPrice>13.90</ItemPrice>
      <UnitOfMeasurePrice>0.0000</UnitOfMeasurePrice>
      <AllowDiscount>1</AllowDiscount>
      <ItemStatus>1</ItemStatus>
      <ItemId>267194</ItemId>
    </Item>
    <Item>
      <PriceUpdateDate>2016-03-03 18:30:53</PriceUpdateDate>
      <ItemCode>7290104856037</ItemCode>
      <ItemType>1</ItemType>
      <ItemName>מגש קינוחים שלישיה ש</ItemName>
      <ManufacturerName>,</ManufacturerName>
      <ManufactureCountry>לא ידוע</ManufactureCountry>
      <ManufacturerItemDescription>מגש קינוחים שלישיה שטוח 12 יח</ManufacturerItemDescription>
      <UnitQty>Unknown </UnitQty>
      <Quantity>0.00</Quantity>
      <UnitOfMeasure>Unknown </UnitOfMeasure>
      <bIsWeighted>0</bIsWeighted>
      <QtyInPackage>1</QtyInPackage>
      <ItemPrice>13.90</ItemPrice>
      <UnitOfMeasurePrice>0.0000</UnitOfMeasurePrice>
      <AllowDiscount>1</AllowDiscount>
      <ItemStatus>1</ItemStatus>
      <ItemId>267195</ItemId>
    </Item>
    <Item>
      <PriceUpdateDate>2016-03-08 08:05:50</PriceUpdateDate>
      <ItemCode>7290010561216</ItemCode>
      <ItemType>0</ItemType>
      <ItemName>פיתות 5 יח ללא גלוטן</ItemName>
      <ManufacturerName>,</ManufacturerName>
      <ManufactureCountry>לא ידוע</ManufactureCountry>
      <ManufacturerItemDescription>פיתות 5 יח ללא גלוטן</ManufacturerItemDescription>
      <UnitQty>גרמים</UnitQty>
      <Quantity>420.00</Quantity>
      <UnitOfMeasure>100 גרם</UnitOfMeasure>
      <bIsWeighted>0</bIsWeighted>
      <QtyInPackage>1</QtyInPackage>
      <ItemPrice>9.90</ItemPrice>
      <UnitOfMeasurePrice>2.3571</UnitOfMeasurePrice>
      <AllowDiscount>1</AllowDiscount>
      <ItemStatus>1</ItemStatus>
      <ItemId>267219</ItemId>
    </Item>
    <Item>
      <PriceUpdateDate>2016-03-08 11:50:48</PriceUpdateDate>
      <ItemCode>8571241</ItemCode>
      <ItemType>0</ItemType>
      <ItemName>פחזניות 420 גרם</ItemName>
      <ManufacturerName>,</ManufacturerName>
      <ManufactureCountry>לא ידוע</ManufactureCountry>
      <ManufacturerItemDescription>פחזניות 420 גרם</ManufacturerItemDescription>
      <UnitQty>גרמים</UnitQty>
      <Quantity>420.00</Quantity>
      <UnitOfMeasure>100 גרם</UnitOfMeasure>
      <bIsWeighted>0</bIsWeighted>
      <QtyInPackage>1</QtyInPackage>
      <ItemPrice>19.90</ItemPrice>
      <UnitOfMeasurePrice>4.7381</UnitOfMeasurePrice>
      <AllowDiscount>1</AllowDiscount>
      <ItemStatus>1</ItemStatus>
      <ItemId>267222</ItemId>
    </Item>
    <Item>
      <PriceUpdateDate>2016-03-08 14:45:54</PriceUpdateDate>
      <ItemCode>7290014562998</ItemCode>
      <ItemType>0</ItemType>
      <ItemName>דייסת קטניות מעורבות</ItemName>
      <ManufacturerName>בטר אנד דיפרנט</ManufacturerName>
      <ManufactureCountry>לא ידוע</ManufactureCountry>
      <ManufacturerItemDescription>דייסת קטניות מעורבות 200 גרם</ManufacturerItemDescription>
      <UnitQty>גרמים</UnitQty>
      <Quantity>200.00</Quantity>
      <UnitOfMeasure>100 גרם</UnitOfMeasure>
      <bIsWeighted>0</bIsWeighted>
      <QtyInPackage>1</QtyInPackage>
      <ItemPrice>8.80</ItemPrice>
      <UnitOfMeasurePrice>4.4000</UnitOfMeasurePrice>
      <AllowDiscount>1</AllowDiscount>
      <ItemStatus>1</ItemStatus>
      <ItemId>267227</ItemId>
    </Item>
    <Item>
      <PriceUpdateDate>2016-03-09 10:10:54</PriceUpdateDate>
      <ItemCode>7613033541674</ItemCode>
      <ItemType>1</ItemType>
      <ItemName>מטרנה מחית תפוח בננה</ItemName>
      <ManufacturerName>מטרנה</ManufacturerName>
      <ManufactureCountry>לא ידוע</ManufactureCountry>
      <ManufacturerItemDescription>מטרנה מחית תפוח בננה שלב 3 190 גרם</ManufacturerItemDescription>
      <UnitQty>גרמים</UnitQty>
      <Quantity>190.00</Quantity>
      <UnitOfMeasure>100 גרם</UnitOfMeasure>
      <bIsWeighted>0</bIsWeighted>
      <QtyInPackage>1</QtyInPackage>
      <ItemPrice>5.50</ItemPrice>
      <UnitOfMeasurePrice>2.8947</UnitOfMeasurePrice>
      <AllowDiscount>1</AllowDiscount>
      <ItemStatus>1</ItemStatus>
      <ItemId>267264</ItemId>
    </Item>
    <Item>
      <PriceUpdateDate>2016-03-09 10:10:54</PriceUpdateDate>
      <ItemCode>7290107932400</ItemCode>
      <ItemType>0</ItemType>
      <ItemName>סוכריות גלי ברכות 54</ItemName>
      <ManufacturerName>שטראוס</ManufacturerName>
      <ManufactureCountry>לא ידוע</ManufactureCountry>
      <ManufacturerItemDescription>סוכריות גלי ברכות 540 גרם כשל"פ</ManufacturerItemDescription>
      <UnitQty>גרמים</UnitQty>
      <Quantity>540.00</Quantity>
      <UnitOfMeasure>100 גרם</UnitOfMeasure>
      <bIsWeighted>0</bIsWeighted>
      <QtyInPackage>1</QtyInPackage>
      <ItemPrice>13.90</ItemPrice>
      <UnitOfMeasurePrice>2.5741</UnitOfMeasurePrice>
      <AllowDiscount>1</AllowDiscount>
      <ItemStatus>1</ItemStatus>
      <ItemId>267276</ItemId>
    </Item>
    <Item>
      <PriceUpdateDate>2016-03-09 10:10:54</PriceUpdateDate>
      <ItemCode>7290015044820</ItemCode>
      <ItemType>1</ItemType>
      <ItemName>מיץ רימונים 1 ליטר</ItemName>
      <ManufacturerName>,</ManufacturerName>
      <ManufactureCountry>לא ידוע</ManufactureCountry>
      <ManufacturerItemDescription>מיץ רימונים 1 ליטר</ManufacturerItemDescription>
      <UnitQty>ליטרים</UnitQty>
      <Quantity>1.00</Quantity>
      <UnitOfMeasure>ליטר    </UnitOfMeasure>
      <bIsWeighted>0</bIsWeighted>
      <QtyInPackage>1</QtyInPackage>
      <ItemPrice>17.90</ItemPrice>
      <UnitOfMeasurePrice>17.9000</UnitOfMeasurePrice>
      <AllowDiscount>1</AllowDiscount>
      <ItemStatus>1</ItemStatus>
      <ItemId>267280</ItemId>
    </Item>
    <Item>
      <PriceUpdateDate>2016-03-10 18:30:54</PriceUpdateDate>
      <ItemCode>7290104857263</ItemCode>
      <ItemType>1</ItemType>
      <ItemName>צלחות לפתן לבן כ 270</ItemName>
      <ManufacturerName>,</ManufacturerName>
      <ManufactureCountry>לא ידוע</ManufactureCountry>
      <ManufacturerItemDescription>צלחות לפתן לבן כ 270 יח</ManufacturerItemDescription>
      <UnitQty>Unknown </UnitQty>
      <Quantity>0.00</Quantity>
      <UnitOfMeasure>Unknown </UnitOfMeasure>
      <bIsWeighted>0</bIsWeighted>
      <QtyInPackage>1</QtyInPackage>
      <ItemPrice>19.90</ItemPrice>
      <UnitOfMeasurePrice>0.0000</UnitOfMeasurePrice>
      <AllowDiscount>1</AllowDiscount>
      <ItemStatus>1</ItemStatus>
      <ItemId>267290</ItemId>
    </Item>
    <Item>
      <PriceUpdateDate>2016-03-13 19:20:50</PriceUpdateDate>
      <ItemCode>835811002406</ItemCode>
      <ItemType>1</ItemType>
      <ItemName>מארז מטליות רצפה מתל</ItemName>
      <ManufacturerName>,</ManufacturerName>
      <ManufactureCountry>לא ידוע</ManufactureCountry>
      <ManufacturerItemDescription>מארז מטליות רצפה מתלבשות על מגב 10 יח</ManufacturerItemDescription>
      <UnitQty>Unknown </UnitQty>
      <Quantity>0.00</Quantity>
      <UnitOfMeasure>Unknown </UnitOfMeasure>
      <bIsWeighted>0</bIsWeighted>
      <QtyInPackage>1</QtyInPackage>
      <ItemPrice>19.90</ItemPrice>
      <UnitOfMeasurePrice>0.0000</UnitOfMeasurePrice>
      <AllowDiscount>1</AllowDiscount>
      <ItemStatus>1</ItemStatus>
      <ItemId>267344</ItemId>
    </Item>
    <Item>
      <PriceUpdateDate>2016-03-13 19:20:50</PriceUpdateDate>
      <ItemCode>7290104856839</ItemCode>
      <ItemType>1</ItemType>
      <ItemName>מארז 6 יח נייר אלומי</ItemName>
      <ManufacturerName>,</ManufacturerName>
      <ManufactureCountry>לא ידוע</ManufactureCountry>
      <ManufacturerItemDescription>מארז 6 יח נייר אלומיניום 14 מיקרון</ManufacturerItemDescription>
      <UnitQty>Unknown </UnitQty>
      <Quantity>0.00</Quantity>
      <UnitOfMeasure>Unknown </UnitOfMeasure>
      <bIsWeighted>0</bIsWeighted>
      <QtyInPackage>1</QtyInPackage>
      <ItemPrice>19.90</ItemPrice>
      <UnitOfMeasurePrice>0.0000</UnitOfMeasurePrice>
      <AllowDiscount>1</AllowDiscount>
      <ItemStatus>1</ItemStatus>
      <ItemId>267353</ItemId>
    </Item>
    <Item>
      <PriceUpdateDate>2016-03-13 19:20:50</PriceUpdateDate>
      <ItemCode>7290104856877</ItemCode>
      <ItemType>1</ItemType>
      <ItemName>נייר אלומיניום 16 מי</ItemName>
      <ManufacturerName>,</ManufacturerName>
      <ManufactureCountry>לא ידוע</ManufactureCountry>
      <ManufacturerItemDescription>מארז נייר אלומיניום 16 מיקרון</ManufacturerItemDescription>
      <UnitQty>Unknown </UnitQty>
      <Quantity>0.00</Quantity>
      <UnitOfMeasure>Unknown </UnitOfMeasure>
      <bIsWeighted>0</bIsWeighted>
      <QtyInPackage>1</QtyInPackage>
      <ItemPrice>24.90</ItemPrice>
      <UnitOfMeasurePrice>0.0000</UnitOfMeasurePrice>
      <AllowDiscount>1</AllowDiscount>
      <ItemStatus>1</ItemStatus>
      <ItemId>267354</ItemId>
    </Item>
    <Item>
      <PriceUpdateDate>2016-03-15 08:56:08</PriceUpdateDate>
      <ItemCode>7290104856525</ItemCode>
      <ItemType>1</ItemType>
      <ItemName>צלחת 6 תחרה לבן כסף</ItemName>
      <ManufacturerName>,</ManufacturerName>
      <ManufactureCountry>לא ידוע</ManufactureCountry>
      <ManufacturerItemDescription>צלחת 6 תחרה לבן כסף 10 יח</ManufacturerItemDescription>
      <UnitQty>Unknown </UnitQty>
      <Quantity>0.00</Quantity>
      <UnitOfMeasure>Unknown </UnitOfMeasure>
      <bIsWeighted>0</bIsWeighted>
      <QtyInPackage>1</QtyInPackage>
      <ItemPrice>9.90</ItemPrice>
      <UnitOfMeasurePrice>0.0000</UnitOfMeasurePrice>
      <AllowDiscount>1</AllowDiscount>
      <ItemStatus>1</ItemStatus>
      <ItemId>267394</ItemId>
    </Item>
    <Item>
      <PriceUpdateDate>2016-03-15 08:56:08</PriceUpdateDate>
      <ItemCode>7290104856549</ItemCode>
      <ItemType>1</ItemType>
      <ItemName>צלחות גדולות תחרה לב</ItemName>
      <ManufacturerName>,</ManufacturerName>
      <ManufactureCountry>לא ידוע</ManufactureCountry>
      <ManufacturerItemDescription>צלחות גדולות תחרה לבן כסף 10 יח</ManufacturerItemDescription>
      <UnitQty>Unknown </UnitQty>
      <Quantity>0.00</Quantity>
      <UnitOfMeasure>Unknown </UnitOfMeasure>
      <bIsWeighted>0</bIsWeighted>
      <QtyInPackage>1</QtyInPackage>
      <ItemPrice>15.90</ItemPrice>
      <UnitOfMeasurePrice>0.0000</UnitOfMeasurePrice>
      <AllowDiscount>1</AllowDiscount>
      <ItemStatus>1</ItemStatus>
      <ItemId>267396</ItemId>
    </Item>
    <Item>
      <PriceUpdateDate>2016-03-15 08:56:08</PriceUpdateDate>
      <ItemCode>7290104856556</ItemCode>
      <ItemType>1</ItemType>
      <ItemName>צלחות ענק תחרה לבן כ</ItemName>
      <ManufacturerName>,</ManufacturerName>
      <ManufactureCountry>לא ידוע</ManufactureCountry>
      <ManufacturerItemDescription>צלחות ענק תחרה לבן כסף 10 יח</ManufacturerItemDescription>
      <UnitQty>Unknown </UnitQty>
      <Quantity>0.00</Quantity>
      <UnitOfMeasure>Unknown </UnitOfMeasure>
      <bIsWeighted>0</bIsWeighted>
      <QtyInPackage>1</QtyInPackage>
      <ItemPrice>19.90</ItemPrice>
      <UnitOfMeasurePrice>0.0000</UnitOfMeasurePrice>
      <AllowDiscount>1</AllowDiscount>
      <ItemStatus>1</ItemStatus>
      <ItemId>267397</ItemId>
    </Item>
    <Item>
      <PriceUpdateDate>2016-03-15 08:56:08</PriceUpdateDate>
      <ItemCode>7290104856563</ItemCode>
      <ItemType>1</ItemType>
      <ItemName>צלחות מרק תחרה לבן כ</ItemName>
      <ManufacturerName>,</ManufacturerName>
      <ManufactureCountry>לא ידוע</ManufactureCountry>
      <ManufacturerItemDescription>צלחות מרק תחרה לבן כסף 10 יח</ManufacturerItemDescription>
      <UnitQty>Unknown </UnitQty>
      <Quantity>0.00</Quantity>
      <UnitOfMeasure>Unknown </UnitOfMeasure>
      <bIsWeighted>0</bIsWeighted>
      <QtyInPackage>1</QtyInPackage>
      <ItemPrice>13.90</ItemPrice>
      <UnitOfMeasurePrice>0.0000</UnitOfMeasurePrice>
      <AllowDiscount>1</AllowDiscount>
      <ItemStatus>1</ItemStatus>
      <ItemId>267398</ItemId>
    </Item>
    <Item>
      <PriceUpdateDate>2016-03-15 08:56:09</PriceUpdateDate>
      <ItemCode>7290104856679</ItemCode>
      <ItemType>1</ItemType>
      <ItemName>צלחות קטנות משובץ לב</ItemName>
      <ManufacturerName>,</ManufacturerName>
      <ManufactureCountry>לא ידוע</ManufactureCountry>
      <ManufacturerItemDescription>צלחות קטנות משובץ לבן זהב  10 יח</ManufacturerItemDescription>
      <UnitQty>Unknown </UnitQty>
      <Quantity>0.00</Quantity>
      <UnitOfMeasure>Unknown </UnitOfMeasure>
      <bIsWeighted>0</bIsWeighted>
      <QtyInPackage>1</QtyInPackage>
      <ItemPrice>14.90</ItemPrice>
      <UnitOfMeasurePrice>0.0000</UnitOfMeasurePrice>
      <AllowDiscount>1</AllowDiscount>
      <ItemStatus>1</ItemStatus>
      <ItemId>267409</ItemId>
    </Item>
    <Item>
      <PriceUpdateDate>2016-03-15 08:56:09</PriceUpdateDate>
      <ItemCode>7290104856686</ItemCode>
      <ItemType>1</ItemType>
      <ItemName>צלחות גדולות משובץ ל</ItemName>
      <ManufacturerName>,</ManufacturerName>
      <ManufactureCountry>לא ידוע</ManufactureCountry>
      <ManufacturerItemDescription>צלחות גדולות משובץ לבן זהב  10 יח</ManufacturerItemDescription>
      <UnitQty>Unknown </UnitQty>
      <Quantity>0.00</Quantity>
      <UnitOfMeasure>Unknown </UnitOfMeasure>
      <bIsWeighted>0</bIsWeighted>
      <QtyInPackage>1</QtyInPackage>
      <ItemPrice>19.90</ItemPrice>
      <UnitOfMeasurePrice>0.0000</UnitOfMeasurePrice>
      <AllowDiscount>1</AllowDiscount>
      <ItemStatus>1</ItemStatus>
      <ItemId>267410</ItemId>
    </Item>
    <Item>
      <PriceUpdateDate>2016-03-15 08:56:09</PriceUpdateDate>
      <ItemCode>7290104856693</ItemCode>
      <ItemType>1</ItemType>
      <ItemName>צלחות ענק משובץ לבן</ItemName>
      <ManufacturerName>,</ManufacturerName>
      <ManufactureCountry>לא ידוע</ManufactureCountry>
      <ManufacturerItemDescription>צלחות ענק משובץ לבן זהב  10 יח</ManufacturerItemDescription>
      <UnitQty>Unknown </UnitQty>
      <Quantity>0.00</Quantity>
      <UnitOfMeasure>Unknown </UnitOfMeasure>
      <bIsWeighted>0</bIsWeighted>
      <QtyInPackage>1</QtyInPackage>
      <ItemPrice>24.90</ItemPrice>
      <UnitOfMeasurePrice>0.0000</UnitOfMeasurePrice>
      <AllowDiscount>1</AllowDiscount>
      <ItemStatus>1</ItemStatus>
      <ItemId>267411</ItemId>
    </Item>
    <Item>
      <PriceUpdateDate>2016-03-15 08:56:09</PriceUpdateDate>
      <ItemCode>7290104856709</ItemCode>
      <ItemType>1</ItemType>
      <ItemName>צלחות קטנות משובץ לב</ItemName>
      <ManufacturerName>,</ManufacturerName>
      <ManufactureCountry>לא ידוע</ManufactureCountry>
      <ManufacturerItemDescription>צלחות קטנות משובץ לבן כסף 10 יח</ManufacturerItemDescription>
      <UnitQty>Unknown </UnitQty>
      <Quantity>0.00</Quantity>
      <UnitOfMeasure>Unknown </UnitOfMeasure>
      <bIsWeighted>0</bIsWeighted>
      <QtyInPackage>1</QtyInPackage>
      <ItemPrice>14.90</ItemPrice>
      <UnitOfMeasurePrice>0.0000</UnitOfMeasurePrice>
      <AllowDiscount>1</AllowDiscount>
      <ItemStatus>1</ItemStatus>
      <ItemId>267412</ItemId>
    </Item>
    <Item>
      <PriceUpdateDate>2016-03-15 08:56:09</PriceUpdateDate>
      <ItemCode>7290104856723</ItemCode>
      <ItemType>1</ItemType>
      <ItemName>צלחות ענק משובץ לבן</ItemName>
      <ManufacturerName>,</ManufacturerName>
      <ManufactureCountry>לא ידוע</ManufactureCountry>
      <ManufacturerItemDescription>צלחות ענק משובץ לבן כסף 10 יח</ManufacturerItemDescription>
      <UnitQty>Unknown </UnitQty>
      <Quantity>0.00</Quantity>
      <UnitOfMeasure>Unknown </UnitOfMeasure>
      <bIsWeighted>0</bIsWeighted>
      <QtyInPackage>1</QtyInPackage>
      <ItemPrice>24.90</ItemPrice>
      <UnitOfMeasurePrice>0.0000</UnitOfMeasurePrice>
      <AllowDiscount>1</AllowDiscount>
      <ItemStatus>1</ItemStatus>
      <ItemId>267414</ItemId>
    </Item>
    <Item>
      <PriceUpdateDate>2016-03-15 08:56:09</PriceUpdateDate>
      <ItemCode>7290104855184</ItemCode>
      <ItemType>1</ItemType>
      <ItemName>קעריות אובליות לבן ע</ItemName>
      <ManufacturerName>,</ManufacturerName>
      <ManufactureCountry>לא ידוע</ManufactureCountry>
      <ManufacturerItemDescription>קעריות אובליות לבן עם פס זהב 10 יח מילאנ</ManufacturerItemDescription>
      <UnitQty>Unknown </UnitQty>
      <Quantity>0.00</Quantity>
      <UnitOfMeasure>Unknown </UnitOfMeasure>
      <bIsWeighted>0</bIsWeighted>
      <QtyInPackage>1</QtyInPackage>
      <ItemPrice>8.90</ItemPrice>
      <UnitOfMeasurePrice>0.0000</UnitOfMeasurePrice>
      <AllowDiscount>1</AllowDiscount>
      <ItemStatus>1</ItemStatus>
      <ItemId>267418</ItemId>
    </Item>
    <Item>
      <PriceUpdateDate>2016-03-15 20:10:50</PriceUpdateDate>
      <ItemCode>7290106663398</ItemCode>
      <ItemType>1</ItemType>
      <ItemName>סוכריות מיקס חמוץ 20</ItemName>
      <ManufacturerName>טופגאם</ManufacturerName>
      <ManufactureCountry>לא ידוע</ManufactureCountry>
      <ManufacturerItemDescription>סוכריות מיקס חמוץ 200 גרם</ManufacturerItemDescription>
      <UnitQty>גרמים</UnitQty>
      <Quantity>200.00</Quantity>
      <UnitOfMeasure>100 גרם</UnitOfMeasure>
      <bIsWeighted>0</bIsWeighted>
      <QtyInPackage>1</QtyInPackage>
      <ItemPrice>5.90</ItemPrice>
      <UnitOfMeasurePrice>2.9500</UnitOfMeasurePrice>
      <AllowDiscount>1</AllowDiscount>
      <ItemStatus>1</ItemStatus>
      <ItemId>267450</ItemId>
    </Item>
    <Item>
      <PriceUpdateDate>2016-03-15 20:10:50</PriceUpdateDate>
      <ItemCode>7290107932394</ItemCode>
      <ItemType>1</ItemType>
      <ItemName>סוכריות מיקס מסוכר 2</ItemName>
      <ManufacturerName>טופגאם</ManufacturerName>
      <ManufactureCountry>לא ידוע</ManufactureCountry>
      <ManufacturerItemDescription>סוכריות מיקס מסוכר 200 גרם</ManufacturerItemDescription>
      <UnitQty>גרמים</UnitQty>
      <Quantity>200.00</Quantity>
      <UnitOfMeasure>100 גרם</UnitOfMeasure>
      <bIsWeighted>0</bIsWeighted>
      <QtyInPackage>1</QtyInPackage>
      <ItemPrice>5.90</ItemPrice>
      <UnitOfMeasurePrice>2.9500</UnitOfMeasurePrice>
      <AllowDiscount>1</AllowDiscount>
      <ItemStatus>1</ItemStatus>
      <ItemId>267451</ItemId>
    </Item>
    <Item>
      <PriceUpdateDate>2016-03-15 20:10:50</PriceUpdateDate>
      <ItemCode>7290107932387</ItemCode>
      <ItemType>1</ItemType>
      <ItemName>סוכריות מיקס מבריק 2</ItemName>
      <ManufacturerName>טופגאם</ManufacturerName>
      <ManufactureCountry>לא ידוע</ManufactureCountry>
      <ManufacturerItemDescription>סוכריות מיקס מבריק 200 גרם</ManufacturerItemDescription>
      <UnitQty>גרמים</UnitQty>
      <Quantity>200.00</Quantity>
      <UnitOfMeasure>100 גרם</UnitOfMeasure>
      <bIsWeighted>0</bIsWeighted>
      <QtyInPackage>1</QtyInPackage>
      <ItemPrice>8.90</ItemPrice>
      <UnitOfMeasurePrice>4.4500</UnitOfMeasurePrice>
      <AllowDiscount>1</AllowDiscount>
      <ItemStatus>1</ItemStatus>
      <ItemId>267452</ItemId>
    </Item>
    <Item>
      <PriceUpdateDate>2016-03-15 20:10:50</PriceUpdateDate>
      <ItemCode>7290106520288</ItemCode>
      <ItemType>0</ItemType>
      <ItemName>דנונה פרו תות 150 גר</ItemName>
      <ManufacturerName>שטראוס</ManufacturerName>
      <ManufactureCountry>לא ידוע</ManufactureCountry>
      <ManufacturerItemDescription>דנונה פרו תות 150 גרם</ManufacturerItemDescription>
      <UnitQty>מיליליטרים</UnitQty>
      <Quantity>150.00</Quantity>
      <UnitOfMeasure>100 מ"ל</UnitOfMeasure>
      <bIsWeighted>0</bIsWeighted>
      <QtyInPackage>1</QtyInPackage>
      <ItemPrice>4.50</ItemPrice>
      <UnitOfMeasurePrice>3.0000</UnitOfMeasurePrice>
      <AllowDiscount>1</AllowDiscount>
      <ItemStatus>1</ItemStatus>
      <ItemId>267455</ItemId>
    </Item>
    <Item>
      <PriceUpdateDate>2016-03-16 12:40:56</PriceUpdateDate>
      <ItemCode>7290014218338</ItemCode>
      <ItemType>0</ItemType>
      <ItemName>בורקס תפו"א אישי 4 י</ItemName>
      <ManufacturerName>מעדנות</ManufacturerName>
      <ManufactureCountry>ישראל</ManufactureCountry>
      <ManufacturerItemDescription>בורקס תפו"א אישי 4 יח 600 גרם</ManufacturerItemDescription>
      <UnitQty>גרמים</UnitQty>
      <Quantity>600.00</Quantity>
      <UnitOfMeasure>100 גרם</UnitOfMeasure>
      <bIsWeighted>0</bIsWeighted>
      <QtyInPackage>1</QtyInPackage>
      <ItemPrice>9.90</ItemPrice>
      <UnitOfMeasurePrice>1.6500</UnitOfMeasurePrice>
      <AllowDiscount>1</AllowDiscount>
      <ItemStatus>1</ItemStatus>
      <ItemId>267457</ItemId>
    </Item>
    <Item>
      <PriceUpdateDate>2016-03-16 12:40:56</PriceUpdateDate>
      <ItemCode>7290014218321</ItemCode>
      <ItemType>0</ItemType>
      <ItemName>בורקס גבינה אישי 4 י</ItemName>
      <ManufacturerName>מעדנות</ManufacturerName>
      <ManufactureCountry>ישראל</ManufactureCountry>
      <ManufacturerItemDescription>בורקס גבינה אישי 4 יח 600 גרם</ManufacturerItemDescription>
      <UnitQty>גרמים</UnitQty>
      <Quantity>600.00</Quantity>
      <UnitOfMeasure>100 גרם</UnitOfMeasure>
      <bIsWeighted>0</bIsWeighted>
      <QtyInPackage>1</QtyInPackage>
      <ItemPrice>9.90</ItemPrice>
      <UnitOfMeasurePrice>1.6500</UnitOfMeasurePrice>
      <AllowDiscount>1</AllowDiscount>
      <ItemStatus>1</ItemStatus>
      <ItemId>267458</ItemId>
    </Item>
    <Item>
      <PriceUpdateDate>2016-03-16 12:40:56</PriceUpdateDate>
      <ItemCode>7290102397341</ItemCode>
      <ItemType>0</ItemType>
      <ItemName>גבינה בולגרית 24% 25</ItemName>
      <ManufacturerName>מחלבת משק צוריאל</ManufacturerName>
      <ManufactureCountry>לא ידוע</ManufactureCountry>
      <ManufacturerItemDescription>גבינה בולגרית 24% 250 גרם</ManufacturerItemDescription>
      <UnitQty>גרמים</UnitQty>
      <Quantity>250.00</Quantity>
      <UnitOfMeasure>100 גרם</UnitOfMeasure>
      <bIsWeighted>0</bIsWeighted>
      <QtyInPackage>1</QtyInPackage>
      <ItemPrice>12.90</ItemPrice>
      <UnitOfMeasurePrice>5.1600</UnitOfMeasurePrice>
      <AllowDiscount>1</AllowDiscount>
      <ItemStatus>1</ItemStatus>
      <ItemId>267463</ItemId>
    </Item>
    <Item>
      <PriceUpdateDate>2016-03-16 12:40:56</PriceUpdateDate>
      <ItemCode>7290102396979</ItemCode>
      <ItemType>0</ItemType>
      <ItemName>מולר סימפלי פרוט  אנ</ItemName>
      <ManufacturerName>טרה</ManufacturerName>
      <ManufactureCountry>לא ידוע</ManufactureCountry>
      <ManufacturerItemDescription>מולר סימפלי פרוט  אננס 150 גרם</ManufacturerItemDescription>
      <UnitQty>גרמים</UnitQty>
      <Quantity>150.00</Quantity>
      <UnitOfMeasure>100 גרם</UnitOfMeasure>
      <bIsWeighted>0</bIsWeighted>
      <QtyInPackage>1</QtyInPackage>
      <ItemPrice>4.80</ItemPrice>
      <UnitOfMeasurePrice>3.2000</UnitOfMeasurePrice>
      <AllowDiscount>1</AllowDiscount>
      <ItemStatus>1</ItemStatus>
      <ItemId>267464</ItemId>
    </Item>
    <Item>
      <PriceUpdateDate>2016-03-16 12:40:56</PriceUpdateDate>
      <ItemCode>4030704</ItemCode>
      <ItemType>0</ItemType>
      <ItemName>מיץ תפוזים 100% סחוט</ItemName>
      <ManufacturerName>פריניב</ManufacturerName>
      <ManufactureCountry>ישראל</ManufactureCountry>
      <ManufacturerItemDescription>מיץ תפוזים 100% סחוט טרי 2 ליטר</ManufacturerItemDescription>
      <UnitQty>ליטרים</UnitQty>
      <Quantity>2.00</Quantity>
      <UnitOfMeasure>ליטר    </UnitOfMeasure>
      <bIsWeighted>0</bIsWeighted>
      <QtyInPackage>1</QtyInPackage>
      <ItemPrice>16.90</ItemPrice>
      <UnitOfMeasurePrice>8.4500</UnitOfMeasurePrice>
      <AllowDiscount>1</AllowDiscount>
      <ItemStatus>1</ItemStatus>
      <ItemId>267469</ItemId>
    </Item>
    <Item>
      <PriceUpdateDate>2016-03-16 12:40:56</PriceUpdateDate>
      <ItemCode>2391180</ItemCode>
      <ItemType>0</ItemType>
      <ItemName>קורנביץף מעושן 250 ג</ItemName>
      <ManufacturerName>,</ManufacturerName>
      <ManufactureCountry>לא ידוע</ManufactureCountry>
      <ManufacturerItemDescription>קורנביץף מעושן 250 גרם</ManufacturerItemDescription>
      <UnitQty>גרמים</UnitQty>
      <Quantity>250.00</Quantity>
      <UnitOfMeasure>100 גרם</UnitOfMeasure>
      <bIsWeighted>0</bIsWeighted>
      <QtyInPackage>1</QtyInPackage>
      <ItemPrice>39.90</ItemPrice>
      <UnitOfMeasurePrice>15.9600</UnitOfMeasurePrice>
      <AllowDiscount>1</AllowDiscount>
      <ItemStatus>1</ItemStatus>
      <ItemId>267475</ItemId>
    </Item>
    <Item>
      <PriceUpdateDate>2016-03-16 12:40:56</PriceUpdateDate>
      <ItemCode>2391784</ItemCode>
      <ItemType>0</ItemType>
      <ItemName>כתף מעושן 250 גרם</ItemName>
      <ManufacturerName>,</ManufacturerName>
      <ManufactureCountry>לא ידוע</ManufactureCountry>
      <ManufacturerItemDescription>כתף מעושן 250 גרם</ManufacturerItemDescription>
      <UnitQty>גרמים</UnitQty>
      <Quantity>250.00</Quantity>
      <UnitOfMeasure>100 גרם</UnitOfMeasure>
      <bIsWeighted>0</bIsWeighted>
      <QtyInPackage>1</QtyInPackage>
      <ItemPrice>39.90</ItemPrice>
      <UnitOfMeasurePrice>15.9600</UnitOfMeasurePrice>
      <AllowDiscount>1</AllowDiscount>
      <ItemStatus>1</ItemStatus>
      <ItemId>267476</ItemId>
    </Item>
    <Item>
      <PriceUpdateDate>2016-03-16 15:10:48</PriceUpdateDate>
      <ItemCode>8412168111603</ItemCode>
      <ItemType>1</ItemType>
      <ItemName>וודקה סמסקי 1 ליטר</ItemName>
      <ManufacturerName>,</ManufacturerName>
      <ManufactureCountry>לא ידוע</ManufactureCountry>
      <ManufacturerItemDescription>וודקה סמסקי 1 ליטר</ManufacturerItemDescription>
      <UnitQty>ליטרים</UnitQty>
      <Quantity>1.00</Quantity>
      <UnitOfMeasure>ליטר    </UnitOfMeasure>
      <bIsWeighted>0</bIsWeighted>
      <QtyInPackage>1</QtyInPackage>
      <ItemPrice>49.90</ItemPrice>
      <UnitOfMeasurePrice>49.9000</UnitOfMeasurePrice>
      <AllowDiscount>1</AllowDiscount>
      <ItemStatus>1</ItemStatus>
      <ItemId>267477</ItemId>
    </Item>
    <Item>
      <PriceUpdateDate>2016-03-21 11:26:08</PriceUpdateDate>
      <ItemCode>7610008010920</ItemCode>
      <ItemType>0</ItemType>
      <ItemName>שוקולד מריר טורינו 5</ItemName>
      <ManufacturerName>,</ManufacturerName>
      <ManufactureCountry>לא ידוע</ManufactureCountry>
      <ManufacturerItemDescription>שוקולד מריר טורינו 5 יח</ManufacturerItemDescription>
      <UnitQty>גרמים</UnitQty>
      <Quantity>345.00</Quantity>
      <UnitOfMeasure>100 גרם</UnitOfMeasure>
      <bIsWeighted>0</bIsWeighted>
      <QtyInPackage>1</QtyInPackage>
      <ItemPrice>18.90</ItemPrice>
      <UnitOfMeasurePrice>5.4783</UnitOfMeasurePrice>
      <AllowDiscount>1</AllowDiscount>
      <ItemStatus>1</ItemStatus>
      <ItemId>267504</ItemId>
    </Item>
    <Item>
      <PriceUpdateDate>2016-03-21 21:01:10</PriceUpdateDate>
      <ItemCode>7290011254063</ItemCode>
      <ItemType>0</ItemType>
      <ItemName>עדשים שחורות 500 גרם</ItemName>
      <ManufacturerName>מיה תעשיות מזון בעמ</ManufacturerName>
      <ManufactureCountry>ישראל</ManufactureCountry>
      <ManufacturerItemDescription>עדשים שחורות 500 גרם</ManufacturerItemDescription>
      <UnitQty>גרמים</UnitQty>
      <Quantity>500.00</Quantity>
      <UnitOfMeasure>100 גרם</UnitOfMeasure>
      <bIsWeighted>0</bIsWeighted>
      <QtyInPackage>1</QtyInPackage>
      <ItemPrice>8.90</ItemPrice>
      <UnitOfMeasurePrice>1.7800</UnitOfMeasurePrice>
      <AllowDiscount>1</AllowDiscount>
      <ItemStatus>1</ItemStatus>
      <ItemId>267512</ItemId>
    </Item>
    <Item>
      <PriceUpdateDate>2016-03-21 21:01:10</PriceUpdateDate>
      <ItemCode>7290016083187</ItemCode>
      <ItemType>0</ItemType>
      <ItemName>עוגות מלבניות 350 גר</ItemName>
      <ManufacturerName>,</ManufacturerName>
      <ManufactureCountry>לא ידוע</ManufactureCountry>
      <ManufacturerItemDescription>עוגות מלבניות 350 גרם</ManufacturerItemDescription>
      <UnitQty>גרמים</UnitQty>
      <Quantity>350.00</Quantity>
      <UnitOfMeasure>100 גרם</UnitOfMeasure>
      <bIsWeighted>0</bIsWeighted>
      <QtyInPackage>1</QtyInPackage>
      <ItemPrice>4.90</ItemPrice>
      <UnitOfMeasurePrice>1.4000</UnitOfMeasurePrice>
      <AllowDiscount>1</AllowDiscount>
      <ItemStatus>1</ItemStatus>
      <ItemId>267514</ItemId>
    </Item>
    <Item>
      <PriceUpdateDate>2016-03-21 21:01:10</PriceUpdateDate>
      <ItemCode>7290000909400</ItemCode>
      <ItemType>1</ItemType>
      <ItemName>תה קלאסי 1.5 גרם 110</ItemName>
      <ManufacturerName>,</ManufacturerName>
      <ManufactureCountry>לא ידוע</ManufactureCountry>
      <ManufacturerItemDescription>תה קלאסי 1.5 גרם 110 יח</ManufacturerItemDescription>
      <UnitQty>גרמים</UnitQty>
      <Quantity>165.00</Quantity>
      <UnitOfMeasure>100 גרם</UnitOfMeasure>
      <bIsWeighted>0</bIsWeighted>
      <QtyInPackage>1</QtyInPackage>
      <ItemPrice>9.90</ItemPrice>
      <UnitOfMeasurePrice>6.0000</UnitOfMeasurePrice>
      <AllowDiscount>1</AllowDiscount>
      <ItemStatus>1</ItemStatus>
      <ItemId>267516</ItemId>
    </Item>
    <Item>
      <PriceUpdateDate>2016-03-22 09:20:59</PriceUpdateDate>
      <ItemCode>7290107641388</ItemCode>
      <ItemType>0</ItemType>
      <ItemName>עוגי מופחת סוכר 750</ItemName>
      <ManufacturerName>יוניליוור</ManufacturerName>
      <ManufactureCountry>לא ידוע</ManufactureCountry>
      <ManufacturerItemDescription>עוגי מופחת סוכר 750 גרם</ManufacturerItemDescription>
      <UnitQty>גרמים</UnitQty>
      <Quantity>750.00</Quantity>
      <UnitOfMeasure>100 גרם</UnitOfMeasure>
      <bIsWeighted>0</bIsWeighted>
      <QtyInPackage>1</QtyInPackage>
      <ItemPrice>16.90</ItemPrice>
      <UnitOfMeasurePrice>2.2533</UnitOfMeasurePrice>
      <AllowDiscount>1</AllowDiscount>
      <ItemStatus>1</ItemStatus>
      <ItemId>267525</ItemId>
    </Item>
    <Item>
      <PriceUpdateDate>2016-03-22 09:20:59</PriceUpdateDate>
      <ItemCode>7290107641371</ItemCode>
      <ItemType>0</ItemType>
      <ItemName>קוקומן כדורים מופחת</ItemName>
      <ManufacturerName>יוניליוור</ManufacturerName>
      <ManufactureCountry>ישראל</ManufactureCountry>
      <ManufacturerItemDescription>קוקומן כדורים מופחת סוכר 500 גרם</ManufacturerItemDescription>
      <UnitQty>גרמים</UnitQty>
      <Quantity>500.00</Quantity>
      <UnitOfMeasure>100 גרם</UnitOfMeasure>
      <bIsWeighted>0</bIsWeighted>
      <QtyInPackage>1</QtyInPackage>
      <ItemPrice>20.90</ItemPrice>
      <UnitOfMeasurePrice>4.1800</UnitOfMeasurePrice>
      <AllowDiscount>1</AllowDiscount>
      <ItemStatus>1</ItemStatus>
      <ItemId>267526</ItemId>
    </Item>
    <Item>
      <PriceUpdateDate>2016-03-22 18:06:03</PriceUpdateDate>
      <ItemCode>7290107280815</ItemCode>
      <ItemType>0</ItemType>
      <ItemName>קוטל חרקים K 301</ItemName>
      <ManufacturerName>סנו</ManufacturerName>
      <ManufactureCountry>לא ידוע</ManufactureCountry>
      <ManufacturerItemDescription>סנו K 300</ManufacturerItemDescription>
      <UnitQty>מיליליטרים</UnitQty>
      <Quantity>630.00</Quantity>
      <UnitOfMeasure>100 מ"ל</UnitOfMeasure>
      <bIsWeighted>0</bIsWeighted>
      <QtyInPackage>1</QtyInPackage>
      <ItemPrice>9.90</ItemPrice>
      <UnitOfMeasurePrice>1.5714</UnitOfMeasurePrice>
      <AllowDiscount>1</AllowDiscount>
      <ItemStatus>1</ItemStatus>
      <ItemId>267565</ItemId>
    </Item>
    <Item>
      <PriceUpdateDate>2016-03-27 09:20:59</PriceUpdateDate>
      <ItemCode>7290014762695</ItemCode>
      <ItemType>0</ItemType>
      <ItemName>מארז 12 יח מיני קרלו</ItemName>
      <ManufacturerName>תנובה מרכז שיתופי לש</ManufacturerName>
      <ManufactureCountry>לא ידוע</ManufactureCountry>
      <ManufacturerItemDescription>מארז 12 יח מיני קרלו שוקולד קצפת</ManufacturerItemDescription>
      <UnitQty>גרמים</UnitQty>
      <Quantity>924.00</Quantity>
      <UnitOfMeasure>100 גרם</UnitOfMeasure>
      <bIsWeighted>0</bIsWeighted>
      <QtyInPackage>1</QtyInPackage>
      <ItemPrice>14.90</ItemPrice>
      <UnitOfMeasurePrice>1.6126</UnitOfMeasurePrice>
      <AllowDiscount>1</AllowDiscount>
      <ItemStatus>1</ItemStatus>
      <ItemId>267580</ItemId>
    </Item>
    <Item>
      <PriceUpdateDate>2016-03-28 11:08:04</PriceUpdateDate>
      <ItemCode>835811001720</ItemCode>
      <ItemType>1</ItemType>
      <ItemName>סט כלים לאוכל 50 יח</ItemName>
      <ManufacturerName>,</ManufacturerName>
      <ManufactureCountry>לא ידוע</ManufactureCountry>
      <ManufacturerItemDescription>סט כלים לאוכל 50 יח</ManufacturerItemDescription>
      <UnitQty>Unknown </UnitQty>
      <Quantity>0.00</Quantity>
      <UnitOfMeasure>Unknown </UnitOfMeasure>
      <bIsWeighted>0</bIsWeighted>
      <QtyInPackage>1</QtyInPackage>
      <ItemPrice>39.90</ItemPrice>
      <UnitOfMeasurePrice>0.0000</UnitOfMeasurePrice>
      <AllowDiscount>1</AllowDiscount>
      <ItemStatus>1</ItemStatus>
      <ItemId>267597</ItemId>
    </Item>
    <Item>
      <PriceUpdateDate>2016-04-03 11:26:02</PriceUpdateDate>
      <ItemCode>7290104856785</ItemCode>
      <ItemType>0</ItemType>
      <ItemName>גביע קונוס קריסטל 10</ItemName>
      <ManufacturerName>HANTRONIX</ManufacturerName>
      <ManufactureCountry>לא ידוע</ManufactureCountry>
      <ManufacturerItemDescription>גביע קונוס קריסטל 10 יח</ManufacturerItemDescription>
      <UnitQty>Unknown </UnitQty>
      <Quantity>0.00</Quantity>
      <UnitOfMeasure>Unknown </UnitOfMeasure>
      <bIsWeighted>0</bIsWeighted>
      <QtyInPackage>1</QtyInPackage>
      <ItemPrice>12.90</ItemPrice>
      <UnitOfMeasurePrice>0.0000</UnitOfMeasurePrice>
      <AllowDiscount>1</AllowDiscount>
      <ItemStatus>1</ItemStatus>
      <ItemId>267699</ItemId>
    </Item>
    <Item>
      <PriceUpdateDate>2016-04-03 11:26:02</PriceUpdateDate>
      <ItemCode>7290104856778</ItemCode>
      <ItemType>0</ItemType>
      <ItemName>שלישיית קעריות מיני</ItemName>
      <ManufacturerName>HANTRONIX</ManufacturerName>
      <ManufactureCountry>לא ידוע</ManufactureCountry>
      <ManufacturerItemDescription>שלישיית קעריות מיני קריסטל 12 יח</ManufacturerItemDescription>
      <UnitQty>Unknown </UnitQty>
      <Quantity>0.00</Quantity>
      <UnitOfMeasure>Unknown </UnitOfMeasure>
      <bIsWeighted>0</bIsWeighted>
      <QtyInPackage>1</QtyInPackage>
      <ItemPrice>12.90</ItemPrice>
      <UnitOfMeasurePrice>0.0000</UnitOfMeasurePrice>
      <AllowDiscount>1</AllowDiscount>
      <ItemStatus>1</ItemStatus>
      <ItemId>267700</ItemId>
    </Item>
    <Item>
      <PriceUpdateDate>2016-04-03 11:26:02</PriceUpdateDate>
      <ItemCode>7290104856273</ItemCode>
      <ItemType>0</ItemType>
      <ItemName>כוס קריסטל עם רגל 50</ItemName>
      <ManufacturerName>HANTRONIX</ManufacturerName>
      <ManufactureCountry>לא ידוע</ManufactureCountry>
      <ManufacturerItemDescription>כוס קריסטל עם רגל 50 מ"ל 8 יח</ManufacturerItemDescription>
      <UnitQty>Unknown </UnitQty>
      <Quantity>0.00</Quantity>
      <UnitOfMeasure>Unknown </UnitOfMeasure>
      <bIsWeighted>0</bIsWeighted>
      <QtyInPackage>1</QtyInPackage>
      <ItemPrice>9.90</ItemPrice>
      <UnitOfMeasurePrice>0.0000</UnitOfMeasurePrice>
      <AllowDiscount>1</AllowDiscount>
      <ItemStatus>1</ItemStatus>
      <ItemId>267701</ItemId>
    </Item>
    <Item>
      <PriceUpdateDate>2016-04-03 11:26:02</PriceUpdateDate>
      <ItemCode>7290104856280</ItemCode>
      <ItemType>0</ItemType>
      <ItemName>כוס קריסטל עם רגל 15</ItemName>
      <ManufacturerName>HANTRONIX</ManufacturerName>
      <ManufactureCountry>לא ידוע</ManufactureCountry>
      <ManufacturerItemDescription>כוס קריסטל עם רגל 150 מ"ל 24 יח</ManufacturerItemDescription>
      <UnitQty>Unknown </UnitQty>
      <Quantity>0.00</Quantity>
      <UnitOfMeasure>Unknown </UnitOfMeasure>
      <bIsWeighted>0</bIsWeighted>
      <QtyInPackage>1</QtyInPackage>
      <ItemPrice>18.90</ItemPrice>
      <UnitOfMeasurePrice>0.0000</UnitOfMeasurePrice>
      <AllowDiscount>1</AllowDiscount>
      <ItemStatus>1</ItemStatus>
      <ItemId>267702</ItemId>
    </Item>
    <Item>
      <PriceUpdateDate>2016-04-03 11:26:02</PriceUpdateDate>
      <ItemCode>7290104856310</ItemCode>
      <ItemType>0</ItemType>
      <ItemName>גביע מרטיני קריסטל 7</ItemName>
      <ManufacturerName>HANTRONIX</ManufacturerName>
      <ManufactureCountry>לא ידוע</ManufactureCountry>
      <ManufacturerItemDescription>גביע מרטיני קריסטל 7=8 יח</ManufacturerItemDescription>
      <UnitQty>Unknown </UnitQty>
      <Quantity>0.00</Quantity>
      <UnitOfMeasure>Unknown </UnitOfMeasure>
      <bIsWeighted>0</bIsWeighted>
      <QtyInPackage>1</QtyInPackage>
      <ItemPrice>14.90</ItemPrice>
      <UnitOfMeasurePrice>0.0000</UnitOfMeasurePrice>
      <AllowDiscount>1</AllowDiscount>
      <ItemStatus>1</ItemStatus>
      <ItemId>267704</ItemId>
    </Item>
    <Item>
      <PriceUpdateDate>2016-04-03 11:26:02</PriceUpdateDate>
      <ItemCode>7290104856754</ItemCode>
      <ItemType>0</ItemType>
      <ItemName>גביע מרגריטה קריסטל</ItemName>
      <ManufacturerName>HANTRONIX</ManufacturerName>
      <ManufactureCountry>לא ידוע</ManufactureCountry>
      <ManufacturerItemDescription>גביע מרגריטה קריסטל מיני  12 יח</ManufacturerItemDescription>
      <UnitQty>Unknown </UnitQty>
      <Quantity>0.00</Quantity>
      <UnitOfMeasure>Unknown </UnitOfMeasure>
      <bIsWeighted>0</bIsWeighted>
      <QtyInPackage>1</QtyInPackage>
      <ItemPrice>9.90</ItemPrice>
      <UnitOfMeasurePrice>0.0000</UnitOfMeasurePrice>
      <AllowDiscount>1</AllowDiscount>
      <ItemStatus>1</ItemStatus>
      <ItemId>267706</ItemId>
    </Item>
    <Item>
      <PriceUpdateDate>2016-04-03 11:26:02</PriceUpdateDate>
      <ItemCode>7290104856761</ItemCode>
      <ItemType>0</ItemType>
      <ItemName>גביע מרטיני קריסטל מ</ItemName>
      <ManufacturerName>HANTRONIX</ManufacturerName>
      <ManufactureCountry>לא ידוע</ManufactureCountry>
      <ManufacturerItemDescription>גביע מרטיני קריסטל מיני  12 יח</ManufacturerItemDescription>
      <UnitQty>Unknown </UnitQty>
      <Quantity>0.00</Quantity>
      <UnitOfMeasure>Unknown </UnitOfMeasure>
      <bIsWeighted>0</bIsWeighted>
      <QtyInPackage>1</QtyInPackage>
      <ItemPrice>9.90</ItemPrice>
      <UnitOfMeasurePrice>0.0000</UnitOfMeasurePrice>
      <AllowDiscount>1</AllowDiscount>
      <ItemStatus>1</ItemStatus>
      <ItemId>267707</ItemId>
    </Item>
    <Item>
      <PriceUpdateDate>2016-04-04 20:11:10</PriceUpdateDate>
      <ItemCode>7290009000771</ItemCode>
      <ItemType>1</ItemType>
      <ItemName>שקיות הקפאה בינוני פ</ItemName>
      <ManufacturerName>,</ManufacturerName>
      <ManufactureCountry>לא ידוע</ManufactureCountry>
      <ManufacturerItemDescription>שקיות הקפאה בינוני פסגור 54 יח</ManufacturerItemDescription>
      <UnitQty>Unknown </UnitQty>
      <Quantity>0.00</Quantity>
      <UnitOfMeasure>Unknown </UnitOfMeasure>
      <bIsWeighted>0</bIsWeighted>
      <QtyInPackage>1</QtyInPackage>
      <ItemPrice>19.90</ItemPrice>
      <UnitOfMeasurePrice>0.0000</UnitOfMeasurePrice>
      <AllowDiscount>1</AllowDiscount>
      <ItemStatus>1</ItemStatus>
      <ItemId>267744</ItemId>
    </Item>
    <Item>
      <PriceUpdateDate>2016-04-10 17:40:52</PriceUpdateDate>
      <ItemCode>7290009000337</ItemCode>
      <ItemType>1</ItemType>
      <ItemName>עירית</ItemName>
      <ManufacturerName>,</ManufacturerName>
      <ManufactureCountry>לא ידוע</ManufactureCountry>
      <ManufacturerItemDescription>עירית</ManufacturerItemDescription>
      <UnitQty>Unknown </UnitQty>
      <Quantity>0.00</Quantity>
      <UnitOfMeasure>Unknown </UnitOfMeasure>
      <bIsWeighted>0</bIsWeighted>
      <QtyInPackage>1</QtyInPackage>
      <ItemPrice>12.00</ItemPrice>
      <UnitOfMeasurePrice>0.0000</UnitOfMeasurePrice>
      <AllowDiscount>1</AllowDiscount>
      <ItemStatus>1</ItemStatus>
      <ItemId>267810</ItemId>
    </Item>
    <Item>
      <PriceUpdateDate>2016-04-10 17:40:52</PriceUpdateDate>
      <ItemCode>7290009000344</ItemCode>
      <ItemType>1</ItemType>
      <ItemName>אורגנו</ItemName>
      <ManufacturerName>,</ManufacturerName>
      <ManufactureCountry>לא ידוע</ManufactureCountry>
      <ManufacturerItemDescription>אורגנו</ManufacturerItemDescription>
      <UnitQty>Unknown </UnitQty>
      <Quantity>0.00</Quantity>
      <UnitOfMeasure>Unknown </UnitOfMeasure>
      <bIsWeighted>0</bIsWeighted>
      <QtyInPackage>1</QtyInPackage>
      <ItemPrice>9.90</ItemPrice>
      <UnitOfMeasurePrice>0.0000</UnitOfMeasurePrice>
      <AllowDiscount>1</AllowDiscount>
      <ItemStatus>1</ItemStatus>
      <ItemId>267811</ItemId>
    </Item>
    <Item>
      <PriceUpdateDate>2016-04-10 17:40:52</PriceUpdateDate>
      <ItemCode>7290009000351</ItemCode>
      <ItemType>1</ItemType>
      <ItemName>רוקולה</ItemName>
      <ManufacturerName>,</ManufacturerName>
      <ManufactureCountry>לא ידוע</ManufactureCountry>
      <ManufacturerItemDescription>רוקולה</ManufacturerItemDescription>
      <UnitQty>Unknown </UnitQty>
      <Quantity>0.00</Quantity>
      <UnitOfMeasure>Unknown </UnitOfMeasure>
      <bIsWeighted>0</bIsWeighted>
      <QtyInPackage>1</QtyInPackage>
      <ItemPrice>12.00</ItemPrice>
      <UnitOfMeasurePrice>0.0000</UnitOfMeasurePrice>
      <AllowDiscount>1</AllowDiscount>
      <ItemStatus>1</ItemStatus>
      <ItemId>267812</ItemId>
    </Item>
    <Item>
      <PriceUpdateDate>2016-04-10 17:40:52</PriceUpdateDate>
      <ItemCode>7290009000368</ItemCode>
      <ItemType>1</ItemType>
      <ItemName>טימין</ItemName>
      <ManufacturerName>,</ManufacturerName>
      <ManufactureCountry>לא ידוע</ManufactureCountry>
      <ManufacturerItemDescription>טימין</ManufacturerItemDescription>
      <UnitQty>Unknown </UnitQty>
      <Quantity>0.00</Quantity>
      <UnitOfMeasure>Unknown </UnitOfMeasure>
      <bIsWeighted>0</bIsWeighted>
      <QtyInPackage>1</QtyInPackage>
      <ItemPrice>9.90</ItemPrice>
      <UnitOfMeasurePrice>0.0000</UnitOfMeasurePrice>
      <AllowDiscount>1</AllowDiscount>
      <ItemStatus>1</ItemStatus>
      <ItemId>267813</ItemId>
    </Item>
    <Item>
      <PriceUpdateDate>2016-04-10 17:40:52</PriceUpdateDate>
      <ItemCode>7290009000375</ItemCode>
      <ItemType>1</ItemType>
      <ItemName>רוזמרין</ItemName>
      <ManufacturerName>,</ManufacturerName>
      <ManufactureCountry>לא ידוע</ManufactureCountry>
      <ManufacturerItemDescription>רוזמרין</ManufacturerItemDescription>
      <UnitQty>Unknown </UnitQty>
      <Quantity>0.00</Quantity>
      <UnitOfMeasure>Unknown </UnitOfMeasure>
      <bIsWeighted>0</bIsWeighted>
      <QtyInPackage>1</QtyInPackage>
      <ItemPrice>9.90</ItemPrice>
      <UnitOfMeasurePrice>0.0000</UnitOfMeasurePrice>
      <AllowDiscount>1</AllowDiscount>
      <ItemStatus>1</ItemStatus>
      <ItemId>267814</ItemId>
    </Item>
    <Item>
      <PriceUpdateDate>2016-04-10 17:40:52</PriceUpdateDate>
      <ItemCode>7290009000412</ItemCode>
      <ItemType>1</ItemType>
      <ItemName>בזיליקום</ItemName>
      <ManufacturerName>,</ManufacturerName>
      <ManufactureCountry>לא ידוע</ManufactureCountry>
      <ManufacturerItemDescription>בזיליקום</ManufacturerItemDescription>
      <UnitQty>Unknown </UnitQty>
      <Quantity>0.00</Quantity>
      <UnitOfMeasure>Unknown </UnitOfMeasure>
      <bIsWeighted>0</bIsWeighted>
      <QtyInPackage>1</QtyInPackage>
      <ItemPrice>9.90</ItemPrice>
      <UnitOfMeasurePrice>0.0000</UnitOfMeasurePrice>
      <AllowDiscount>1</AllowDiscount>
      <ItemStatus>1</ItemStatus>
      <ItemId>267816</ItemId>
    </Item>
    <Item>
      <PriceUpdateDate>2016-04-10 17:40:52</PriceUpdateDate>
      <ItemCode>7290009000429</ItemCode>
      <ItemType>1</ItemType>
      <ItemName>בייבי תרד</ItemName>
      <ManufacturerName>,</ManufacturerName>
      <ManufactureCountry>לא ידוע</ManufactureCountry>
      <ManufacturerItemDescription>בייבי תרד</ManufacturerItemDescription>
      <UnitQty>Unknown </UnitQty>
      <Quantity>0.00</Quantity>
      <UnitOfMeasure>Unknown </UnitOfMeasure>
      <bIsWeighted>0</bIsWeighted>
      <QtyInPackage>1</QtyInPackage>
      <ItemPrice>8.90</ItemPrice>
      <UnitOfMeasurePrice>0.0000</UnitOfMeasurePrice>
      <AllowDiscount>1</AllowDiscount>
      <ItemStatus>1</ItemStatus>
      <ItemId>267817</ItemId>
    </Item>
    <Item>
      <PriceUpdateDate>2016-04-10 17:40:53</PriceUpdateDate>
      <ItemCode>7290009000436</ItemCode>
      <ItemType>1</ItemType>
      <ItemName>עלי בייבי</ItemName>
      <ManufacturerName>,</ManufacturerName>
      <ManufactureCountry>לא ידוע</ManufactureCountry>
      <ManufacturerItemDescription>עלי בייבי</ManufacturerItemDescription>
      <UnitQty>Unknown </UnitQty>
      <Quantity>0.00</Quantity>
      <UnitOfMeasure>Unknown </UnitOfMeasure>
      <bIsWeighted>0</bIsWeighted>
      <QtyInPackage>1</QtyInPackage>
      <ItemPrice>6.60</ItemPrice>
      <UnitOfMeasurePrice>0.0000</UnitOfMeasurePrice>
      <AllowDiscount>1</AllowDiscount>
      <ItemStatus>1</ItemStatus>
      <ItemId>267818</ItemId>
    </Item>
    <Item>
      <PriceUpdateDate>2016-04-10 17:40:53</PriceUpdateDate>
      <ItemCode>7290009000443</ItemCode>
      <ItemType>1</ItemType>
      <ItemName>עלי חסה</ItemName>
      <ManufacturerName>,</ManufacturerName>
      <ManufactureCountry>לא ידוע</ManufactureCountry>
      <ManufacturerItemDescription>עלי חסה</ManufacturerItemDescription>
      <UnitQty>Unknown </UnitQty>
      <Quantity>0.00</Quantity>
      <UnitOfMeasure>Unknown </UnitOfMeasure>
      <bIsWeighted>0</bIsWeighted>
      <QtyInPackage>1</QtyInPackage>
      <ItemPrice>5.90</ItemPrice>
      <UnitOfMeasurePrice>0.0000</UnitOfMeasurePrice>
      <AllowDiscount>1</AllowDiscount>
      <ItemStatus>1</ItemStatus>
      <ItemId>267819</ItemId>
    </Item>
    <Item>
      <PriceUpdateDate>2016-04-10 17:40:53</PriceUpdateDate>
      <ItemCode>7290009000450</ItemCode>
      <ItemType>1</ItemType>
      <ItemName>לבבות חסה</ItemName>
      <ManufacturerName>,</ManufacturerName>
      <ManufactureCountry>לא ידוע</ManufactureCountry>
      <ManufacturerItemDescription>לבבות חסה</ManufacturerItemDescription>
      <UnitQty>Unknown </UnitQty>
      <Quantity>0.00</Quantity>
      <UnitOfMeasure>Unknown </UnitOfMeasure>
      <bIsWeighted>0</bIsWeighted>
      <QtyInPackage>1</QtyInPackage>
      <ItemPrice>9.90</ItemPrice>
      <UnitOfMeasurePrice>0.0000</UnitOfMeasurePrice>
      <AllowDiscount>1</AllowDiscount>
      <ItemStatus>1</ItemStatus>
      <ItemId>267820</ItemId>
    </Item>
    <Item>
      <PriceUpdateDate>2016-04-10 17:40:53</PriceUpdateDate>
      <ItemCode>7290107640459</ItemCode>
      <ItemType>0</ItemType>
      <ItemName>דליקשיו 400 גרם בד"צ</ItemName>
      <ManufacturerName>יוניליוור</ManufacturerName>
      <ManufactureCountry>לא ידוע</ManufactureCountry>
      <ManufacturerItemDescription>דליקשיו 400 גרם בד"צ</ManufacturerItemDescription>
      <UnitQty>גרמים</UnitQty>
      <Quantity>400.00</Quantity>
      <UnitOfMeasure>100 גרם</UnitOfMeasure>
      <bIsWeighted>0</bIsWeighted>
      <QtyInPackage>1</QtyInPackage>
      <ItemPrice>22.90</ItemPrice>
      <UnitOfMeasurePrice>5.7250</UnitOfMeasurePrice>
      <AllowDiscount>1</AllowDiscount>
      <ItemStatus>1</ItemStatus>
      <ItemId>267826</ItemId>
    </Item>
    <Item>
      <PriceUpdateDate>2016-04-12 17:41:06</PriceUpdateDate>
      <ItemCode>7290000212845</ItemCode>
      <ItemType>1</ItemType>
      <ItemName>מארז 1/5 ופל 200 ג</ItemName>
      <ManufacturerName>מנעמים תעשיות מזון</ManufacturerName>
      <ManufactureCountry>ישראל</ManufactureCountry>
      <ManufacturerItemDescription>מארז 1/5 ופל 200 ג</ManufacturerItemDescription>
      <UnitQty>קילוגרמים</UnitQty>
      <Quantity>1.00</Quantity>
      <UnitOfMeasure>ק"ג     </UnitOfMeasure>
      <bIsWeighted>0</bIsWeighted>
      <QtyInPackage>1</QtyInPackage>
      <ItemPrice>9.90</ItemPrice>
      <UnitOfMeasurePrice>9.9000</UnitOfMeasurePrice>
      <AllowDiscount>1</AllowDiscount>
      <ItemStatus>1</ItemStatus>
      <ItemId>267883</ItemId>
    </Item>
    <Item>
      <PriceUpdateDate>2016-04-13 11:01:03</PriceUpdateDate>
      <ItemCode>7290104857188</ItemCode>
      <ItemType>1</ItemType>
      <ItemName>צלחות קטנות שקוף 75</ItemName>
      <ManufacturerName>,</ManufacturerName>
      <ManufactureCountry>לא ידוע</ManufactureCountry>
      <ManufacturerItemDescription>צלחות מרק שקוף 75 יח למיקרוגל</ManufacturerItemDescription>
      <UnitQty>Unknown </UnitQty>
      <Quantity>0.00</Quantity>
      <UnitOfMeasure>Unknown </UnitOfMeasure>
      <bIsWeighted>0</bIsWeighted>
      <QtyInPackage>1</QtyInPackage>
      <ItemPrice>13.90</ItemPrice>
      <UnitOfMeasurePrice>0.0000</UnitOfMeasurePrice>
      <AllowDiscount>1</AllowDiscount>
      <ItemStatus>1</ItemStatus>
      <ItemId>267893</ItemId>
    </Item>
    <Item>
      <PriceUpdateDate>2016-04-13 11:01:03</PriceUpdateDate>
      <ItemCode>7290104857195</ItemCode>
      <ItemType>1</ItemType>
      <ItemName>צלחות גדולות שקוף 75</ItemName>
      <ManufacturerName>,</ManufacturerName>
      <ManufactureCountry>לא ידוע</ManufactureCountry>
      <ManufacturerItemDescription>צלחות גדולות שקוף 75 יח למיקרוגל</ManufacturerItemDescription>
      <UnitQty>Unknown </UnitQty>
      <Quantity>0.00</Quantity>
      <UnitOfMeasure>Unknown </UnitOfMeasure>
      <bIsWeighted>0</bIsWeighted>
      <QtyInPackage>1</QtyInPackage>
      <ItemPrice>18.90</ItemPrice>
      <UnitOfMeasurePrice>0.0000</UnitOfMeasurePrice>
      <AllowDiscount>1</AllowDiscount>
      <ItemStatus>1</ItemStatus>
      <ItemId>267894</ItemId>
    </Item>
    <Item>
      <PriceUpdateDate>2016-04-13 11:01:03</PriceUpdateDate>
      <ItemCode>7290104857201</ItemCode>
      <ItemType>1</ItemType>
      <ItemName>צלחות מרק שקוף 75 יח</ItemName>
      <ManufacturerName>,</ManufacturerName>
      <ManufactureCountry>לא ידוע</ManufactureCountry>
      <ManufacturerItemDescription>צלחות מרק שקוף 75 יח למיקרוגל</ManufacturerItemDescription>
      <UnitQty>Unknown </UnitQty>
      <Quantity>0.00</Quantity>
      <UnitOfMeasure>Unknown </UnitOfMeasure>
      <bIsWeighted>0</bIsWeighted>
      <QtyInPackage>1</QtyInPackage>
      <ItemPrice>13.90</ItemPrice>
      <UnitOfMeasurePrice>0.0000</UnitOfMeasurePrice>
      <AllowDiscount>1</AllowDiscount>
      <ItemStatus>1</ItemStatus>
      <ItemId>267895</ItemId>
    </Item>
    <Item>
      <PriceUpdateDate>2016-04-17 10:11:13</PriceUpdateDate>
      <ItemCode>4009078171465</ItemCode>
      <ItemType>1</ItemType>
      <ItemName>נרות חימום 8 שעות 12</ItemName>
      <ManufacturerName>,</ManufacturerName>
      <ManufactureCountry>לא ידוע</ManufactureCountry>
      <ManufacturerItemDescription>נרות חימום 8 שעות 12 יחידות</ManufacturerItemDescription>
      <UnitQty>Unknown </UnitQty>
      <Quantity>0.00</Quantity>
      <UnitOfMeasure>Unknown </UnitOfMeasure>
      <bIsWeighted>0</bIsWeighted>
      <QtyInPackage>1</QtyInPackage>
      <ItemPrice>8.90</ItemPrice>
      <UnitOfMeasurePrice>0.0000</UnitOfMeasurePrice>
      <AllowDiscount>1</AllowDiscount>
      <ItemStatus>1</ItemStatus>
      <ItemId>267944</ItemId>
    </Item>
    <Item>
      <PriceUpdateDate>2016-04-18 18:06:13</PriceUpdateDate>
      <ItemCode>7290013585714</ItemCode>
      <ItemType>0</ItemType>
      <ItemName>בירה הולסטן ב.חוזר 5</ItemName>
      <ManufacturerName>,</ManufacturerName>
      <ManufactureCountry>לא ידוע</ManufactureCountry>
      <ManufacturerItemDescription>בירה הולסטן ב.חוזר 500 מ"ל 3.8% אלכוהול</ManufacturerItemDescription>
      <UnitQty>מיליליטרים</UnitQty>
      <Quantity>500.00</Quantity>
      <UnitOfMeasure>100 מ"ל</UnitOfMeasure>
      <bIsWeighted>0</bIsWeighted>
      <QtyInPackage>1</QtyInPackage>
      <ItemPrice>3.90</ItemPrice>
      <UnitOfMeasurePrice>0.7800</UnitOfMeasurePrice>
      <AllowDiscount>1</AllowDiscount>
      <ItemStatus>1</ItemStatus>
      <ItemId>267950</ItemId>
    </Item>
    <Item>
      <PriceUpdateDate>2016-05-11 12:15:54</PriceUpdateDate>
      <ItemCode>7290108350654</ItemCode>
      <ItemType>1</ItemType>
      <ItemName>תרסיס להתרת קשרים כי</ItemName>
      <ManufacturerName>קוסמופארם</ManufacturerName>
      <ManufactureCountry>לא ידוע</ManufactureCountry>
      <ManufacturerItemDescription>תרסיס להתרת קשרים כיף פיות 350 מ"ל</ManufacturerItemDescription>
      <UnitQty>מיליליטרים</UnitQty>
      <Quantity>350.00</Quantity>
      <UnitOfMeasure>100 מ"ל</UnitOfMeasure>
      <bIsWeighted>0</bIsWeighted>
      <QtyInPackage>1</QtyInPackage>
      <ItemPrice>19.90</ItemPrice>
      <UnitOfMeasurePrice>5.6857</UnitOfMeasurePrice>
      <AllowDiscount>1</AllowDiscount>
      <ItemStatus>1</ItemStatus>
      <ItemId>268116</ItemId>
    </Item>
    <Item>
      <PriceUpdateDate>2016-05-11 12:15:54</PriceUpdateDate>
      <ItemCode>5000159029469</ItemCode>
      <ItemType>1</ItemType>
      <ItemName>סוכריות סקיטלס תפזור</ItemName>
      <ManufacturerName>ריגלי</ManufacturerName>
      <ManufactureCountry>צ'כיה</ManufactureCountry>
      <ManufacturerItemDescription>סוכריות סקיטלס תפזורת</ManufacturerItemDescription>
      <UnitQty>גרמים</UnitQty>
      <Quantity>198.00</Quantity>
      <UnitOfMeasure>100 גרם</UnitOfMeasure>
      <bIsWeighted>0</bIsWeighted>
      <QtyInPackage>1</QtyInPackage>
      <ItemPrice>9.90</ItemPrice>
      <UnitOfMeasurePrice>5.0000</UnitOfMeasurePrice>
      <AllowDiscount>1</AllowDiscount>
      <ItemStatus>1</ItemStatus>
      <ItemId>268117</ItemId>
    </Item>
    <Item>
      <PriceUpdateDate>2016-05-11 12:15:54</PriceUpdateDate>
      <ItemCode>4009900463201</ItemCode>
      <ItemType>0</ItemType>
      <ItemName>סוכריות סקיטלס פירות</ItemName>
      <ManufacturerName>ריגלי</ManufacturerName>
      <ManufactureCountry>לא ידוע</ManufactureCountry>
      <ManufacturerItemDescription>סוכריות סקיטלס פירות יער 174 גרם</ManufacturerItemDescription>
      <UnitQty>גרמים</UnitQty>
      <Quantity>174.00</Quantity>
      <UnitOfMeasure>100 גרם</UnitOfMeasure>
      <bIsWeighted>0</bIsWeighted>
      <QtyInPackage>1</QtyInPackage>
      <ItemPrice>7.90</ItemPrice>
      <UnitOfMeasurePrice>4.5402</UnitOfMeasurePrice>
      <AllowDiscount>1</AllowDiscount>
      <ItemStatus>1</ItemStatus>
      <ItemId>268118</ItemId>
    </Item>
    <Item>
      <PriceUpdateDate>2016-05-15 11:09:57</PriceUpdateDate>
      <ItemCode>7290107879521</ItemCode>
      <ItemType>1</ItemType>
      <ItemName>מאגדת לה פרוטה תות 5</ItemName>
      <ManufacturerName>גלידות נסטלה</ManufacturerName>
      <ManufactureCountry>ישראל</ManufactureCountry>
      <ManufacturerItemDescription>מאגדת לה פרוטה תות 5 יח</ManufacturerItemDescription>
      <UnitQty>גרמים</UnitQty>
      <Quantity>350.00</Quantity>
      <UnitOfMeasure>100 גרם</UnitOfMeasure>
      <bIsWeighted>0</bIsWeighted>
      <QtyInPackage>1</QtyInPackage>
      <ItemPrice>18.90</ItemPrice>
      <UnitOfMeasurePrice>5.4000</UnitOfMeasurePrice>
      <AllowDiscount>1</AllowDiscount>
      <ItemStatus>1</ItemStatus>
      <ItemId>268119</ItemId>
    </Item>
    <Item>
      <PriceUpdateDate>2016-05-15 11:09:58</PriceUpdateDate>
      <ItemCode>7290107879583</ItemCode>
      <ItemType>1</ItemType>
      <ItemName>מאגדת לה פרוטה בננה</ItemName>
      <ManufacturerName>גלידות נסטלה</ManufacturerName>
      <ManufactureCountry>ישראל</ManufactureCountry>
      <ManufacturerItemDescription>מאגדת לה פרוטה בננה תמר פקאן 5 יח</ManufacturerItemDescription>
      <UnitQty>גרמים</UnitQty>
      <Quantity>350.00</Quantity>
      <UnitOfMeasure>100 גרם</UnitOfMeasure>
      <bIsWeighted>0</bIsWeighted>
      <QtyInPackage>1</QtyInPackage>
      <ItemPrice>18.90</ItemPrice>
      <UnitOfMeasurePrice>5.4000</UnitOfMeasurePrice>
      <AllowDiscount>1</AllowDiscount>
      <ItemStatus>1</ItemStatus>
      <ItemId>268120</ItemId>
    </Item>
    <Item>
      <PriceUpdateDate>2016-05-15 11:09:58</PriceUpdateDate>
      <ItemCode>7290107879569</ItemCode>
      <ItemType>1</ItemType>
      <ItemName>מאגדת לה פרוטה מנגו</ItemName>
      <ManufacturerName>גלידות נסטלה</ManufacturerName>
      <ManufactureCountry>ישראל</ManufactureCountry>
      <ManufacturerItemDescription>מאגדת לה פרוטה מנגו 5 יח</ManufacturerItemDescription>
      <UnitQty>גרמים</UnitQty>
      <Quantity>350.00</Quantity>
      <UnitOfMeasure>100 גרם</UnitOfMeasure>
      <bIsWeighted>0</bIsWeighted>
      <QtyInPackage>1</QtyInPackage>
      <ItemPrice>18.90</ItemPrice>
      <UnitOfMeasurePrice>5.4000</UnitOfMeasurePrice>
      <AllowDiscount>1</AllowDiscount>
      <ItemStatus>1</ItemStatus>
      <ItemId>268121</ItemId>
    </Item>
    <Item>
      <PriceUpdateDate>2016-05-11 12:15:54</PriceUpdateDate>
      <ItemCode>7290107878500</ItemCode>
      <ItemType>0</ItemType>
      <ItemName>מאגדת גויה שוקולד 4</ItemName>
      <ManufacturerName>גלידות נסטלה</ManufacturerName>
      <ManufactureCountry>ישראל</ManufactureCountry>
      <ManufacturerItemDescription>מאגדת גויה שוקולד 4 יח</ManufacturerItemDescription>
      <UnitQty>גרמים</UnitQty>
      <Quantity>224.00</Quantity>
      <UnitOfMeasure>100 גרם</UnitOfMeasure>
      <bIsWeighted>0</bIsWeighted>
      <QtyInPackage>1</QtyInPackage>
      <ItemPrice>18.90</ItemPrice>
      <UnitOfMeasurePrice>8.4375</UnitOfMeasurePrice>
      <AllowDiscount>1</AllowDiscount>
      <ItemStatus>1</ItemStatus>
      <ItemId>268122</ItemId>
    </Item>
    <Item>
      <PriceUpdateDate>2016-05-11 12:15:54</PriceUpdateDate>
      <ItemCode>7290013586117</ItemCode>
      <ItemType>1</ItemType>
      <ItemName>מארז 6 פחיות ספרייט</ItemName>
      <ManufacturerName>קוקה קולה</ManufacturerName>
      <ManufactureCountry>ישראל</ManufactureCountry>
      <ManufacturerItemDescription>מארז ספרייט 6 פחיות * 330 מ"ל</ManufacturerItemDescription>
      <UnitQty>ליטרים</UnitQty>
      <Quantity>1.98</Quantity>
      <UnitOfMeasure>ליטר    </UnitOfMeasure>
      <bIsWeighted>0</bIsWeighted>
      <QtyInPackage>1</QtyInPackage>
      <ItemPrice>17.90</ItemPrice>
      <UnitOfMeasurePrice>9.0404</UnitOfMeasurePrice>
      <AllowDiscount>1</AllowDiscount>
      <ItemStatus>1</ItemStatus>
      <ItemId>268123</ItemId>
    </Item>
    <Item>
      <PriceUpdateDate>2016-05-11 12:15:54</PriceUpdateDate>
      <ItemCode>7290011018917</ItemCode>
      <ItemType>1</ItemType>
      <ItemName>מארז 6 פחיות פרידג פ</ItemName>
      <ManufacturerName>קוקה קולה</ManufacturerName>
      <ManufactureCountry>ישראל</ManufactureCountry>
      <ManufacturerItemDescription>מארז 6 פחיות פרידג פאק קוקה קולה זירו</ManufacturerItemDescription>
      <UnitQty>ליטרים</UnitQty>
      <Quantity>1.98</Quantity>
      <UnitOfMeasure>ליטר    </UnitOfMeasure>
      <bIsWeighted>0</bIsWeighted>
      <QtyInPackage>1</QtyInPackage>
      <ItemPrice>17.90</ItemPrice>
      <UnitOfMeasurePrice>9.0404</UnitOfMeasurePrice>
      <AllowDiscount>1</AllowDiscount>
      <ItemStatus>1</ItemStatus>
      <ItemId>268125</ItemId>
    </Item>
    <Item>
      <PriceUpdateDate>2016-05-11 12:40:44</PriceUpdateDate>
      <ItemCode>7290011018832</ItemCode>
      <ItemType>1</ItemType>
      <ItemName>מארז 6 פחיות קוקה קו</ItemName>
      <ManufacturerName>קוקה קולה</ManufacturerName>
      <ManufactureCountry>ישראל</ManufactureCountry>
      <ManufacturerItemDescription>מארז 6 פחיות פרידג פאק קוקה קולה</ManufacturerItemDescription>
      <UnitQty>ליטרים</UnitQty>
      <Quantity>1.98</Quantity>
      <UnitOfMeasure>ליטר    </UnitOfMeasure>
      <bIsWeighted>0</bIsWeighted>
      <QtyInPackage>1</QtyInPackage>
      <ItemPrice>17.90</ItemPrice>
      <UnitOfMeasurePrice>9.0404</UnitOfMeasurePrice>
      <AllowDiscount>1</AllowDiscount>
      <ItemStatus>1</ItemStatus>
      <ItemId>268126</ItemId>
    </Item>
    <Item>
      <PriceUpdateDate>2016-05-11 12:40:44</PriceUpdateDate>
      <ItemCode>7290013585967</ItemCode>
      <ItemType>1</ItemType>
      <ItemName>מארז 6 פחיות ספרייט</ItemName>
      <ManufacturerName>קוקה קולה</ManufacturerName>
      <ManufactureCountry>ישראל</ManufactureCountry>
      <ManufacturerItemDescription>מארז 6 פחיות פרידג פאק ספרייט זירו .</ManufacturerItemDescription>
      <UnitQty>ליטרים</UnitQty>
      <Quantity>1.98</Quantity>
      <UnitOfMeasure>ליטר    </UnitOfMeasure>
      <bIsWeighted>0</bIsWeighted>
      <QtyInPackage>1</QtyInPackage>
      <ItemPrice>17.90</ItemPrice>
      <UnitOfMeasurePrice>9.0404</UnitOfMeasurePrice>
      <AllowDiscount>1</AllowDiscount>
      <ItemStatus>1</ItemStatus>
      <ItemId>268127</ItemId>
    </Item>
    <Item>
      <PriceUpdateDate>2016-05-11 13:05:34</PriceUpdateDate>
      <ItemCode>80949411</ItemCode>
      <ItemType>1</ItemType>
      <ItemName>מסטיק מנטוס במילוי מ</ItemName>
      <ManufacturerName>פרפטי ואן מלה ברדה</ManufacturerName>
      <ManufactureCountry>תורכיה</ManufactureCountry>
      <ManufacturerItemDescription>מסטיק מנטוס מנטה בבקבוק 60 גרם</ManufacturerItemDescription>
      <UnitQty>גרמים</UnitQty>
      <Quantity>60.00</Quantity>
      <UnitOfMeasure>100 גרם</UnitOfMeasure>
      <bIsWeighted>0</bIsWeighted>
      <QtyInPackage>1</QtyInPackage>
      <ItemPrice>9.90</ItemPrice>
      <UnitOfMeasurePrice>16.5000</UnitOfMeasurePrice>
      <AllowDiscount>1</AllowDiscount>
      <ItemStatus>1</ItemStatus>
      <ItemId>268132</ItemId>
    </Item>
    <Item>
      <PriceUpdateDate>2016-05-11 13:05:34</PriceUpdateDate>
      <ItemCode>80927679</ItemCode>
      <ItemType>1</ItemType>
      <ItemName>מסטיק מנטוס במילוי מ</ItemName>
      <ManufacturerName>פרפטי ואן מלה ברדה</ManufacturerName>
      <ManufactureCountry>תורכיה</ManufactureCountry>
      <ManufacturerItemDescription>מסטיק מנטוס מנטה בבקבוק 60 גרם</ManufacturerItemDescription>
      <UnitQty>גרמים</UnitQty>
      <Quantity>60.00</Quantity>
      <UnitOfMeasure>100 גרם</UnitOfMeasure>
      <bIsWeighted>0</bIsWeighted>
      <QtyInPackage>1</QtyInPackage>
      <ItemPrice>9.90</ItemPrice>
      <UnitOfMeasurePrice>16.5000</UnitOfMeasurePrice>
      <AllowDiscount>1</AllowDiscount>
      <ItemStatus>1</ItemStatus>
      <ItemId>268133</ItemId>
    </Item>
    <Item>
      <PriceUpdateDate>2016-05-11 13:05:34</PriceUpdateDate>
      <ItemCode>80949466</ItemCode>
      <ItemType>1</ItemType>
      <ItemName>מסטיק מנטוס במילוי פ</ItemName>
      <ManufacturerName>פרפטי ואן מלה ברדה</ManufacturerName>
      <ManufactureCountry>תורכיה</ManufactureCountry>
      <ManufacturerItemDescription>מסטיק מנטוס פירות בבקבוק 60 גרם</ManufacturerItemDescription>
      <UnitQty>גרמים</UnitQty>
      <Quantity>60.00</Quantity>
      <UnitOfMeasure>100 גרם</UnitOfMeasure>
      <bIsWeighted>0</bIsWeighted>
      <QtyInPackage>1</QtyInPackage>
      <ItemPrice>9.90</ItemPrice>
      <UnitOfMeasurePrice>16.5000</UnitOfMeasurePrice>
      <AllowDiscount>1</AllowDiscount>
      <ItemStatus>1</ItemStatus>
      <ItemId>268134</ItemId>
    </Item>
    <Item>
      <PriceUpdateDate>2016-05-11 13:05:34</PriceUpdateDate>
      <ItemCode>80859741</ItemCode>
      <ItemType>1</ItemType>
      <ItemName>מסטיק מנטוס פירות אד</ItemName>
      <ManufacturerName>פרפטי ואן מלה ברדה</ManufacturerName>
      <ManufactureCountry>תורכיה</ManufactureCountry>
      <ManufacturerItemDescription>מסטיק מנטוס פירות אדומים בבקבוק 60 גרם</ManufacturerItemDescription>
      <UnitQty>גרמים</UnitQty>
      <Quantity>60.00</Quantity>
      <UnitOfMeasure>100 גרם</UnitOfMeasure>
      <bIsWeighted>0</bIsWeighted>
      <QtyInPackage>1</QtyInPackage>
      <ItemPrice>9.90</ItemPrice>
      <UnitOfMeasurePrice>16.5000</UnitOfMeasurePrice>
      <AllowDiscount>1</AllowDiscount>
      <ItemStatus>1</ItemStatus>
      <ItemId>268135</ItemId>
    </Item>
    <Item>
      <PriceUpdateDate>2016-05-15 09:46:10</PriceUpdateDate>
      <ItemCode>7290015652612</ItemCode>
      <ItemType>1</ItemType>
      <ItemName>קורנפלקס 750 גרם</ItemName>
      <ManufacturerName>,</ManufacturerName>
      <ManufactureCountry>לא ידוע</ManufactureCountry>
      <ManufacturerItemDescription>קורנפלקס 750 גרם</ManufacturerItemDescription>
      <UnitQty>גרמים</UnitQty>
      <Quantity>750.00</Quantity>
      <UnitOfMeasure>100 גרם</UnitOfMeasure>
      <bIsWeighted>0</bIsWeighted>
      <QtyInPackage>1</QtyInPackage>
      <ItemPrice>9.90</ItemPrice>
      <UnitOfMeasurePrice>1.3200</UnitOfMeasurePrice>
      <AllowDiscount>1</AllowDiscount>
      <ItemStatus>1</ItemStatus>
      <ItemId>268136</ItemId>
    </Item>
    <Item>
      <PriceUpdateDate>2016-05-15 09:46:10</PriceUpdateDate>
      <ItemCode>7290002157977</ItemCode>
      <ItemType>1</ItemType>
      <ItemName>חמאה עלמה 200 גרם</ItemName>
      <ManufacturerName>עלמה</ManufacturerName>
      <ManufactureCountry>פולין</ManufactureCountry>
      <ManufacturerItemDescription>חמאה עלמה 200 גרם</ManufacturerItemDescription>
      <UnitQty>גרמים</UnitQty>
      <Quantity>200.00</Quantity>
      <UnitOfMeasure>100 גרם</UnitOfMeasure>
      <bIsWeighted>0</bIsWeighted>
      <QtyInPackage>1</QtyInPackage>
      <ItemPrice>6.90</ItemPrice>
      <UnitOfMeasurePrice>3.4500</UnitOfMeasurePrice>
      <AllowDiscount>1</AllowDiscount>
      <ItemStatus>1</ItemStatus>
      <ItemId>268140</ItemId>
    </Item>
    <Item>
      <PriceUpdateDate>2016-05-15 09:46:11</PriceUpdateDate>
      <ItemCode>7290108500813</ItemCode>
      <ItemType>1</ItemType>
      <ItemName>מארז עוגיות בטעם חמא</ItemName>
      <ManufacturerName>,</ManufacturerName>
      <ManufactureCountry>לא ידוע</ManufactureCountry>
      <ManufacturerItemDescription>מארז עוגיות בטעם חמאה 1.8 ק"ג</ManufacturerItemDescription>
      <UnitQty>קילוגרמים</UnitQty>
      <Quantity>1.80</Quantity>
      <UnitOfMeasure>ק"ג     </UnitOfMeasure>
      <bIsWeighted>0</bIsWeighted>
      <QtyInPackage>1</QtyInPackage>
      <ItemPrice>39.90</ItemPrice>
      <UnitOfMeasurePrice>22.1667</UnitOfMeasurePrice>
      <AllowDiscount>1</AllowDiscount>
      <ItemStatus>1</ItemStatus>
      <ItemId>268141</ItemId>
    </Item>
    <Item>
      <PriceUpdateDate>2016-05-15 10:35:57</PriceUpdateDate>
      <ItemCode>7290106520363</ItemCode>
      <ItemType>0</ItemType>
      <ItemName>דנונה לשתיה תות ואננ</ItemName>
      <ManufacturerName>שטראוס ישראל</ManufacturerName>
      <ManufactureCountry>לא ידוע</ManufactureCountry>
      <ManufacturerItemDescription>דנונה לשתיה תות ואננס 267 מ"ל</ManufacturerItemDescription>
      <UnitQty>Unknown </UnitQty>
      <Quantity>0.00</Quantity>
      <UnitOfMeasure>Unknown </UnitOfMeasure>
      <bIsWeighted>0</bIsWeighted>
      <QtyInPackage>1</QtyInPackage>
      <ItemPrice>4.50</ItemPrice>
      <UnitOfMeasurePrice>0.0000</UnitOfMeasurePrice>
      <AllowDiscount>1</AllowDiscount>
      <ItemStatus>1</ItemStatus>
      <ItemId>268143</ItemId>
    </Item>
    <Item>
      <PriceUpdateDate>2016-05-15 11:01:37</PriceUpdateDate>
      <ItemCode>7290107936460</ItemCode>
      <ItemType>0</ItemType>
      <ItemName>מארז 1/8 דנכול בטעם</ItemName>
      <ManufacturerName>שטראוס</ManufacturerName>
      <ManufactureCountry>ישראל</ManufactureCountry>
      <ManufacturerItemDescription>מארז דנכול מעודן 800 גרם</ManufacturerItemDescription>
      <UnitQty>מיליליטרים</UnitQty>
      <Quantity>800.00</Quantity>
      <UnitOfMeasure>100 מ"ל</UnitOfMeasure>
      <bIsWeighted>0</bIsWeighted>
      <QtyInPackage>1</QtyInPackage>
      <ItemPrice>19.90</ItemPrice>
      <UnitOfMeasurePrice>2.4875</UnitOfMeasurePrice>
      <AllowDiscount>1</AllowDiscount>
      <ItemStatus>1</ItemStatus>
      <ItemId>268149</ItemId>
    </Item>
    <Item>
      <PriceUpdateDate>2016-05-15 11:01:37</PriceUpdateDate>
      <ItemCode>7290107936293</ItemCode>
      <ItemType>0</ItemType>
      <ItemName>מארז דנונה וניל 8 יח</ItemName>
      <ManufacturerName>שטראוס</ManufacturerName>
      <ManufactureCountry>ישראל</ManufactureCountry>
      <ManufacturerItemDescription>מארז דנונה וניל 8 יח 3%</ManufacturerItemDescription>
      <UnitQty>ליטרים</UnitQty>
      <Quantity>1.20</Quantity>
      <UnitOfMeasure>ליטר    </UnitOfMeasure>
      <bIsWeighted>0</bIsWeighted>
      <QtyInPackage>1</QtyInPackage>
      <ItemPrice>19.90</ItemPrice>
      <UnitOfMeasurePrice>16.5833</UnitOfMeasurePrice>
      <AllowDiscount>1</AllowDiscount>
      <ItemStatus>1</ItemStatus>
      <ItemId>268151</ItemId>
    </Item>
    <Item>
      <PriceUpdateDate>2016-05-15 11:01:37</PriceUpdateDate>
      <ItemCode>7290106726796</ItemCode>
      <ItemType>0</ItemType>
      <ItemName>דנונה בר עדשים</ItemName>
      <ManufacturerName>שטראוס</ManufacturerName>
      <ManufactureCountry>לא ידוע</ManufactureCountry>
      <ManufacturerItemDescription>דנונה בר עדשים 180 גרם</ManufacturerItemDescription>
      <UnitQty>Unknown </UnitQty>
      <Quantity>0.00</Quantity>
      <UnitOfMeasure>Unknown </UnitOfMeasure>
      <bIsWeighted>0</bIsWeighted>
      <QtyInPackage>1</QtyInPackage>
      <ItemPrice>4.30</ItemPrice>
      <UnitOfMeasurePrice>0.0000</UnitOfMeasurePrice>
      <AllowDiscount>1</AllowDiscount>
      <ItemStatus>1</ItemStatus>
      <ItemId>268152</ItemId>
    </Item>
    <Item>
      <PriceUpdateDate>2016-05-15 11:01:37</PriceUpdateDate>
      <ItemCode>7290107936262</ItemCode>
      <ItemType>0</ItemType>
      <ItemName>דנונה בר בננה עם פצפ</ItemName>
      <ManufacturerName>שטראוס</ManufacturerName>
      <ManufactureCountry>לא ידוע</ManufactureCountry>
      <ManufacturerItemDescription>דנונה בר בננה עם פצפוצים 180 גרם</ManufacturerItemDescription>
      <UnitQty>Unknown </UnitQty>
      <Quantity>0.00</Quantity>
      <UnitOfMeasure>Unknown </UnitOfMeasure>
      <bIsWeighted>0</bIsWeighted>
      <QtyInPackage>1</QtyInPackage>
      <ItemPrice>4.30</ItemPrice>
      <UnitOfMeasurePrice>0.0000</UnitOfMeasurePrice>
      <AllowDiscount>1</AllowDiscount>
      <ItemStatus>1</ItemStatus>
      <ItemId>268153</ItemId>
    </Item>
    <Item>
      <PriceUpdateDate>2016-05-15 11:01:37</PriceUpdateDate>
      <ItemCode>7290106661875</ItemCode>
      <ItemType>0</ItemType>
      <ItemName>גבינה סקי פאי לימון</ItemName>
      <ManufacturerName>שטראוס</ManufacturerName>
      <ManufactureCountry>לא ידוע</ManufactureCountry>
      <ManufacturerItemDescription>גבינה סקי פאי לימון 3% 125 גרם</ManufacturerItemDescription>
      <UnitQty>גרמים</UnitQty>
      <Quantity>125.00</Quantity>
      <UnitOfMeasure>100 גרם</UnitOfMeasure>
      <bIsWeighted>0</bIsWeighted>
      <QtyInPackage>1</QtyInPackage>
      <ItemPrice>3.70</ItemPrice>
      <UnitOfMeasurePrice>2.9600</UnitOfMeasurePrice>
      <AllowDiscount>1</AllowDiscount>
      <ItemStatus>1</ItemStatus>
      <ItemId>268154</ItemId>
    </Item>
    <Item>
      <PriceUpdateDate>2016-05-15 11:01:37</PriceUpdateDate>
      <ItemCode>7290106728288</ItemCode>
      <ItemType>0</ItemType>
      <ItemName>גבינה סקי עוגת גבינה</ItemName>
      <ManufacturerName>שטראוס</ManufacturerName>
      <ManufactureCountry>לא ידוע</ManufactureCountry>
      <ManufacturerItemDescription>גבינה סקי עוגת גבינה ותות 3% 125 גרם</ManufacturerItemDescription>
      <UnitQty>גרמים</UnitQty>
      <Quantity>125.00</Quantity>
      <UnitOfMeasure>100 גרם</UnitOfMeasure>
      <bIsWeighted>0</bIsWeighted>
      <QtyInPackage>1</QtyInPackage>
      <ItemPrice>3.70</ItemPrice>
      <UnitOfMeasurePrice>2.9600</UnitOfMeasurePrice>
      <AllowDiscount>1</AllowDiscount>
      <ItemStatus>1</ItemStatus>
      <ItemId>268155</ItemId>
    </Item>
    <Item>
      <PriceUpdateDate>2016-05-15 11:01:37</PriceUpdateDate>
      <ItemCode>7290106728226</ItemCode>
      <ItemType>0</ItemType>
      <ItemName>דנונה דיאט בננה קרמל</ItemName>
      <ManufacturerName>שטראוס</ManufacturerName>
      <ManufactureCountry>לא ידוע</ManufactureCountry>
      <ManufacturerItemDescription>דנונה דיאט בננה קרמל 150 מ"ל</ManufacturerItemDescription>
      <UnitQty>Unknown </UnitQty>
      <Quantity>0.00</Quantity>
      <UnitOfMeasure>Unknown </UnitOfMeasure>
      <bIsWeighted>0</bIsWeighted>
      <QtyInPackage>1</QtyInPackage>
      <ItemPrice>4.50</ItemPrice>
      <UnitOfMeasurePrice>0.0000</UnitOfMeasurePrice>
      <AllowDiscount>1</AllowDiscount>
      <ItemStatus>1</ItemStatus>
      <ItemId>268156</ItemId>
    </Item>
    <Item>
      <PriceUpdateDate>2016-05-15 11:01:37</PriceUpdateDate>
      <ItemCode>7290107930116</ItemCode>
      <ItemType>0</ItemType>
      <ItemName>מעדן מילקי מוס</ItemName>
      <ManufacturerName>שטראוס</ManufacturerName>
      <ManufactureCountry>ישראל</ManufactureCountry>
      <ManufacturerItemDescription>מעדן מילקי מוס 81 מ"ל</ManufacturerItemDescription>
      <UnitQty>Unknown </UnitQty>
      <Quantity>0.00</Quantity>
      <UnitOfMeasure>Unknown </UnitOfMeasure>
      <bIsWeighted>0</bIsWeighted>
      <QtyInPackage>1</QtyInPackage>
      <ItemPrice>3.40</ItemPrice>
      <UnitOfMeasurePrice>0.0000</UnitOfMeasurePrice>
      <AllowDiscount>1</AllowDiscount>
      <ItemStatus>1</ItemStatus>
      <ItemId>268158</ItemId>
    </Item>
    <Item>
      <PriceUpdateDate>2016-05-15 11:01:37</PriceUpdateDate>
      <ItemCode>7290107933476</ItemCode>
      <ItemType>1</ItemType>
      <ItemName>קצפת צמחית במתיקות מ</ItemName>
      <ManufacturerName>שטראוס</ManufacturerName>
      <ManufactureCountry>ישראל</ManufactureCountry>
      <ManufacturerItemDescription>קצפת צמחית במתיקות מעודנת 250 מ"ל</ManufacturerItemDescription>
      <UnitQty>מיליליטרים</UnitQty>
      <Quantity>250.00</Quantity>
      <UnitOfMeasure>100 מ"ל</UnitOfMeasure>
      <bIsWeighted>0</bIsWeighted>
      <QtyInPackage>1</QtyInPackage>
      <ItemPrice>7.90</ItemPrice>
      <UnitOfMeasurePrice>3.1600</UnitOfMeasurePrice>
      <AllowDiscount>1</AllowDiscount>
      <ItemStatus>1</ItemStatus>
      <ItemId>268160</ItemId>
    </Item>
    <Item>
      <PriceUpdateDate>2016-05-15 11:25:51</PriceUpdateDate>
      <ItemCode>2253846</ItemCode>
      <ItemType>0</ItemType>
      <ItemName>שום כתוש דורות מארז</ItemName>
      <ManufacturerName>דורות</ManufacturerName>
      <ManufactureCountry>לא ידוע</ManufactureCountry>
      <ManufacturerItemDescription>שום כתוש דורות מארז חסכון 450 גרם</ManufacturerItemDescription>
      <UnitQty>גרמים</UnitQty>
      <Quantity>450.00</Quantity>
      <UnitOfMeasure>100 גרם</UnitOfMeasure>
      <bIsWeighted>0</bIsWeighted>
      <QtyInPackage>1</QtyInPackage>
      <ItemPrice>19.90</ItemPrice>
      <UnitOfMeasurePrice>4.4222</UnitOfMeasurePrice>
      <AllowDiscount>1</AllowDiscount>
      <ItemStatus>1</ItemStatus>
      <ItemId>268161</ItemId>
    </Item>
    <Item>
      <PriceUpdateDate>2016-05-15 13:06:01</PriceUpdateDate>
      <ItemCode>7290012439360</ItemCode>
      <ItemType>0</ItemType>
      <ItemName>קרקר משולש צילי חריף</ItemName>
      <ManufacturerName>,</ManufacturerName>
      <ManufactureCountry>לא ידוע</ManufactureCountry>
      <ManufacturerItemDescription>קרקר משולש צילי חריף אש 1.2 ק"ג בצנצנת</ManufacturerItemDescription>
      <UnitQty>קילוגרמים</UnitQty>
      <Quantity>1.20</Quantity>
      <UnitOfMeasure>ק"ג     </UnitOfMeasure>
      <bIsWeighted>0</bIsWeighted>
      <QtyInPackage>1</QtyInPackage>
      <ItemPrice>19.90</ItemPrice>
      <UnitOfMeasurePrice>16.5833</UnitOfMeasurePrice>
      <AllowDiscount>1</AllowDiscount>
      <ItemStatus>1</ItemStatus>
      <ItemId>268162</ItemId>
    </Item>
    <Item>
      <PriceUpdateDate>2016-05-15 13:06:01</PriceUpdateDate>
      <ItemCode>7290012439384</ItemCode>
      <ItemType>0</ItemType>
      <ItemName>קרקר דק אקסטרא מלוח</ItemName>
      <ManufacturerName>,</ManufacturerName>
      <ManufactureCountry>לא ידוע</ManufactureCountry>
      <ManufacturerItemDescription>קרקר דק אקסטרא מלוח 1.2 ק"ג בצנצנת</ManufacturerItemDescription>
      <UnitQty>קילוגרמים</UnitQty>
      <Quantity>1.20</Quantity>
      <UnitOfMeasure>ק"ג     </UnitOfMeasure>
      <bIsWeighted>0</bIsWeighted>
      <QtyInPackage>1</QtyInPackage>
      <ItemPrice>14.90</ItemPrice>
      <UnitOfMeasurePrice>12.4167</UnitOfMeasurePrice>
      <AllowDiscount>1</AllowDiscount>
      <ItemStatus>1</ItemStatus>
      <ItemId>268164</ItemId>
    </Item>
    <Item>
      <PriceUpdateDate>2016-05-15 13:06:01</PriceUpdateDate>
      <ItemCode>7290012439391</ItemCode>
      <ItemType>0</ItemType>
      <ItemName>קרקר דק אקסטרא שומשו</ItemName>
      <ManufacturerName>,</ManufacturerName>
      <ManufactureCountry>לא ידוע</ManufactureCountry>
      <ManufacturerItemDescription>קרקר דק אקסטרא שומשום 1.2 ק"ג בצנצנת</ManufacturerItemDescription>
      <UnitQty>קילוגרמים</UnitQty>
      <Quantity>1.20</Quantity>
      <UnitOfMeasure>ק"ג     </UnitOfMeasure>
      <bIsWeighted>0</bIsWeighted>
      <QtyInPackage>1</QtyInPackage>
      <ItemPrice>14.90</ItemPrice>
      <UnitOfMeasurePrice>12.4167</UnitOfMeasurePrice>
      <AllowDiscount>1</AllowDiscount>
      <ItemStatus>1</ItemStatus>
      <ItemId>268165</ItemId>
    </Item>
    <Item>
      <PriceUpdateDate>2016-05-15 13:06:01</PriceUpdateDate>
      <ItemCode>7290012439407</ItemCode>
      <ItemType>0</ItemType>
      <ItemName>קרם קרקר 1.2 ק"ג בצנ</ItemName>
      <ManufacturerName>,</ManufacturerName>
      <ManufactureCountry>לא ידוע</ManufactureCountry>
      <ManufacturerItemDescription>קרם קרקר 1.2 ק"ג בצנצנת אושר עד</ManufacturerItemDescription>
      <UnitQty>קילוגרמים</UnitQty>
      <Quantity>1.20</Quantity>
      <UnitOfMeasure>ק"ג     </UnitOfMeasure>
      <bIsWeighted>0</bIsWeighted>
      <QtyInPackage>1</QtyInPackage>
      <ItemPrice>14.90</ItemPrice>
      <UnitOfMeasurePrice>12.4167</UnitOfMeasurePrice>
      <AllowDiscount>1</AllowDiscount>
      <ItemStatus>1</ItemStatus>
      <ItemId>268166</ItemId>
    </Item>
    <Item>
      <PriceUpdateDate>2016-05-15 13:56:02</PriceUpdateDate>
      <ItemCode>7290107878739</ItemCode>
      <ItemType>0</ItemType>
      <ItemName>במבה במילוי חצי חצי</ItemName>
      <ManufacturerName>אסם</ManufacturerName>
      <ManufactureCountry>לא ידוע</ManufactureCountry>
      <ManufacturerItemDescription>במבה במילוי חצי חצי מוקה וניל 60 גרם</ManufacturerItemDescription>
      <UnitQty>Unknown </UnitQty>
      <Quantity>0.00</Quantity>
      <UnitOfMeasure>Unknown </UnitOfMeasure>
      <bIsWeighted>0</bIsWeighted>
      <QtyInPackage>1</QtyInPackage>
      <ItemPrice>4.50</ItemPrice>
      <UnitOfMeasurePrice>0.0000</UnitOfMeasurePrice>
      <AllowDiscount>1</AllowDiscount>
      <ItemStatus>1</ItemStatus>
      <ItemId>268175</ItemId>
    </Item>
    <Item>
      <PriceUpdateDate>2016-05-15 14:20:54</PriceUpdateDate>
      <ItemCode>7290109350530</ItemCode>
      <ItemType>0</ItemType>
      <ItemName>ביסלי אקסטרים בצל</ItemName>
      <ManufacturerName>אסם</ManufacturerName>
      <ManufactureCountry>ישראל</ManufactureCountry>
      <ManufacturerItemDescription>ביסלי אקסטרים בצל 66 גרם</ManufacturerItemDescription>
      <UnitQty>Unknown </UnitQty>
      <Quantity>0.00</Quantity>
      <UnitOfMeasure>Unknown </UnitOfMeasure>
      <bIsWeighted>0</bIsWeighted>
      <QtyInPackage>1</QtyInPackage>
      <ItemPrice>3.90</ItemPrice>
      <UnitOfMeasurePrice>0.0000</UnitOfMeasurePrice>
      <AllowDiscount>1</AllowDiscount>
      <ItemStatus>1</ItemStatus>
      <ItemId>268193</ItemId>
    </Item>
    <Item>
      <PriceUpdateDate>2016-06-10 08:13:20</PriceUpdateDate>
      <ItemCode>7290000453989</ItemCode>
      <ItemType>1</ItemType>
      <ItemName>קמח שמרים חיטה מלאה</ItemName>
      <ManufacturerName>פאקא תעשיות בעמ</ManufacturerName>
      <ManufactureCountry>ישראל</ManufactureCountry>
      <ManufacturerItemDescription>קמח שמרים חיטה מלאה 1 ק"ג</ManufacturerItemDescription>
      <UnitQty>קילוגרמים</UnitQty>
      <Quantity>1.00</Quantity>
      <UnitOfMeasure>ק"ג     </UnitOfMeasure>
      <bIsWeighted>0</bIsWeighted>
      <QtyInPackage>1</QtyInPackage>
      <ItemPrice>9.90</ItemPrice>
      <UnitOfMeasurePrice>9.9000</UnitOfMeasurePrice>
      <AllowDiscount>1</AllowDiscount>
      <ItemStatus>1</ItemStatus>
      <ItemId>268197</ItemId>
    </Item>
    <Item>
      <PriceUpdateDate>2016-06-10 08:13:20</PriceUpdateDate>
      <ItemCode>7290000453972</ItemCode>
      <ItemType>1</ItemType>
      <ItemName>קמח שמרים קראנצי 1 ק</ItemName>
      <ManufacturerName>פאקא תעשיות בעמ</ManufacturerName>
      <ManufactureCountry>ישראל</ManufactureCountry>
      <ManufacturerItemDescription>קמח שמרים קראנצי 1 ק"ג</ManufacturerItemDescription>
      <UnitQty>קילוגרמים</UnitQty>
      <Quantity>1.00</Quantity>
      <UnitOfMeasure>ק"ג     </UnitOfMeasure>
      <bIsWeighted>0</bIsWeighted>
      <QtyInPackage>1</QtyInPackage>
      <ItemPrice>9.90</ItemPrice>
      <UnitOfMeasurePrice>9.9000</UnitOfMeasurePrice>
      <AllowDiscount>1</AllowDiscount>
      <ItemStatus>1</ItemStatus>
      <ItemId>268198</ItemId>
    </Item>
    <Item>
      <PriceUpdateDate>2016-06-10 08:13:20</PriceUpdateDate>
      <ItemCode>7290000453996</ItemCode>
      <ItemType>1</ItemType>
      <ItemName>קמח שמרים לעוגות ומא</ItemName>
      <ManufacturerName>פאקא תעשיות בעמ</ManufacturerName>
      <ManufactureCountry>ישראל</ManufactureCountry>
      <ManufacturerItemDescription>קמח שמרים לעוגות ומאפים 1 ק"ג</ManufacturerItemDescription>
      <UnitQty>קילוגרמים</UnitQty>
      <Quantity>1.00</Quantity>
      <UnitOfMeasure>ק"ג     </UnitOfMeasure>
      <bIsWeighted>0</bIsWeighted>
      <QtyInPackage>1</QtyInPackage>
      <ItemPrice>9.90</ItemPrice>
      <UnitOfMeasurePrice>9.9000</UnitOfMeasurePrice>
      <AllowDiscount>1</AllowDiscount>
      <ItemStatus>1</ItemStatus>
      <ItemId>268199</ItemId>
    </Item>
    <Item>
      <PriceUpdateDate>2016-05-16 19:46:32</PriceUpdateDate>
      <ItemCode>7290016083255</ItemCode>
      <ItemType>1</ItemType>
      <ItemName>בצק עלים לה בקרי 1.5</ItemName>
      <ManufacturerName>,</ManufacturerName>
      <ManufactureCountry>לא ידוע</ManufactureCountry>
      <ManufacturerItemDescription>בצק עלים לה בקרי 1.5 ק"ג</ManufacturerItemDescription>
      <UnitQty>קילוגרמים</UnitQty>
      <Quantity>1.50</Quantity>
      <UnitOfMeasure>ק"ג     </UnitOfMeasure>
      <bIsWeighted>0</bIsWeighted>
      <QtyInPackage>1</QtyInPackage>
      <ItemPrice>13.90</ItemPrice>
      <UnitOfMeasurePrice>9.2667</UnitOfMeasurePrice>
      <AllowDiscount>1</AllowDiscount>
      <ItemStatus>1</ItemStatus>
      <ItemId>268210</ItemId>
    </Item>
    <Item>
      <PriceUpdateDate>2016-05-16 19:46:33</PriceUpdateDate>
      <ItemCode>7290016197167</ItemCode>
      <ItemType>1</ItemType>
      <ItemName>תבנית קרטון לפאי</ItemName>
      <ManufacturerName>,</ManufacturerName>
      <ManufactureCountry>סין</ManufactureCountry>
      <ManufacturerItemDescription>תבנית קרטון לפאי</ManufacturerItemDescription>
      <UnitQty>Unknown </UnitQty>
      <Quantity>0.00</Quantity>
      <UnitOfMeasure>Unknown </UnitOfMeasure>
      <bIsWeighted>0</bIsWeighted>
      <QtyInPackage>1</QtyInPackage>
      <ItemPrice>4.90</ItemPrice>
      <UnitOfMeasurePrice>0.0000</UnitOfMeasurePrice>
      <AllowDiscount>1</AllowDiscount>
      <ItemStatus>1</ItemStatus>
      <ItemId>268217</ItemId>
    </Item>
    <Item>
      <PriceUpdateDate>2016-05-16 19:46:33</PriceUpdateDate>
      <ItemCode>7290016197143</ItemCode>
      <ItemType>1</ItemType>
      <ItemName>תבנית קרטון אישית</ItemName>
      <ManufacturerName>,</ManufacturerName>
      <ManufactureCountry>סין</ManufactureCountry>
      <ManufacturerItemDescription>תבנית קרטון אישית</ManufacturerItemDescription>
      <UnitQty>Unknown </UnitQty>
      <Quantity>0.00</Quantity>
      <UnitOfMeasure>Unknown </UnitOfMeasure>
      <bIsWeighted>0</bIsWeighted>
      <QtyInPackage>1</QtyInPackage>
      <ItemPrice>4.90</ItemPrice>
      <UnitOfMeasurePrice>0.0000</UnitOfMeasurePrice>
      <AllowDiscount>1</AllowDiscount>
      <ItemStatus>1</ItemStatus>
      <ItemId>268218</ItemId>
    </Item>
    <Item>
      <PriceUpdateDate>2016-05-17 08:06:07</PriceUpdateDate>
      <ItemCode>5760466815338</ItemCode>
      <ItemType>1</ItemType>
      <ItemName>גבינת פטינה 500 גרם</ItemName>
      <ManufacturerName>ארלה</ManufacturerName>
      <ManufactureCountry>דנמרק</ManufactureCountry>
      <ManufacturerItemDescription>גבינת פטינה 500 גרם</ManufacturerItemDescription>
      <UnitQty>גרמים</UnitQty>
      <Quantity>500.00</Quantity>
      <UnitOfMeasure>100 גרם</UnitOfMeasure>
      <bIsWeighted>0</bIsWeighted>
      <QtyInPackage>1</QtyInPackage>
      <ItemPrice>9.90</ItemPrice>
      <UnitOfMeasurePrice>1.9800</UnitOfMeasurePrice>
      <AllowDiscount>1</AllowDiscount>
      <ItemStatus>1</ItemStatus>
      <ItemId>268219</ItemId>
    </Item>
    <Item>
      <PriceUpdateDate>2016-05-17 08:06:07</PriceUpdateDate>
      <ItemCode>7290108500844</ItemCode>
      <ItemType>1</ItemType>
      <ItemName>גבינה מגורדת אמה 700</ItemName>
      <ManufacturerName>איי בי</ManufacturerName>
      <ManufactureCountry>ישראל</ManufactureCountry>
      <ManufacturerItemDescription>גבינה מגורדת אמה 700 גרם</ManufacturerItemDescription>
      <UnitQty>גרמים</UnitQty>
      <Quantity>700.00</Quantity>
      <UnitOfMeasure>100 גרם</UnitOfMeasure>
      <bIsWeighted>0</bIsWeighted>
      <QtyInPackage>1</QtyInPackage>
      <ItemPrice>19.90</ItemPrice>
      <UnitOfMeasurePrice>2.8429</UnitOfMeasurePrice>
      <AllowDiscount>1</AllowDiscount>
      <ItemStatus>1</ItemStatus>
      <ItemId>268220</ItemId>
    </Item>
    <Item>
      <PriceUpdateDate>2016-05-18 14:20:58</PriceUpdateDate>
      <ItemCode>7290009000177</ItemCode>
      <ItemType>1</ItemType>
      <ItemName>מארז תפו"ע פינק לייד</ItemName>
      <ManufacturerName>,</ManufacturerName>
      <ManufactureCountry>לא ידוע</ManufactureCountry>
      <ManufacturerItemDescription>מארז תפו"ע פינק ליידי</ManufacturerItemDescription>
      <UnitQty>קילוגרמים</UnitQty>
      <Quantity>1.00</Quantity>
      <UnitOfMeasure>ק"ג</UnitOfMeasure>
      <bIsWeighted>1</bIsWeighted>
      <QtyInPackage>לא ידוע</QtyInPackage>
      <ItemPrice>13.90</ItemPrice>
      <UnitOfMeasurePrice>13.9000</UnitOfMeasurePrice>
      <AllowDiscount>1</AllowDiscount>
      <ItemStatus>1</ItemStatus>
      <ItemId>268241</ItemId>
    </Item>
    <Item>
      <PriceUpdateDate>2016-05-18 14:20:58</PriceUpdateDate>
      <ItemCode>7290009000184</ItemCode>
      <ItemType>1</ItemType>
      <ItemName>מארז תפו"ע מוזהב</ItemName>
      <ManufacturerName>,</ManufacturerName>
      <ManufactureCountry>לא ידוע</ManufactureCountry>
      <ManufacturerItemDescription>מארז תפו"ע מוזהב</ManufacturerItemDescription>
      <UnitQty>קילוגרמים</UnitQty>
      <Quantity>1.00</Quantity>
      <UnitOfMeasure>ק"ג</UnitOfMeasure>
      <bIsWeighted>1</bIsWeighted>
      <QtyInPackage>לא ידוע</QtyInPackage>
      <ItemPrice>9.90</ItemPrice>
      <UnitOfMeasurePrice>9.9000</UnitOfMeasurePrice>
      <AllowDiscount>1</AllowDiscount>
      <ItemStatus>1</ItemStatus>
      <ItemId>268242</ItemId>
    </Item>
    <Item>
      <PriceUpdateDate>2016-05-18 14:20:58</PriceUpdateDate>
      <ItemCode>7290009000191</ItemCode>
      <ItemType>1</ItemType>
      <ItemName>מארז תפו"ע חרמון</ItemName>
      <ManufacturerName>,</ManufacturerName>
      <ManufactureCountry>לא ידוע</ManufactureCountry>
      <ManufacturerItemDescription>מארז תפו"ע חרמון</ManufacturerItemDescription>
      <UnitQty>קילוגרמים</UnitQty>
      <Quantity>1.00</Quantity>
      <UnitOfMeasure>ק"ג</UnitOfMeasure>
      <bIsWeighted>1</bIsWeighted>
      <QtyInPackage>לא ידוע</QtyInPackage>
      <ItemPrice>9.90</ItemPrice>
      <UnitOfMeasurePrice>9.9000</UnitOfMeasurePrice>
      <AllowDiscount>1</AllowDiscount>
      <ItemStatus>1</ItemStatus>
      <ItemId>268243</ItemId>
    </Item>
    <Item>
      <PriceUpdateDate>2016-05-18 14:20:58</PriceUpdateDate>
      <ItemCode>7290009000214</ItemCode>
      <ItemType>1</ItemType>
      <ItemName>מארז תפו"ע רויאל גלה</ItemName>
      <ManufacturerName>,</ManufacturerName>
      <ManufactureCountry>לא ידוע</ManufactureCountry>
      <ManufacturerItemDescription>מארז תפו"ע רויאל גלה</ManufacturerItemDescription>
      <UnitQty>קילוגרמים</UnitQty>
      <Quantity>1.00</Quantity>
      <UnitOfMeasure>ק"ג</UnitOfMeasure>
      <bIsWeighted>1</bIsWeighted>
      <QtyInPackage>לא ידוע</QtyInPackage>
      <ItemPrice>9.90</ItemPrice>
      <UnitOfMeasurePrice>9.9000</UnitOfMeasurePrice>
      <AllowDiscount>1</AllowDiscount>
      <ItemStatus>1</ItemStatus>
      <ItemId>268244</ItemId>
    </Item>
    <Item>
      <PriceUpdateDate>2016-05-18 14:20:58</PriceUpdateDate>
      <ItemCode>7290009000221</ItemCode>
      <ItemType>1</ItemType>
      <ItemName>מארז תפו"ע יונתן</ItemName>
      <ManufacturerName>,</ManufacturerName>
      <ManufactureCountry>לא ידוע</ManufactureCountry>
      <ManufacturerItemDescription>מארז תפו"ע יונתן</ManufacturerItemDescription>
      <UnitQty>קילוגרמים</UnitQty>
      <Quantity>1.00</Quantity>
      <UnitOfMeasure>ק"ג</UnitOfMeasure>
      <bIsWeighted>1</bIsWeighted>
      <QtyInPackage>לא ידוע</QtyInPackage>
      <ItemPrice>9.90</ItemPrice>
      <UnitOfMeasurePrice>9.9000</UnitOfMeasurePrice>
      <AllowDiscount>1</AllowDiscount>
      <ItemStatus>1</ItemStatus>
      <ItemId>268245</ItemId>
    </Item>
    <Item>
      <PriceUpdateDate>2016-05-18 14:20:58</PriceUpdateDate>
      <ItemCode>7290009000528</ItemCode>
      <ItemType>1</ItemType>
      <ItemName>פלפל צילי</ItemName>
      <ManufacturerName>,</ManufacturerName>
      <ManufactureCountry>לא ידוע</ManufactureCountry>
      <ManufacturerItemDescription>פלפל צילי</ManufacturerItemDescription>
      <UnitQty>Unknown </UnitQty>
      <Quantity>0.00</Quantity>
      <UnitOfMeasure>Unknown </UnitOfMeasure>
      <bIsWeighted>0</bIsWeighted>
      <QtyInPackage>לא ידוע</QtyInPackage>
      <ItemPrice>7.90</ItemPrice>
      <UnitOfMeasurePrice>0.0000</UnitOfMeasurePrice>
      <AllowDiscount>1</AllowDiscount>
      <ItemStatus>1</ItemStatus>
      <ItemId>268246</ItemId>
    </Item>
    <Item>
      <PriceUpdateDate>2016-05-19 14:20:59</PriceUpdateDate>
      <ItemCode>6306012</ItemCode>
      <ItemType>0</ItemType>
      <ItemName>רביולי חציל וגבינת ק</ItemName>
      <ManufacturerName>פסטה נונה</ManufacturerName>
      <ManufactureCountry>לא ידוע</ManufactureCountry>
      <ManufacturerItemDescription>רביולי חציל וגבינת קשקבל 400 גרם</ManufacturerItemDescription>
      <UnitQty>גרמים</UnitQty>
      <Quantity>400.00</Quantity>
      <UnitOfMeasure>100 גרם</UnitOfMeasure>
      <bIsWeighted>0</bIsWeighted>
      <QtyInPackage>1</QtyInPackage>
      <ItemPrice>22.90</ItemPrice>
      <UnitOfMeasurePrice>5.7250</UnitOfMeasurePrice>
      <AllowDiscount>1</AllowDiscount>
      <ItemStatus>1</ItemStatus>
      <ItemId>268264</ItemId>
    </Item>
    <Item>
      <PriceUpdateDate>2016-05-19 14:20:59</PriceUpdateDate>
      <ItemCode>6306029</ItemCode>
      <ItemType>0</ItemType>
      <ItemName>רביולי במילוי סלק וא</ItemName>
      <ManufacturerName>פסטה נונה</ManufacturerName>
      <ManufactureCountry>לא ידוע</ManufactureCountry>
      <ManufacturerItemDescription>רביולי במילוי סלק וארבע גבינות 400 גרם</ManufacturerItemDescription>
      <UnitQty>גרמים</UnitQty>
      <Quantity>400.00</Quantity>
      <UnitOfMeasure>100 גרם</UnitOfMeasure>
      <bIsWeighted>0</bIsWeighted>
      <QtyInPackage>1</QtyInPackage>
      <ItemPrice>22.90</ItemPrice>
      <UnitOfMeasurePrice>5.7250</UnitOfMeasurePrice>
      <AllowDiscount>1</AllowDiscount>
      <ItemStatus>1</ItemStatus>
      <ItemId>268265</ItemId>
    </Item>
    <Item>
      <PriceUpdateDate>2016-05-19 14:20:59</PriceUpdateDate>
      <ItemCode>7290014762930</ItemCode>
      <ItemType>0</ItemType>
      <ItemName>גבינה בולגרית פרוסות</ItemName>
      <ManufacturerName>תנובה מרכז שיתופי לש</ManufacturerName>
      <ManufactureCountry>ישראל</ManufactureCountry>
      <ManufacturerItemDescription>גבינה בולגרית פרוסות 5% פיראוס</ManufacturerItemDescription>
      <UnitQty>גרמים</UnitQty>
      <Quantity>200.00</Quantity>
      <UnitOfMeasure>100 גרם</UnitOfMeasure>
      <bIsWeighted>0</bIsWeighted>
      <QtyInPackage>1</QtyInPackage>
      <ItemPrice>18.90</ItemPrice>
      <UnitOfMeasurePrice>9.4500</UnitOfMeasurePrice>
      <AllowDiscount>1</AllowDiscount>
      <ItemStatus>1</ItemStatus>
      <ItemId>268268</ItemId>
    </Item>
    <Item>
      <PriceUpdateDate>2016-05-22 14:20:58</PriceUpdateDate>
      <ItemCode>7290106664203</ItemCode>
      <ItemType>0</ItemType>
      <ItemName>דוריטוס חמוץ מתוק 18</ItemName>
      <ManufacturerName>עלית</ManufacturerName>
      <ManufactureCountry>ישראל</ManufactureCountry>
      <ManufacturerItemDescription>דוריטוס חמוץ מתוק 185 גרם</ManufacturerItemDescription>
      <UnitQty>גרמים</UnitQty>
      <Quantity>185.00</Quantity>
      <UnitOfMeasure>100 גרם</UnitOfMeasure>
      <bIsWeighted>0</bIsWeighted>
      <QtyInPackage>1</QtyInPackage>
      <ItemPrice>5.90</ItemPrice>
      <UnitOfMeasurePrice>3.1892</UnitOfMeasurePrice>
      <AllowDiscount>1</AllowDiscount>
      <ItemStatus>1</ItemStatus>
      <ItemId>268300</ItemId>
    </Item>
    <Item>
      <PriceUpdateDate>2016-05-22 14:20:58</PriceUpdateDate>
      <ItemCode>7290106667266</ItemCode>
      <ItemType>0</ItemType>
      <ItemName>דוריטוס חמוץ חריף 18</ItemName>
      <ManufacturerName>עלית</ManufacturerName>
      <ManufactureCountry>ישראל</ManufactureCountry>
      <ManufacturerItemDescription>דוריטוס חמוץ חריף 185 גרם</ManufacturerItemDescription>
      <UnitQty>גרמים</UnitQty>
      <Quantity>185.00</Quantity>
      <UnitOfMeasure>100 גרם</UnitOfMeasure>
      <bIsWeighted>0</bIsWeighted>
      <QtyInPackage>1</QtyInPackage>
      <ItemPrice>5.90</ItemPrice>
      <UnitOfMeasurePrice>3.1892</UnitOfMeasurePrice>
      <AllowDiscount>1</AllowDiscount>
      <ItemStatus>1</ItemStatus>
      <ItemId>268301</ItemId>
    </Item>
    <Item>
      <PriceUpdateDate>2016-05-22 14:20:58</PriceUpdateDate>
      <ItemCode>7290106528567</ItemCode>
      <ItemType>0</ItemType>
      <ItemName>דוריטוס גריל 185 גרם</ItemName>
      <ManufacturerName>עלית</ManufacturerName>
      <ManufactureCountry>ישראל</ManufactureCountry>
      <ManufacturerItemDescription>דוריטוס גריל 185 גרם</ManufacturerItemDescription>
      <UnitQty>גרמים</UnitQty>
      <Quantity>185.00</Quantity>
      <UnitOfMeasure>100 גרם</UnitOfMeasure>
      <bIsWeighted>0</bIsWeighted>
      <QtyInPackage>1</QtyInPackage>
      <ItemPrice>5.90</ItemPrice>
      <UnitOfMeasurePrice>3.1892</UnitOfMeasurePrice>
      <AllowDiscount>1</AllowDiscount>
      <ItemStatus>1</ItemStatus>
      <ItemId>268302</ItemId>
    </Item>
    <Item>
      <PriceUpdateDate>2016-05-22 14:20:58</PriceUpdateDate>
      <ItemCode>7290106528628</ItemCode>
      <ItemType>0</ItemType>
      <ItemName>דוריטוס טבעי 185 גרם</ItemName>
      <ManufacturerName>עלית</ManufacturerName>
      <ManufactureCountry>ישראל</ManufactureCountry>
      <ManufacturerItemDescription>דוריטוס טבעי 185 גרם</ManufacturerItemDescription>
      <UnitQty>גרמים</UnitQty>
      <Quantity>185.00</Quantity>
      <UnitOfMeasure>100 גרם</UnitOfMeasure>
      <bIsWeighted>0</bIsWeighted>
      <QtyInPackage>1</QtyInPackage>
      <ItemPrice>5.90</ItemPrice>
      <UnitOfMeasurePrice>3.1892</UnitOfMeasurePrice>
      <AllowDiscount>1</AllowDiscount>
      <ItemStatus>1</ItemStatus>
      <ItemId>268303</ItemId>
    </Item>
    <Item>
      <PriceUpdateDate>2016-05-22 14:20:58</PriceUpdateDate>
      <ItemCode>7290107936477</ItemCode>
      <ItemType>0</ItemType>
      <ItemName>קרקר קראנצ גבינה 300</ItemName>
      <ManufacturerName>שטראוס</ManufacturerName>
      <ManufactureCountry>ישראל</ManufactureCountry>
      <ManufacturerItemDescription>קרקר קראנצ גבינה 300 גרם</ManufacturerItemDescription>
      <UnitQty>גרמים</UnitQty>
      <Quantity>300.00</Quantity>
      <UnitOfMeasure>100 גרם</UnitOfMeasure>
      <bIsWeighted>0</bIsWeighted>
      <QtyInPackage>1</QtyInPackage>
      <ItemPrice>12.50</ItemPrice>
      <UnitOfMeasurePrice>4.1667</UnitOfMeasurePrice>
      <AllowDiscount>1</AllowDiscount>
      <ItemStatus>1</ItemStatus>
      <ItemId>268304</ItemId>
    </Item>
    <Item>
      <PriceUpdateDate>2016-05-22 14:20:58</PriceUpdateDate>
      <ItemCode>7290107936453</ItemCode>
      <ItemType>0</ItemType>
      <ItemName>קרקר קראנצ טבעי 300</ItemName>
      <ManufacturerName>שטראוס</ManufacturerName>
      <ManufactureCountry>ישראל</ManufactureCountry>
      <ManufacturerItemDescription>קרקר קראנצ טבעי 300 גרם</ManufacturerItemDescription>
      <UnitQty>גרמים</UnitQty>
      <Quantity>300.00</Quantity>
      <UnitOfMeasure>100 גרם</UnitOfMeasure>
      <bIsWeighted>0</bIsWeighted>
      <QtyInPackage>1</QtyInPackage>
      <ItemPrice>12.50</ItemPrice>
      <UnitOfMeasurePrice>4.1667</UnitOfMeasurePrice>
      <AllowDiscount>1</AllowDiscount>
      <ItemStatus>1</ItemStatus>
      <ItemId>268305</ItemId>
    </Item>
    <Item>
      <PriceUpdateDate>2016-05-22 14:20:58</PriceUpdateDate>
      <ItemCode>7290101869481</ItemCode>
      <ItemType>1</ItemType>
      <ItemName>טבליות למדיח פיניש 3</ItemName>
      <ManufacturerName>,</ManufacturerName>
      <ManufactureCountry>לא ידוע</ManufactureCountry>
      <ManufacturerItemDescription>טבליות למדיח פיניש 30+60 יח</ManufacturerItemDescription>
      <UnitQty>Unknown </UnitQty>
      <Quantity>0.00</Quantity>
      <UnitOfMeasure>Unknown </UnitOfMeasure>
      <bIsWeighted>0</bIsWeighted>
      <QtyInPackage>1</QtyInPackage>
      <ItemPrice>54.90</ItemPrice>
      <UnitOfMeasurePrice>0.0000</UnitOfMeasurePrice>
      <AllowDiscount>1</AllowDiscount>
      <ItemStatus>1</ItemStatus>
      <ItemId>268306</ItemId>
    </Item>
    <Item>
      <PriceUpdateDate>2016-05-23 13:59:12</PriceUpdateDate>
      <ItemCode>2407867</ItemCode>
      <ItemType>0</ItemType>
      <ItemName>שמן זית כתית מעולה ג</ItemName>
      <ManufacturerName>גהשאן</ManufacturerName>
      <ManufactureCountry>ישראל</ManufactureCountry>
      <ManufacturerItemDescription>שמן זית כתית מעולה גהשאן 750 מ"ל</ManufacturerItemDescription>
      <UnitQty>מיליליטרים</UnitQty>
      <Quantity>750.00</Quantity>
      <UnitOfMeasure>100 מ"ל</UnitOfMeasure>
      <bIsWeighted>0</bIsWeighted>
      <QtyInPackage>1</QtyInPackage>
      <ItemPrice>24.90</ItemPrice>
      <UnitOfMeasurePrice>3.3200</UnitOfMeasurePrice>
      <AllowDiscount>1</AllowDiscount>
      <ItemStatus>1</ItemStatus>
      <ItemId>268307</ItemId>
    </Item>
    <Item>
      <PriceUpdateDate>2016-05-23 13:59:12</PriceUpdateDate>
      <ItemCode>7290016006186</ItemCode>
      <ItemType>1</ItemType>
      <ItemName>פרוט ווטר בטעם משמש</ItemName>
      <ManufacturerName>,</ManufacturerName>
      <ManufactureCountry>לא ידוע</ManufactureCountry>
      <ManufacturerItemDescription>פרוט ווטר בטעם משמש 1.5 ליטר</ManufacturerItemDescription>
      <UnitQty>ליטרים</UnitQty>
      <Quantity>1.50</Quantity>
      <UnitOfMeasure>ליטר    </UnitOfMeasure>
      <bIsWeighted>0</bIsWeighted>
      <QtyInPackage>1</QtyInPackage>
      <ItemPrice>6.90</ItemPrice>
      <UnitOfMeasurePrice>4.6000</UnitOfMeasurePrice>
      <AllowDiscount>1</AllowDiscount>
      <ItemStatus>1</ItemStatus>
      <ItemId>268309</ItemId>
    </Item>
    <Item>
      <PriceUpdateDate>2016-05-23 13:59:12</PriceUpdateDate>
      <ItemCode>7290102397532</ItemCode>
      <ItemType>0</ItemType>
      <ItemName>גבינה לבנה 9% 250 גר</ItemName>
      <ManufacturerName>טרה</ManufacturerName>
      <ManufactureCountry>ישראל</ManufactureCountry>
      <ManufacturerItemDescription>גבינה לבנה 9% 250 גרם מהדרין</ManufacturerItemDescription>
      <UnitQty>גרמים</UnitQty>
      <Quantity>250.00</Quantity>
      <UnitOfMeasure>100 גרם</UnitOfMeasure>
      <bIsWeighted>0</bIsWeighted>
      <QtyInPackage>1</QtyInPackage>
      <ItemPrice>4.50</ItemPrice>
      <UnitOfMeasurePrice>1.8000</UnitOfMeasurePrice>
      <AllowDiscount>1</AllowDiscount>
      <ItemStatus>1</ItemStatus>
      <ItemId>268310</ItemId>
    </Item>
    <Item>
      <PriceUpdateDate>2016-05-23 13:59:12</PriceUpdateDate>
      <ItemCode>7290109350714</ItemCode>
      <ItemType>0</ItemType>
      <ItemName>רוטב שף לסלט 580 מ"ל</ItemName>
      <ManufacturerName>אסם</ManufacturerName>
      <ManufactureCountry>ישראל</ManufactureCountry>
      <ManufacturerItemDescription>רוטב שף לסלט 580 מ"ל</ManufacturerItemDescription>
      <UnitQty>מיליליטרים</UnitQty>
      <Quantity>580.00</Quantity>
      <UnitOfMeasure>100 מ"ל</UnitOfMeasure>
      <bIsWeighted>0</bIsWeighted>
      <QtyInPackage>1</QtyInPackage>
      <ItemPrice>16.90</ItemPrice>
      <UnitOfMeasurePrice>2.9138</UnitOfMeasurePrice>
      <AllowDiscount>1</AllowDiscount>
      <ItemStatus>1</ItemStatus>
      <ItemId>268311</ItemId>
    </Item>
    <Item>
      <PriceUpdateDate>2016-05-25 15:40:05</PriceUpdateDate>
      <ItemCode>7290016057041</ItemCode>
      <ItemType>1</ItemType>
      <ItemName>עלי קייל</ItemName>
      <ManufacturerName>,</ManufacturerName>
      <ManufactureCountry>לא ידוע</ManufactureCountry>
      <ManufacturerItemDescription>עלי קייל  3</ManufacturerItemDescription>
      <UnitQty>Unknown </UnitQty>
      <Quantity>0.00</Quantity>
      <UnitOfMeasure>Unknown </UnitOfMeasure>
      <bIsWeighted>0</bIsWeighted>
      <QtyInPackage>1</QtyInPackage>
      <ItemPrice>7.90</ItemPrice>
      <UnitOfMeasurePrice>0.0000</UnitOfMeasurePrice>
      <AllowDiscount>1</AllowDiscount>
      <ItemStatus>1</ItemStatus>
      <ItemId>268323</ItemId>
    </Item>
    <Item>
      <PriceUpdateDate>2016-05-25 15:40:04</PriceUpdateDate>
      <ItemCode>7290107937139</ItemCode>
      <ItemType>0</ItemType>
      <ItemName>מעדן פרי אפרסק פסיפל</ItemName>
      <ManufacturerName>שטראוס</ManufacturerName>
      <ManufactureCountry>לא ידוע</ManufactureCountry>
      <ManufacturerItemDescription>מעדן פרי אפרסק פסיפלורה יד מרדכי 250 גרם</ManufacturerItemDescription>
      <UnitQty>Unknown </UnitQty>
      <Quantity>0.00</Quantity>
      <UnitOfMeasure>Unknown </UnitOfMeasure>
      <bIsWeighted>0</bIsWeighted>
      <QtyInPackage>1</QtyInPackage>
      <ItemPrice>11.90</ItemPrice>
      <UnitOfMeasurePrice>0.0000</UnitOfMeasurePrice>
      <AllowDiscount>1</AllowDiscount>
      <ItemStatus>1</ItemStatus>
      <ItemId>268314</ItemId>
    </Item>
    <Item>
      <PriceUpdateDate>2016-05-25 15:40:04</PriceUpdateDate>
      <ItemCode>7290106662186</ItemCode>
      <ItemType>0</ItemType>
      <ItemName>רולדת טורטית 350 גרם</ItemName>
      <ManufacturerName>עלית</ManufacturerName>
      <ManufactureCountry>ישראל</ManufactureCountry>
      <ManufacturerItemDescription>רולדת טורטית 350 גרם</ManufacturerItemDescription>
      <UnitQty>גרמים</UnitQty>
      <Quantity>350.00</Quantity>
      <UnitOfMeasure>100 גרם</UnitOfMeasure>
      <bIsWeighted>0</bIsWeighted>
      <QtyInPackage>1</QtyInPackage>
      <ItemPrice>14.50</ItemPrice>
      <UnitOfMeasurePrice>4.1429</UnitOfMeasurePrice>
      <AllowDiscount>1</AllowDiscount>
      <ItemStatus>1</ItemStatus>
      <ItemId>268317</ItemId>
    </Item>
    <Item>
      <PriceUpdateDate>2016-05-25 15:40:06</PriceUpdateDate>
      <ItemCode>7290106729148</ItemCode>
      <ItemType>0</ItemType>
      <ItemName>רולדת טוויסט 350 גרם</ItemName>
      <ManufacturerName>עלית</ManufacturerName>
      <ManufactureCountry>ישראל</ManufactureCountry>
      <ManufacturerItemDescription>רולדת טוויסט 350 גרם</ManufacturerItemDescription>
      <UnitQty>Unknown </UnitQty>
      <Quantity>0.00</Quantity>
      <UnitOfMeasure>Unknown </UnitOfMeasure>
      <bIsWeighted>0</bIsWeighted>
      <QtyInPackage>1</QtyInPackage>
      <ItemPrice>11.90</ItemPrice>
      <UnitOfMeasurePrice>0.0000</UnitOfMeasurePrice>
      <AllowDiscount>1</AllowDiscount>
      <ItemStatus>1</ItemStatus>
      <ItemId>268318</ItemId>
    </Item>
    <Item>
      <PriceUpdateDate>2016-05-25 15:40:04</PriceUpdateDate>
      <ItemCode>7290106729155</ItemCode>
      <ItemType>0</ItemType>
      <ItemName>גלילי ופל רבע לשבע א</ItemName>
      <ManufacturerName>עלית</ManufacturerName>
      <ManufactureCountry>ישראל</ManufactureCountry>
      <ManufacturerItemDescription>גלילי ופל רבע לשבע אייס קפה וקרמל</ManufacturerItemDescription>
      <UnitQty>Unknown </UnitQty>
      <Quantity>0.00</Quantity>
      <UnitOfMeasure>Unknown </UnitOfMeasure>
      <bIsWeighted>0</bIsWeighted>
      <QtyInPackage>1</QtyInPackage>
      <ItemPrice>11.90</ItemPrice>
      <UnitOfMeasurePrice>0.0000</UnitOfMeasurePrice>
      <AllowDiscount>1</AllowDiscount>
      <ItemStatus>1</ItemStatus>
      <ItemId>268319</ItemId>
    </Item>
    <Item>
      <PriceUpdateDate>2016-06-16 19:45:32</PriceUpdateDate>
      <ItemCode>7290900010435</ItemCode>
      <ItemType>1</ItemType>
      <ItemName>תערובת לכדורי שוקולד</ItemName>
      <ManufacturerName>,</ManufacturerName>
      <ManufactureCountry>לא ידוע</ManufactureCountry>
      <ManufacturerItemDescription>תערובת לכדורי שוקולד 500 גרם</ManufacturerItemDescription>
      <UnitQty>גרמים</UnitQty>
      <Quantity>500.00</Quantity>
      <UnitOfMeasure>100 גרם</UnitOfMeasure>
      <bIsWeighted>0</bIsWeighted>
      <QtyInPackage>1</QtyInPackage>
      <ItemPrice>9.90</ItemPrice>
      <UnitOfMeasurePrice>1.9800</UnitOfMeasurePrice>
      <AllowDiscount>1</AllowDiscount>
      <ItemStatus>1</ItemStatus>
      <ItemId>268503</ItemId>
    </Item>
    <Item>
      <PriceUpdateDate>2016-06-16 19:45:32</PriceUpdateDate>
      <ItemCode>7290900010442</ItemCode>
      <ItemType>1</ItemType>
      <ItemName>תערובת לעוגת בראוניז</ItemName>
      <ManufacturerName>,</ManufacturerName>
      <ManufactureCountry>לא ידוע</ManufactureCountry>
      <ManufacturerItemDescription>תערובת לעוגת בראוניז 500 גרם</ManufacturerItemDescription>
      <UnitQty>גרמים</UnitQty>
      <Quantity>500.00</Quantity>
      <UnitOfMeasure>100 גרם</UnitOfMeasure>
      <bIsWeighted>0</bIsWeighted>
      <QtyInPackage>1</QtyInPackage>
      <ItemPrice>9.90</ItemPrice>
      <UnitOfMeasurePrice>1.9800</UnitOfMeasurePrice>
      <AllowDiscount>1</AllowDiscount>
      <ItemStatus>1</ItemStatus>
      <ItemId>268504</ItemId>
    </Item>
    <Item>
      <PriceUpdateDate>2016-06-16 19:45:32</PriceUpdateDate>
      <ItemCode>7290900010459</ItemCode>
      <ItemType>1</ItemType>
      <ItemName>תערובת לעוגת וניל 50</ItemName>
      <ManufacturerName>,</ManufacturerName>
      <ManufactureCountry>לא ידוע</ManufactureCountry>
      <ManufacturerItemDescription>תערובת לעוגת וניל 500 גרם</ManufacturerItemDescription>
      <UnitQty>גרמים</UnitQty>
      <Quantity>500.00</Quantity>
      <UnitOfMeasure>100 גרם</UnitOfMeasure>
      <bIsWeighted>0</bIsWeighted>
      <QtyInPackage>1</QtyInPackage>
      <ItemPrice>9.90</ItemPrice>
      <UnitOfMeasurePrice>1.9800</UnitOfMeasurePrice>
      <AllowDiscount>1</AllowDiscount>
      <ItemStatus>1</ItemStatus>
      <ItemId>268505</ItemId>
    </Item>
    <Item>
      <PriceUpdateDate>2016-06-16 19:45:32</PriceUpdateDate>
      <ItemCode>7290900010473</ItemCode>
      <ItemType>1</ItemType>
      <ItemName>תערובת לבלינצס 500 ג</ItemName>
      <ManufacturerName>,</ManufacturerName>
      <ManufactureCountry>לא ידוע</ManufactureCountry>
      <ManufacturerItemDescription>תערובת לבלינצס 500 גרם</ManufacturerItemDescription>
      <UnitQty>גרמים</UnitQty>
      <Quantity>500.00</Quantity>
      <UnitOfMeasure>100 גרם</UnitOfMeasure>
      <bIsWeighted>0</bIsWeighted>
      <QtyInPackage>1</QtyInPackage>
      <ItemPrice>9.90</ItemPrice>
      <UnitOfMeasurePrice>1.9800</UnitOfMeasurePrice>
      <AllowDiscount>1</AllowDiscount>
      <ItemStatus>1</ItemStatus>
      <ItemId>268507</ItemId>
    </Item>
    <Item>
      <PriceUpdateDate>2016-06-16 19:45:32</PriceUpdateDate>
      <ItemCode>7290900010480</ItemCode>
      <ItemType>1</ItemType>
      <ItemName>תערובת לפנקייק 400 ג</ItemName>
      <ManufacturerName>,</ManufacturerName>
      <ManufactureCountry>לא ידוע</ManufactureCountry>
      <ManufacturerItemDescription>תערובת לפנקייק 400 גרם</ManufacturerItemDescription>
      <UnitQty>גרמים</UnitQty>
      <Quantity>400.00</Quantity>
      <UnitOfMeasure>100 גרם</UnitOfMeasure>
      <bIsWeighted>0</bIsWeighted>
      <QtyInPackage>1</QtyInPackage>
      <ItemPrice>9.90</ItemPrice>
      <UnitOfMeasurePrice>2.4750</UnitOfMeasurePrice>
      <AllowDiscount>1</AllowDiscount>
      <ItemStatus>1</ItemStatus>
      <ItemId>268508</ItemId>
    </Item>
    <Item>
      <PriceUpdateDate>2016-06-16 19:45:32</PriceUpdateDate>
      <ItemCode>7290016276282</ItemCode>
      <ItemType>1</ItemType>
      <ItemName>חומץ תפוחים 5% 500 מ</ItemName>
      <ManufacturerName>דוס טמפרוס אל די לוט</ManufacturerName>
      <ManufactureCountry>פורטוגל</ManufactureCountry>
      <ManufacturerItemDescription>חומץ תפוחים 5% 500 מ"ל</ManufacturerItemDescription>
      <UnitQty>מיליליטרים</UnitQty>
      <Quantity>500.00</Quantity>
      <UnitOfMeasure>100 מ"ל</UnitOfMeasure>
      <bIsWeighted>0</bIsWeighted>
      <QtyInPackage>1</QtyInPackage>
      <ItemPrice>17.90</ItemPrice>
      <UnitOfMeasurePrice>3.5800</UnitOfMeasurePrice>
      <AllowDiscount>1</AllowDiscount>
      <ItemStatus>1</ItemStatus>
      <ItemId>268509</ItemId>
    </Item>
    <Item>
      <PriceUpdateDate>2016-06-16 19:45:32</PriceUpdateDate>
      <ItemCode>7290016276312</ItemCode>
      <ItemType>1</ItemType>
      <ItemName>חומץ יין לבן 5% 500</ItemName>
      <ManufacturerName>דוס טמפרוס אל די לוט</ManufacturerName>
      <ManufactureCountry>פורטוגל</ManufactureCountry>
      <ManufacturerItemDescription>חומץ יין לבן 5% 500 מ"ל</ManufacturerItemDescription>
      <UnitQty>מיליליטרים</UnitQty>
      <Quantity>500.00</Quantity>
      <UnitOfMeasure>100 מ"ל</UnitOfMeasure>
      <bIsWeighted>0</bIsWeighted>
      <QtyInPackage>1</QtyInPackage>
      <ItemPrice>17.90</ItemPrice>
      <UnitOfMeasurePrice>3.5800</UnitOfMeasurePrice>
      <AllowDiscount>1</AllowDiscount>
      <ItemStatus>1</ItemStatus>
      <ItemId>268510</ItemId>
    </Item>
    <Item>
      <PriceUpdateDate>2016-06-16 19:45:32</PriceUpdateDate>
      <ItemCode>7290016276305</ItemCode>
      <ItemType>1</ItemType>
      <ItemName>חומץ יין אדום 5% 500</ItemName>
      <ManufacturerName>דוס טמפרוס אל די לוט</ManufacturerName>
      <ManufactureCountry>פורטוגל</ManufactureCountry>
      <ManufacturerItemDescription>חומץ יין אדום 5% 500 מ"ל</ManufacturerItemDescription>
      <UnitQty>מיליליטרים</UnitQty>
      <Quantity>500.00</Quantity>
      <UnitOfMeasure>100 מ"ל</UnitOfMeasure>
      <bIsWeighted>0</bIsWeighted>
      <QtyInPackage>1</QtyInPackage>
      <ItemPrice>17.90</ItemPrice>
      <UnitOfMeasurePrice>3.5800</UnitOfMeasurePrice>
      <AllowDiscount>1</AllowDiscount>
      <ItemStatus>1</ItemStatus>
      <ItemId>268511</ItemId>
    </Item>
    <Item>
      <PriceUpdateDate>2016-06-19 13:30:34</PriceUpdateDate>
      <ItemCode>8003446001114</ItemCode>
      <ItemType>1</ItemType>
      <ItemName>שמן זית כתית 750 מ"ל</ItemName>
      <ManufacturerName>,</ManufacturerName>
      <ManufactureCountry>לא ידוע</ManufactureCountry>
      <ManufacturerItemDescription>שמן זית כתית 750 מ"ל</ManufacturerItemDescription>
      <UnitQty>מיליליטרים</UnitQty>
      <Quantity>750.00</Quantity>
      <UnitOfMeasure>100 מ"ל</UnitOfMeasure>
      <bIsWeighted>0</bIsWeighted>
      <QtyInPackage>1</QtyInPackage>
      <ItemPrice>19.90</ItemPrice>
      <UnitOfMeasurePrice>2.6533</UnitOfMeasurePrice>
      <AllowDiscount>1</AllowDiscount>
      <ItemStatus>1</ItemStatus>
      <ItemId>268515</ItemId>
    </Item>
    <Item>
      <PriceUpdateDate>2016-06-19 17:40:34</PriceUpdateDate>
      <ItemCode>7290016276176</ItemCode>
      <ItemType>1</ItemType>
      <ItemName>קינואה 900 גרם</ItemName>
      <ManufacturerName>,</ManufacturerName>
      <ManufactureCountry>לא ידוע</ManufactureCountry>
      <ManufacturerItemDescription>קינואה 900 גרם</ManufacturerItemDescription>
      <UnitQty>גרמים</UnitQty>
      <Quantity>900.00</Quantity>
      <UnitOfMeasure>100 גרם</UnitOfMeasure>
      <bIsWeighted>0</bIsWeighted>
      <QtyInPackage>1</QtyInPackage>
      <ItemPrice>14.90</ItemPrice>
      <UnitOfMeasurePrice>1.6556</UnitOfMeasurePrice>
      <AllowDiscount>1</AllowDiscount>
      <ItemStatus>1</ItemStatus>
      <ItemId>268531</ItemId>
    </Item>
    <Item>
      <PriceUpdateDate>2016-06-30 10:38:12</PriceUpdateDate>
      <ItemCode>7290013586445</ItemCode>
      <ItemType>0</ItemType>
      <ItemName>פריגת קרטיב אננס 1.5</ItemName>
      <ManufacturerName>פריגת</ManufacturerName>
      <ManufactureCountry>לא ידוע</ManufactureCountry>
      <ManufacturerItemDescription>פריגת קרטיב אננס 1.5 ליטר</ManufacturerItemDescription>
      <UnitQty>ליטרים</UnitQty>
      <Quantity>1.50</Quantity>
      <UnitOfMeasure>ליטר    </UnitOfMeasure>
      <bIsWeighted>0</bIsWeighted>
      <QtyInPackage>1</QtyInPackage>
      <ItemPrice>5.90</ItemPrice>
      <UnitOfMeasurePrice>3.9333</UnitOfMeasurePrice>
      <AllowDiscount>1</AllowDiscount>
      <ItemStatus>1</ItemStatus>
      <ItemId>268732</ItemId>
    </Item>
    <Item>
      <PriceUpdateDate>2016-06-30 15:10:34</PriceUpdateDate>
      <ItemCode>7290107940276</ItemCode>
      <ItemType>0</ItemType>
      <ItemName>לימבו משמש 125 גרם</ItemName>
      <ManufacturerName>שטראוס</ManufacturerName>
      <ManufactureCountry>לא ידוע</ManufactureCountry>
      <ManufacturerItemDescription>לימבו משמש 125 גרם</ManufacturerItemDescription>
      <UnitQty>מיליליטרים</UnitQty>
      <Quantity>125.00</Quantity>
      <UnitOfMeasure>100 מ"ל</UnitOfMeasure>
      <bIsWeighted>0</bIsWeighted>
      <QtyInPackage>1</QtyInPackage>
      <ItemPrice>1.90</ItemPrice>
      <UnitOfMeasurePrice>1.5200</UnitOfMeasurePrice>
      <AllowDiscount>1</AllowDiscount>
      <ItemStatus>1</ItemStatus>
      <ItemId>268739</ItemId>
    </Item>
    <Item>
      <PriceUpdateDate>2016-06-30 15:10:34</PriceUpdateDate>
      <ItemCode>7290107940269</ItemCode>
      <ItemType>0</ItemType>
      <ItemName>מעדן מילקי אייס קפה</ItemName>
      <ManufacturerName>שטראוס</ManufacturerName>
      <ManufactureCountry>לא ידוע</ManufactureCountry>
      <ManufacturerItemDescription>מעדן מילקי אייס קפה 170 מ"ל</ManufacturerItemDescription>
      <UnitQty>מיליליטרים</UnitQty>
      <Quantity>170.00</Quantity>
      <UnitOfMeasure>100 מ"ל</UnitOfMeasure>
      <bIsWeighted>0</bIsWeighted>
      <QtyInPackage>1</QtyInPackage>
      <ItemPrice>2.80</ItemPrice>
      <UnitOfMeasurePrice>1.6471</UnitOfMeasurePrice>
      <AllowDiscount>1</AllowDiscount>
      <ItemStatus>1</ItemStatus>
      <ItemId>268740</ItemId>
    </Item>
    <Item>
      <PriceUpdateDate>2016-06-30 15:10:34</PriceUpdateDate>
      <ItemCode>7290013608697</ItemCode>
      <ItemType>0</ItemType>
      <ItemName>מיץ תפוזים סחוט 2 לי</ItemName>
      <ManufacturerName>גניר</ManufacturerName>
      <ManufactureCountry>ישראל</ManufactureCountry>
      <ManufacturerItemDescription>מיץ תפוזים סחוט 2 ליטר</ManufacturerItemDescription>
      <UnitQty>ליטרים</UnitQty>
      <Quantity>2.00</Quantity>
      <UnitOfMeasure>ליטר    </UnitOfMeasure>
      <bIsWeighted>0</bIsWeighted>
      <QtyInPackage>1</QtyInPackage>
      <ItemPrice>18.90</ItemPrice>
      <UnitOfMeasurePrice>9.4500</UnitOfMeasurePrice>
      <AllowDiscount>1</AllowDiscount>
      <ItemStatus>1</ItemStatus>
      <ItemId>268741</ItemId>
    </Item>
    <Item>
      <PriceUpdateDate>2016-06-30 15:10:34</PriceUpdateDate>
      <ItemCode>7290106729711</ItemCode>
      <ItemType>0</ItemType>
      <ItemName>חומוס 9% 400 גרם ללא</ItemName>
      <ManufacturerName>שטראוס</ManufacturerName>
      <ManufactureCountry>ישראל</ManufactureCountry>
      <ManufacturerItemDescription>חומוס 9% 400 גרם ללא חומר משמר</ManufacturerItemDescription>
      <UnitQty>גרמים</UnitQty>
      <Quantity>400.00</Quantity>
      <UnitOfMeasure>100 גרם</UnitOfMeasure>
      <bIsWeighted>0</bIsWeighted>
      <QtyInPackage>1</QtyInPackage>
      <ItemPrice>12.90</ItemPrice>
      <UnitOfMeasurePrice>3.2250</UnitOfMeasurePrice>
      <AllowDiscount>1</AllowDiscount>
      <ItemStatus>1</ItemStatus>
      <ItemId>268742</ItemId>
    </Item>
    <Item>
      <PriceUpdateDate>2016-06-30 15:10:34</PriceUpdateDate>
      <ItemCode>7290106729728</ItemCode>
      <ItemType>0</ItemType>
      <ItemName>חומוס 400 גרם ללא חו</ItemName>
      <ManufacturerName>שטראוס</ManufacturerName>
      <ManufactureCountry>ישראל</ManufactureCountry>
      <ManufacturerItemDescription>חומוס 400 גרם ללא חומר משמר</ManufacturerItemDescription>
      <UnitQty>גרמים</UnitQty>
      <Quantity>400.00</Quantity>
      <UnitOfMeasure>100 גרם</UnitOfMeasure>
      <bIsWeighted>0</bIsWeighted>
      <QtyInPackage>1</QtyInPackage>
      <ItemPrice>12.90</ItemPrice>
      <UnitOfMeasurePrice>3.2250</UnitOfMeasurePrice>
      <AllowDiscount>1</AllowDiscount>
      <ItemStatus>1</ItemStatus>
      <ItemId>268743</ItemId>
    </Item>
    <Item>
      <PriceUpdateDate>2016-06-30 15:10:34</PriceUpdateDate>
      <ItemCode>7290107936538</ItemCode>
      <ItemType>0</ItemType>
      <ItemName>מארז שמיניה דנונה בר</ItemName>
      <ManufacturerName>שטראוס</ManufacturerName>
      <ManufactureCountry>ישראל</ManufactureCountry>
      <ManufacturerItemDescription>מארז שמיניה דנונה בר פצפוצים</ManufacturerItemDescription>
      <UnitQty>מיליליטרים</UnitQty>
      <Quantity>1.00</Quantity>
      <UnitOfMeasure>100 מ"ל</UnitOfMeasure>
      <bIsWeighted>0</bIsWeighted>
      <QtyInPackage>1</QtyInPackage>
      <ItemPrice>29.90</ItemPrice>
      <UnitOfMeasurePrice>2990.0000</UnitOfMeasurePrice>
      <AllowDiscount>1</AllowDiscount>
      <ItemStatus>1</ItemStatus>
      <ItemId>268744</ItemId>
    </Item>
    <Item>
      <PriceUpdateDate>2016-06-30 15:10:34</PriceUpdateDate>
      <ItemCode>7290107937603</ItemCode>
      <ItemType>0</ItemType>
      <ItemName>דנונה קוקוס 3% 150 ג</ItemName>
      <ManufacturerName>שטראוס</ManufacturerName>
      <ManufactureCountry>לא ידוע</ManufactureCountry>
      <ManufacturerItemDescription>דנונה קוקוס 3% 150 גרם</ManufacturerItemDescription>
      <UnitQty>מיליליטרים</UnitQty>
      <Quantity>150.00</Quantity>
      <UnitOfMeasure>100 מ"ל</UnitOfMeasure>
      <bIsWeighted>0</bIsWeighted>
      <QtyInPackage>1</QtyInPackage>
      <ItemPrice>3.50</ItemPrice>
      <UnitOfMeasurePrice>2.3333</UnitOfMeasurePrice>
      <AllowDiscount>1</AllowDiscount>
      <ItemStatus>1</ItemStatus>
      <ItemId>268745</ItemId>
    </Item>
    <Item>
      <PriceUpdateDate>2016-06-30 15:10:34</PriceUpdateDate>
      <ItemCode>7290107934022</ItemCode>
      <ItemType>0</ItemType>
      <ItemName>דוריטוס מיני ברביקיו</ItemName>
      <ManufacturerName>שטראוס</ManufacturerName>
      <ManufactureCountry>לא ידוע</ManufactureCountry>
      <ManufacturerItemDescription>דוריטוס מיני ברביקיו 85 גרם</ManufacturerItemDescription>
      <UnitQty>גרמים</UnitQty>
      <Quantity>85.00</Quantity>
      <UnitOfMeasure>100 גרם</UnitOfMeasure>
      <bIsWeighted>0</bIsWeighted>
      <QtyInPackage>1</QtyInPackage>
      <ItemPrice>3.20</ItemPrice>
      <UnitOfMeasurePrice>3.7647</UnitOfMeasurePrice>
      <AllowDiscount>1</AllowDiscount>
      <ItemStatus>1</ItemStatus>
      <ItemId>268746</ItemId>
    </Item>
    <Item>
      <PriceUpdateDate>2016-06-30 15:10:34</PriceUpdateDate>
      <ItemCode>7290107933933</ItemCode>
      <ItemType>0</ItemType>
      <ItemName>דוריטוס מיני פיצה 85</ItemName>
      <ManufacturerName>שטראוס</ManufacturerName>
      <ManufactureCountry>לא ידוע</ManufactureCountry>
      <ManufacturerItemDescription>דוריטוס מיני פיצה 85 גרם</ManufacturerItemDescription>
      <UnitQty>גרמים</UnitQty>
      <Quantity>85.00</Quantity>
      <UnitOfMeasure>100 גרם</UnitOfMeasure>
      <bIsWeighted>0</bIsWeighted>
      <QtyInPackage>1</QtyInPackage>
      <ItemPrice>3.20</ItemPrice>
      <UnitOfMeasurePrice>3.7647</UnitOfMeasurePrice>
      <AllowDiscount>1</AllowDiscount>
      <ItemStatus>1</ItemStatus>
      <ItemId>268747</ItemId>
    </Item>
    <Item>
      <PriceUpdateDate>2016-06-30 15:10:34</PriceUpdateDate>
      <ItemCode>7290014501225</ItemCode>
      <ItemType>0</ItemType>
      <ItemName>יין הרי גליל אדום 75</ItemName>
      <ManufacturerName>יקב הרי גליל</ManufacturerName>
      <ManufactureCountry>ישראל</ManufactureCountry>
      <ManufacturerItemDescription>יין הרי גליל אדום 750 מ"ל</ManufacturerItemDescription>
      <UnitQty>מיליליטרים</UnitQty>
      <Quantity>750.00</Quantity>
      <UnitOfMeasure>100 מ"ל</UnitOfMeasure>
      <bIsWeighted>0</bIsWeighted>
      <QtyInPackage>1</QtyInPackage>
      <ItemPrice>34.90</ItemPrice>
      <UnitOfMeasurePrice>4.6533</UnitOfMeasurePrice>
      <AllowDiscount>1</AllowDiscount>
      <ItemStatus>1</ItemStatus>
      <ItemId>268749</ItemId>
    </Item>
    <Item>
      <PriceUpdateDate>2016-08-01 15:19:27</PriceUpdateDate>
      <ItemCode>7290016334166</ItemCode>
      <ItemType>1</ItemType>
      <ItemName>לוף</ItemName>
      <ManufacturerName>,</ManufacturerName>
      <ManufactureCountry>לא ידוע</ManufactureCountry>
      <ManufacturerItemDescription>לוף</ManufacturerItemDescription>
      <UnitQty>Unknown </UnitQty>
      <Quantity>0.00</Quantity>
      <UnitOfMeasure>Unknown </UnitOfMeasure>
      <bIsWeighted>0</bIsWeighted>
      <QtyInPackage>1</QtyInPackage>
      <ItemPrice>5.90</ItemPrice>
      <UnitOfMeasurePrice>0.0000</UnitOfMeasurePrice>
      <AllowDiscount>1</AllowDiscount>
      <ItemStatus>1</ItemStatus>
      <ItemId>268782</ItemId>
    </Item>
    <Item>
      <PriceUpdateDate>2016-07-06 09:45:32</PriceUpdateDate>
      <ItemCode>7290107870511</ItemCode>
      <ItemType>0</ItemType>
      <ItemName>חומוס בסיבוב גזר ופל</ItemName>
      <ManufacturerName>צבר</ManufacturerName>
      <ManufactureCountry>לא ידוע</ManufactureCountry>
      <ManufacturerItemDescription>חומוס בסיבוב גזר ופלפל 400 גרם צבר</ManufacturerItemDescription>
      <UnitQty>גרמים</UnitQty>
      <Quantity>400.00</Quantity>
      <UnitOfMeasure>100 גרם</UnitOfMeasure>
      <bIsWeighted>0</bIsWeighted>
      <QtyInPackage>1</QtyInPackage>
      <ItemPrice>14.90</ItemPrice>
      <UnitOfMeasurePrice>3.7250</UnitOfMeasurePrice>
      <AllowDiscount>1</AllowDiscount>
      <ItemStatus>1</ItemStatus>
      <ItemId>268797</ItemId>
    </Item>
    <Item>
      <PriceUpdateDate>2016-07-06 11:00:32</PriceUpdateDate>
      <ItemCode>7290011240714</ItemCode>
      <ItemType>0</ItemType>
      <ItemName>מיץ ענבים תירוש לבן</ItemName>
      <ManufacturerName>יקבי ציון</ManufacturerName>
      <ManufactureCountry>לא ידוע</ManufactureCountry>
      <ManufacturerItemDescription>מיץ ענבים תירוש לבן 1.5 ליטר</ManufacturerItemDescription>
      <UnitQty>ליטרים</UnitQty>
      <Quantity>1.50</Quantity>
      <UnitOfMeasure>ליטר    </UnitOfMeasure>
      <bIsWeighted>0</bIsWeighted>
      <QtyInPackage>1</QtyInPackage>
      <ItemPrice>16.90</ItemPrice>
      <UnitOfMeasurePrice>11.2667</UnitOfMeasurePrice>
      <AllowDiscount>1</AllowDiscount>
      <ItemStatus>1</ItemStatus>
      <ItemId>268817</ItemId>
    </Item>
    <Item>
      <PriceUpdateDate>2016-07-11 10:35:32</PriceUpdateDate>
      <ItemCode>3672066</ItemCode>
      <ItemType>0</ItemType>
      <ItemName>פילה אמנון בואקום</ItemName>
      <ManufacturerName>,</ManufacturerName>
      <ManufactureCountry>לא ידוע</ManufactureCountry>
      <ManufacturerItemDescription>פילה אמנון בואקום</ManufacturerItemDescription>
      <UnitQty>קילוגרמים</UnitQty>
      <Quantity>1.00</Quantity>
      <UnitOfMeasure>ק"ג</UnitOfMeasure>
      <bIsWeighted>1</bIsWeighted>
      <QtyInPackage>לא ידוע</QtyInPackage>
      <ItemPrice>34.90</ItemPrice>
      <UnitOfMeasurePrice>34.9000</UnitOfMeasurePrice>
      <AllowDiscount>1</AllowDiscount>
      <ItemStatus>1</ItemStatus>
      <ItemId>268837</ItemId>
    </Item>
    <Item>
      <PriceUpdateDate>2016-07-11 13:05:32</PriceUpdateDate>
      <ItemCode>7290012439353</ItemCode>
      <ItemType>0</ItemType>
      <ItemName>גביעי גלידה 60 יח או</ItemName>
      <ManufacturerName>,</ManufacturerName>
      <ManufactureCountry>לא ידוע</ManufactureCountry>
      <ManufacturerItemDescription>גביעי גלידה 60 יח אושר עד</ManufacturerItemDescription>
      <UnitQty>גרמים</UnitQty>
      <Quantity>250.00</Quantity>
      <UnitOfMeasure>100 גרם</UnitOfMeasure>
      <bIsWeighted>0</bIsWeighted>
      <QtyInPackage>1</QtyInPackage>
      <ItemPrice>9.90</ItemPrice>
      <UnitOfMeasurePrice>3.9600</UnitOfMeasurePrice>
      <AllowDiscount>1</AllowDiscount>
      <ItemStatus>1</ItemStatus>
      <ItemId>268840</ItemId>
    </Item>
    <Item>
      <PriceUpdateDate>2016-07-11 14:20:32</PriceUpdateDate>
      <ItemCode>7290900010398</ItemCode>
      <ItemType>1</ItemType>
      <ItemName>פרדסים לימונענע 1.5</ItemName>
      <ManufacturerName>,</ManufacturerName>
      <ManufactureCountry>לא ידוע</ManufactureCountry>
      <ManufacturerItemDescription>פרדסים לימונענע 1.5 ליטר</ManufacturerItemDescription>
      <UnitQty>ליטרים</UnitQty>
      <Quantity>1.50</Quantity>
      <UnitOfMeasure>ליטר    </UnitOfMeasure>
      <bIsWeighted>0</bIsWeighted>
      <QtyInPackage>1</QtyInPackage>
      <ItemPrice>3.90</ItemPrice>
      <UnitOfMeasurePrice>2.6000</UnitOfMeasurePrice>
      <AllowDiscount>1</AllowDiscount>
      <ItemStatus>1</ItemStatus>
      <ItemId>268841</ItemId>
    </Item>
    <Item>
      <PriceUpdateDate>2016-07-11 14:20:32</PriceUpdateDate>
      <ItemCode>7290900010404</ItemCode>
      <ItemType>1</ItemType>
      <ItemName>פרדסים תפוזים 1.5 לי</ItemName>
      <ManufacturerName>,</ManufacturerName>
      <ManufactureCountry>לא ידוע</ManufactureCountry>
      <ManufacturerItemDescription>פרדסים תפוזים 1.5 ליטר</ManufacturerItemDescription>
      <UnitQty>ליטרים</UnitQty>
      <Quantity>1.50</Quantity>
      <UnitOfMeasure>ליטר    </UnitOfMeasure>
      <bIsWeighted>0</bIsWeighted>
      <QtyInPackage>1</QtyInPackage>
      <ItemPrice>3.90</ItemPrice>
      <UnitOfMeasurePrice>2.6000</UnitOfMeasurePrice>
      <AllowDiscount>1</AllowDiscount>
      <ItemStatus>1</ItemStatus>
      <ItemId>268842</ItemId>
    </Item>
    <Item>
      <PriceUpdateDate>2016-07-11 14:20:32</PriceUpdateDate>
      <ItemCode>7290900010411</ItemCode>
      <ItemType>1</ItemType>
      <ItemName>פרדסים תפוחים 1.5 לי</ItemName>
      <ManufacturerName>,</ManufacturerName>
      <ManufactureCountry>לא ידוע</ManufactureCountry>
      <ManufacturerItemDescription>פרדסים תפווחים 1.5 ליטר</ManufacturerItemDescription>
      <UnitQty>ליטרים</UnitQty>
      <Quantity>1.50</Quantity>
      <UnitOfMeasure>ליטר    </UnitOfMeasure>
      <bIsWeighted>0</bIsWeighted>
      <QtyInPackage>1</QtyInPackage>
      <ItemPrice>3.90</ItemPrice>
      <UnitOfMeasurePrice>2.6000</UnitOfMeasurePrice>
      <AllowDiscount>1</AllowDiscount>
      <ItemStatus>1</ItemStatus>
      <ItemId>268843</ItemId>
    </Item>
    <Item>
      <PriceUpdateDate>2016-07-11 14:20:32</PriceUpdateDate>
      <ItemCode>7290900010428</ItemCode>
      <ItemType>1</ItemType>
      <ItemName>פרדסים ענבים 1.5 ליט</ItemName>
      <ManufacturerName>,</ManufacturerName>
      <ManufactureCountry>לא ידוע</ManufactureCountry>
      <ManufacturerItemDescription>פרדסים ענבים 1.5 ליטר</ManufacturerItemDescription>
      <UnitQty>ליטרים</UnitQty>
      <Quantity>1.50</Quantity>
      <UnitOfMeasure>ליטר    </UnitOfMeasure>
      <bIsWeighted>0</bIsWeighted>
      <QtyInPackage>1</QtyInPackage>
      <ItemPrice>3.90</ItemPrice>
      <UnitOfMeasurePrice>2.6000</UnitOfMeasurePrice>
      <AllowDiscount>1</AllowDiscount>
      <ItemStatus>1</ItemStatus>
      <ItemId>268844</ItemId>
    </Item>
    <Item>
      <PriceUpdateDate>2016-07-17 09:20:31</PriceUpdateDate>
      <ItemCode>8712561535243</ItemCode>
      <ItemType>1</ItemType>
      <ItemName>דאו אקס אפולו</ItemName>
      <ManufacturerName>,</ManufacturerName>
      <ManufactureCountry>לא ידוע</ManufactureCountry>
      <ManufacturerItemDescription>דאו אקס אפולו</ManufacturerItemDescription>
      <UnitQty>מיליליטרים</UnitQty>
      <Quantity>150.00</Quantity>
      <UnitOfMeasure>100 מ"ל</UnitOfMeasure>
      <bIsWeighted>0</bIsWeighted>
      <QtyInPackage>1</QtyInPackage>
      <ItemPrice>9.90</ItemPrice>
      <UnitOfMeasurePrice>6.6000</UnitOfMeasurePrice>
      <AllowDiscount>1</AllowDiscount>
      <ItemStatus>1</ItemStatus>
      <ItemId>268864</ItemId>
    </Item>
    <Item>
      <PriceUpdateDate>2016-07-17 14:20:35</PriceUpdateDate>
      <ItemCode>3144907</ItemCode>
      <ItemType>0</ItemType>
      <ItemName>סוכריות גומי ממולאות</ItemName>
      <ManufacturerName>סאאדת</ManufacturerName>
      <ManufactureCountry>תורכיה</ManufactureCountry>
      <ManufacturerItemDescription>סוכריות גומי ממולאות בטעם פירות 250 גרם</ManufacturerItemDescription>
      <UnitQty>גרמים</UnitQty>
      <Quantity>250.00</Quantity>
      <UnitOfMeasure>100 גרם</UnitOfMeasure>
      <bIsWeighted>0</bIsWeighted>
      <QtyInPackage>1</QtyInPackage>
      <ItemPrice>4.90</ItemPrice>
      <UnitOfMeasurePrice>1.9600</UnitOfMeasurePrice>
      <AllowDiscount>1</AllowDiscount>
      <ItemStatus>1</ItemStatus>
      <ItemId>268868</ItemId>
    </Item>
    <Item>
      <PriceUpdateDate>2016-07-17 14:20:35</PriceUpdateDate>
      <ItemCode>8683323041107</ItemCode>
      <ItemType>0</ItemType>
      <ItemName>יוגוטה מקלות תות שדה</ItemName>
      <ManufacturerName>סאאדת</ManufacturerName>
      <ManufactureCountry>תורכיה</ManufactureCountry>
      <ManufacturerItemDescription>יוגוטה מקלות תות שדה 35 גרם</ManufacturerItemDescription>
      <UnitQty>גרמים</UnitQty>
      <Quantity>35.00</Quantity>
      <UnitOfMeasure>100 גרם</UnitOfMeasure>
      <bIsWeighted>0</bIsWeighted>
      <QtyInPackage>1</QtyInPackage>
      <ItemPrice>1.50</ItemPrice>
      <UnitOfMeasurePrice>4.2857</UnitOfMeasurePrice>
      <AllowDiscount>1</AllowDiscount>
      <ItemStatus>1</ItemStatus>
      <ItemId>268869</ItemId>
    </Item>
    <Item>
      <PriceUpdateDate>2016-07-17 14:20:35</PriceUpdateDate>
      <ItemCode>3144600</ItemCode>
      <ItemType>0</ItemType>
      <ItemName>מארז שישיית שוקולד מ</ItemName>
      <ManufacturerName>אייברקקאו</ManufacturerName>
      <ManufactureCountry>ספרד</ManufactureCountry>
      <ManufacturerItemDescription>מארז שישיית שוקולד מריר צוקוטה 600 גרם</ManufacturerItemDescription>
      <UnitQty>גרמים</UnitQty>
      <Quantity>600.00</Quantity>
      <UnitOfMeasure>100 גרם</UnitOfMeasure>
      <bIsWeighted>0</bIsWeighted>
      <QtyInPackage>1</QtyInPackage>
      <ItemPrice>14.90</ItemPrice>
      <UnitOfMeasurePrice>2.4833</UnitOfMeasurePrice>
      <AllowDiscount>1</AllowDiscount>
      <ItemStatus>1</ItemStatus>
      <ItemId>268871</ItemId>
    </Item>
    <Item>
      <PriceUpdateDate>2016-07-17 16:25:34</PriceUpdateDate>
      <ItemCode>7290015664042</ItemCode>
      <ItemType>1</ItemType>
      <ItemName>רולי פרי ממתק בטעם ת</ItemName>
      <ManufacturerName>,</ManufacturerName>
      <ManufactureCountry>לא ידוע</ManufactureCountry>
      <ManufacturerItemDescription>רול פרי ממתק בטעם תות שדה 21 גרם</ManufacturerItemDescription>
      <UnitQty>גרמים</UnitQty>
      <Quantity>21.00</Quantity>
      <UnitOfMeasure>100 גרם</UnitOfMeasure>
      <bIsWeighted>0</bIsWeighted>
      <QtyInPackage>1</QtyInPackage>
      <ItemPrice>0.50</ItemPrice>
      <UnitOfMeasurePrice>2.3810</UnitOfMeasurePrice>
      <AllowDiscount>1</AllowDiscount>
      <ItemStatus>1</ItemStatus>
      <ItemId>268876</ItemId>
    </Item>
    <Item>
      <PriceUpdateDate>2016-07-17 16:25:34</PriceUpdateDate>
      <ItemCode>7290015664059</ItemCode>
      <ItemType>1</ItemType>
      <ItemName>רולי פרי ממתק בטעם ע</ItemName>
      <ManufacturerName>,</ManufacturerName>
      <ManufactureCountry>לא ידוע</ManufactureCountry>
      <ManufacturerItemDescription>רול פרי ממתק בטעם ענבים 21 גרם</ManufacturerItemDescription>
      <UnitQty>גרמים</UnitQty>
      <Quantity>21.00</Quantity>
      <UnitOfMeasure>100 גרם</UnitOfMeasure>
      <bIsWeighted>0</bIsWeighted>
      <QtyInPackage>1</QtyInPackage>
      <ItemPrice>0.50</ItemPrice>
      <UnitOfMeasurePrice>2.3810</UnitOfMeasurePrice>
      <AllowDiscount>1</AllowDiscount>
      <ItemStatus>1</ItemStatus>
      <ItemId>268877</ItemId>
    </Item>
    <Item>
      <PriceUpdateDate>2016-07-17 16:25:34</PriceUpdateDate>
      <ItemCode>7290106662230</ItemCode>
      <ItemType>0</ItemType>
      <ItemName>בפלות טוב טעם 445 גר</ItemName>
      <ManufacturerName>עלית</ManufacturerName>
      <ManufactureCountry>לא ידוע</ManufactureCountry>
      <ManufacturerItemDescription>בפלות טוב טעם 445 גרם בד"צ</ManufacturerItemDescription>
      <UnitQty>גרמים</UnitQty>
      <Quantity>445.00</Quantity>
      <UnitOfMeasure>100 גרם</UnitOfMeasure>
      <bIsWeighted>0</bIsWeighted>
      <QtyInPackage>1</QtyInPackage>
      <ItemPrice>15.90</ItemPrice>
      <UnitOfMeasurePrice>3.5730</UnitOfMeasurePrice>
      <AllowDiscount>1</AllowDiscount>
      <ItemStatus>1</ItemStatus>
      <ItemId>268880</ItemId>
    </Item>
    <Item>
      <PriceUpdateDate>2016-07-17 16:25:34</PriceUpdateDate>
      <ItemCode>7290106729933</ItemCode>
      <ItemType>0</ItemType>
      <ItemName>מעדן פרי תפוח אגס יד</ItemName>
      <ManufacturerName>שטראוס</ManufacturerName>
      <ManufactureCountry>לא ידוע</ManufactureCountry>
      <ManufacturerItemDescription>מעדן פרי תפוח אגס יד מרדכי 250 גרם</ManufacturerItemDescription>
      <UnitQty>גרמים</UnitQty>
      <Quantity>250.00</Quantity>
      <UnitOfMeasure>100 גרם</UnitOfMeasure>
      <bIsWeighted>0</bIsWeighted>
      <QtyInPackage>1</QtyInPackage>
      <ItemPrice>11.90</ItemPrice>
      <UnitOfMeasurePrice>4.7600</UnitOfMeasurePrice>
      <AllowDiscount>1</AllowDiscount>
      <ItemStatus>1</ItemStatus>
      <ItemId>268882</ItemId>
    </Item>
    <Item>
      <PriceUpdateDate>2016-07-17 16:25:34</PriceUpdateDate>
      <ItemCode>484747</ItemCode>
      <ItemType>0</ItemType>
      <ItemName>עלית הארק 40% 700 מ"</ItemName>
      <ManufacturerName>יקב הגליל שווק בעמ</ManufacturerName>
      <ManufactureCountry>לא ידוע</ManufactureCountry>
      <ManufacturerItemDescription>עלית הארק 40% 700 מ"ל</ManufacturerItemDescription>
      <UnitQty>מיליליטרים</UnitQty>
      <Quantity>700.00</Quantity>
      <UnitOfMeasure>100 מ"ל</UnitOfMeasure>
      <bIsWeighted>0</bIsWeighted>
      <QtyInPackage>1</QtyInPackage>
      <ItemPrice>59.90</ItemPrice>
      <UnitOfMeasurePrice>8.5571</UnitOfMeasurePrice>
      <AllowDiscount>1</AllowDiscount>
      <ItemStatus>1</ItemStatus>
      <ItemId>268884</ItemId>
    </Item>
    <Item>
      <PriceUpdateDate>2016-07-18 11:50:34</PriceUpdateDate>
      <ItemCode>7290014855779</ItemCode>
      <ItemType>1</ItemType>
      <ItemName>מארז 5 מגבונים לחים</ItemName>
      <ManufacturerName>D.P.L</ManufacturerName>
      <ManufactureCountry>לא ידוע</ManufactureCountry>
      <ManufacturerItemDescription>מארז 5 מגבונים לחים פרימיום עם דיספנסר</ManufacturerItemDescription>
      <UnitQty>Unknown </UnitQty>
      <Quantity>0.00</Quantity>
      <UnitOfMeasure>Unknown </UnitOfMeasure>
      <bIsWeighted>0</bIsWeighted>
      <QtyInPackage>1</QtyInPackage>
      <ItemPrice>19.90</ItemPrice>
      <UnitOfMeasurePrice>0.0000</UnitOfMeasurePrice>
      <AllowDiscount>1</AllowDiscount>
      <ItemStatus>1</ItemStatus>
      <ItemId>268901</ItemId>
    </Item>
    <Item>
      <PriceUpdateDate>2016-08-17 10:51:28</PriceUpdateDate>
      <ItemCode>5411188118732</ItemCode>
      <ItemType>0</ItemType>
      <ItemName>משקה אלפרו קוקוס ושק</ItemName>
      <ManufacturerName>אלפרו</ManufacturerName>
      <ManufactureCountry>לא ידוע</ManufactureCountry>
      <ManufacturerItemDescription>משקה אלפרו קוקוס ושקדים 1 ליטר</ManufacturerItemDescription>
      <UnitQty>ליטרים</UnitQty>
      <Quantity>1.00</Quantity>
      <UnitOfMeasure>ליטר    </UnitOfMeasure>
      <bIsWeighted>0</bIsWeighted>
      <QtyInPackage>1</QtyInPackage>
      <ItemPrice>12.90</ItemPrice>
      <UnitOfMeasurePrice>12.9000</UnitOfMeasurePrice>
      <AllowDiscount>1</AllowDiscount>
      <ItemStatus>1</ItemStatus>
      <ItemId>268903</ItemId>
    </Item>
    <Item>
      <PriceUpdateDate>2016-08-17 10:51:28</PriceUpdateDate>
      <ItemCode>5411188120742</ItemCode>
      <ItemType>0</ItemType>
      <ItemName>משקה אלפרו שקדים בטע</ItemName>
      <ManufacturerName>אלפרו</ManufacturerName>
      <ManufactureCountry>לא ידוע</ManufactureCountry>
      <ManufacturerItemDescription>משקה אלפרו שקדים בטעם וניל 1 ליטר</ManufacturerItemDescription>
      <UnitQty>ליטרים</UnitQty>
      <Quantity>1.00</Quantity>
      <UnitOfMeasure>ליטר    </UnitOfMeasure>
      <bIsWeighted>0</bIsWeighted>
      <QtyInPackage>1</QtyInPackage>
      <ItemPrice>12.90</ItemPrice>
      <UnitOfMeasurePrice>12.9000</UnitOfMeasurePrice>
      <AllowDiscount>1</AllowDiscount>
      <ItemStatus>1</ItemStatus>
      <ItemId>268904</ItemId>
    </Item>
    <Item>
      <PriceUpdateDate>2016-07-18 17:40:34</PriceUpdateDate>
      <ItemCode>8683323040100</ItemCode>
      <ItemType>0</ItemType>
      <ItemName>יוגוטה מקלות תותי פר</ItemName>
      <ManufacturerName>סאאדת</ManufacturerName>
      <ManufactureCountry>תורכיה</ManufactureCountry>
      <ManufacturerItemDescription>יוגוטה מקלות תות שדה 35 גרם</ManufacturerItemDescription>
      <UnitQty>גרמים</UnitQty>
      <Quantity>35.00</Quantity>
      <UnitOfMeasure>100 גרם</UnitOfMeasure>
      <bIsWeighted>0</bIsWeighted>
      <QtyInPackage>1</QtyInPackage>
      <ItemPrice>1.50</ItemPrice>
      <UnitOfMeasurePrice>4.2857</UnitOfMeasurePrice>
      <AllowDiscount>1</AllowDiscount>
      <ItemStatus>1</ItemStatus>
      <ItemId>268907</ItemId>
    </Item>
    <Item>
      <PriceUpdateDate>2016-07-19 19:45:33</PriceUpdateDate>
      <ItemCode>7290016255850</ItemCode>
      <ItemType>0</ItemType>
      <ItemName>גל כביסה ירוק מגיק 3</ItemName>
      <ManufacturerName>,</ManufacturerName>
      <ManufactureCountry>לא ידוע</ManufactureCountry>
      <ManufacturerItemDescription>גל כביסה ירוק מגיק 3 ליטר</ManufacturerItemDescription>
      <UnitQty>ליטרים</UnitQty>
      <Quantity>3.00</Quantity>
      <UnitOfMeasure>ליטר    </UnitOfMeasure>
      <bIsWeighted>0</bIsWeighted>
      <QtyInPackage>1</QtyInPackage>
      <ItemPrice>16.90</ItemPrice>
      <UnitOfMeasurePrice>5.6333</UnitOfMeasurePrice>
      <AllowDiscount>1</AllowDiscount>
      <ItemStatus>1</ItemStatus>
      <ItemId>268915</ItemId>
    </Item>
    <Item>
      <PriceUpdateDate>2016-07-20 14:20:33</PriceUpdateDate>
      <ItemCode>7290014762039</ItemCode>
      <ItemType>0</ItemType>
      <ItemName>מעדן YOLO מוס שוקולד</ItemName>
      <ManufacturerName>תנובה מרכז שיתופי לש</ManufacturerName>
      <ManufactureCountry>ישראל</ManufactureCountry>
      <ManufacturerItemDescription>מעדן YOLO מוס שוקולד חלב 78 גרם</ManufacturerItemDescription>
      <UnitQty>גרמים</UnitQty>
      <Quantity>78.00</Quantity>
      <UnitOfMeasure>100 גרם</UnitOfMeasure>
      <bIsWeighted>0</bIsWeighted>
      <QtyInPackage>1</QtyInPackage>
      <ItemPrice>3.30</ItemPrice>
      <UnitOfMeasurePrice>4.2308</UnitOfMeasurePrice>
      <AllowDiscount>1</AllowDiscount>
      <ItemStatus>1</ItemStatus>
      <ItemId>268916</ItemId>
    </Item>
    <Item>
      <PriceUpdateDate>2016-07-20 14:20:33</PriceUpdateDate>
      <ItemCode>7290014762046</ItemCode>
      <ItemType>0</ItemType>
      <ItemName>מעדן YOLO מוס שוקולד</ItemName>
      <ManufacturerName>תנובה מרכז שיתופי לש</ManufacturerName>
      <ManufactureCountry>ישראל</ManufactureCountry>
      <ManufacturerItemDescription>מעדן YOLO מוס שוקולד לבן 78 גרם</ManufacturerItemDescription>
      <UnitQty>גרמים</UnitQty>
      <Quantity>78.00</Quantity>
      <UnitOfMeasure>100 גרם</UnitOfMeasure>
      <bIsWeighted>0</bIsWeighted>
      <QtyInPackage>1</QtyInPackage>
      <ItemPrice>3.30</ItemPrice>
      <UnitOfMeasurePrice>4.2308</UnitOfMeasurePrice>
      <AllowDiscount>1</AllowDiscount>
      <ItemStatus>1</ItemStatus>
      <ItemId>268917</ItemId>
    </Item>
    <Item>
      <PriceUpdateDate>2016-07-25 11:25:34</PriceUpdateDate>
      <ItemCode>7290108350623</ItemCode>
      <ItemType>0</ItemType>
      <ItemName>מרכך ביסה מקסימה סופ</ItemName>
      <ManufacturerName>סנו</ManufacturerName>
      <ManufactureCountry>לא ידוע</ManufactureCountry>
      <ManufacturerItemDescription>מ.כביסה מקסימה סופר מרוכז סופט סילק 1 לי</ManufacturerItemDescription>
      <UnitQty>ליטרים</UnitQty>
      <Quantity>1.00</Quantity>
      <UnitOfMeasure>ליטר    </UnitOfMeasure>
      <bIsWeighted>0</bIsWeighted>
      <QtyInPackage>1</QtyInPackage>
      <ItemPrice>9.90</ItemPrice>
      <UnitOfMeasurePrice>9.9000</UnitOfMeasurePrice>
      <AllowDiscount>1</AllowDiscount>
      <ItemStatus>1</ItemStatus>
      <ItemId>268972</ItemId>
    </Item>
    <Item>
      <PriceUpdateDate>2016-07-25 11:25:34</PriceUpdateDate>
      <ItemCode>7290108350616</ItemCode>
      <ItemType>0</ItemType>
      <ItemName>מרכך כביסה מקסימה סו</ItemName>
      <ManufacturerName>סנו</ManufacturerName>
      <ManufactureCountry>לא ידוע</ManufactureCountry>
      <ManufacturerItemDescription>מ.כביסה מקסימה סופר מרוכז כחול 1 ליטר</ManufacturerItemDescription>
      <UnitQty>ליטרים</UnitQty>
      <Quantity>1.00</Quantity>
      <UnitOfMeasure>ליטר    </UnitOfMeasure>
      <bIsWeighted>0</bIsWeighted>
      <QtyInPackage>1</QtyInPackage>
      <ItemPrice>9.90</ItemPrice>
      <UnitOfMeasurePrice>9.9000</UnitOfMeasurePrice>
      <AllowDiscount>1</AllowDiscount>
      <ItemStatus>1</ItemStatus>
      <ItemId>268973</ItemId>
    </Item>
    <Item>
      <PriceUpdateDate>2016-07-27 13:05:33</PriceUpdateDate>
      <ItemCode>7290107940528</ItemCode>
      <ItemType>0</ItemType>
      <ItemName>מארז גמדים ארטיק 300</ItemName>
      <ManufacturerName>שטראוס</ManufacturerName>
      <ManufactureCountry>לא ידוע</ManufactureCountry>
      <ManufacturerItemDescription>מארז גמדים ארטיק 300 גרם</ManufacturerItemDescription>
      <UnitQty>גרמים</UnitQty>
      <Quantity>300.00</Quantity>
      <UnitOfMeasure>100 גרם</UnitOfMeasure>
      <bIsWeighted>0</bIsWeighted>
      <QtyInPackage>1</QtyInPackage>
      <ItemPrice>10.90</ItemPrice>
      <UnitOfMeasurePrice>3.6333</UnitOfMeasurePrice>
      <AllowDiscount>1</AllowDiscount>
      <ItemStatus>1</ItemStatus>
      <ItemId>269004</ItemId>
    </Item>
    <Item>
      <PriceUpdateDate>2016-07-28 15:10:33</PriceUpdateDate>
      <ItemCode>7290109351568</ItemCode>
      <ItemType>1</ItemType>
      <ItemName>קריספי פלחי תפו"א אפ</ItemName>
      <ManufacturerName>אסם</ManufacturerName>
      <ManufactureCountry>ישראל</ManufactureCountry>
      <ManufacturerItemDescription>קריספי פלחי תפו"א אפוי 150 גרם</ManufacturerItemDescription>
      <UnitQty>גרמים</UnitQty>
      <Quantity>150.00</Quantity>
      <UnitOfMeasure>100 גרם</UnitOfMeasure>
      <bIsWeighted>0</bIsWeighted>
      <QtyInPackage>1</QtyInPackage>
      <ItemPrice>10.90</ItemPrice>
      <UnitOfMeasurePrice>7.2667</UnitOfMeasurePrice>
      <AllowDiscount>1</AllowDiscount>
      <ItemStatus>1</ItemStatus>
      <ItemId>269020</ItemId>
    </Item>
    <Item>
      <PriceUpdateDate>2016-07-27 17:40:31</PriceUpdateDate>
      <ItemCode>7290108352689</ItemCode>
      <ItemType>1</ItemType>
      <ItemName>כריות קרצוף 9 יח</ItemName>
      <ManufacturerName>סנו</ManufacturerName>
      <ManufactureCountry>ישראל</ManufactureCountry>
      <ManufacturerItemDescription>כריות קרצוף 9 יח</ManufacturerItemDescription>
      <UnitQty>Unknown </UnitQty>
      <Quantity>0.00</Quantity>
      <UnitOfMeasure>Unknown </UnitOfMeasure>
      <bIsWeighted>0</bIsWeighted>
      <QtyInPackage>1</QtyInPackage>
      <ItemPrice>9.90</ItemPrice>
      <UnitOfMeasurePrice>0.0000</UnitOfMeasurePrice>
      <AllowDiscount>1</AllowDiscount>
      <ItemStatus>1</ItemStatus>
      <ItemId>269014</ItemId>
    </Item>
    <Item>
      <PriceUpdateDate>2016-07-27 17:40:31</PriceUpdateDate>
      <ItemCode>7290108350203</ItemCode>
      <ItemType>1</ItemType>
      <ItemName>כריות קרצוף עם ספוג</ItemName>
      <ManufacturerName>סנו</ManufacturerName>
      <ManufactureCountry>ישראל</ManufactureCountry>
      <ManufacturerItemDescription>כריות קרצוף עם ספוג מקציץ 6 יח</ManufacturerItemDescription>
      <UnitQty>Unknown </UnitQty>
      <Quantity>0.00</Quantity>
      <UnitOfMeasure>Unknown </UnitOfMeasure>
      <bIsWeighted>0</bIsWeighted>
      <QtyInPackage>1</QtyInPackage>
      <ItemPrice>9.90</ItemPrice>
      <UnitOfMeasurePrice>0.0000</UnitOfMeasurePrice>
      <AllowDiscount>1</AllowDiscount>
      <ItemStatus>1</ItemStatus>
      <ItemId>269015</ItemId>
    </Item>
    <Item>
      <PriceUpdateDate>2016-07-28 19:45:32</PriceUpdateDate>
      <ItemCode>29424000724</ItemCode>
      <ItemType>0</ItemType>
      <ItemName>ופל בטעם שוקולד 200</ItemName>
      <ManufacturerName>,</ManufacturerName>
      <ManufactureCountry>לא ידוע</ManufactureCountry>
      <ManufacturerItemDescription>ופל בטעם שוקולד 200 גרם</ManufacturerItemDescription>
      <UnitQty>גרמים</UnitQty>
      <Quantity>200.00</Quantity>
      <UnitOfMeasure>100 גרם</UnitOfMeasure>
      <bIsWeighted>0</bIsWeighted>
      <QtyInPackage>1</QtyInPackage>
      <ItemPrice>2.90</ItemPrice>
      <UnitOfMeasurePrice>1.4500</UnitOfMeasurePrice>
      <AllowDiscount>1</AllowDiscount>
      <ItemStatus>1</ItemStatus>
      <ItemId>269024</ItemId>
    </Item>
    <Item>
      <PriceUpdateDate>2016-07-28 19:45:32</PriceUpdateDate>
      <ItemCode>29424000816</ItemCode>
      <ItemType>0</ItemType>
      <ItemName>ופל בטעם לימון 200 ג</ItemName>
      <ManufacturerName>,</ManufacturerName>
      <ManufactureCountry>לא ידוע</ManufactureCountry>
      <ManufacturerItemDescription>ופל בטעם לימון 200 גרם</ManufacturerItemDescription>
      <UnitQty>גרמים</UnitQty>
      <Quantity>200.00</Quantity>
      <UnitOfMeasure>100 גרם</UnitOfMeasure>
      <bIsWeighted>0</bIsWeighted>
      <QtyInPackage>1</QtyInPackage>
      <ItemPrice>2.90</ItemPrice>
      <UnitOfMeasurePrice>1.4500</UnitOfMeasurePrice>
      <AllowDiscount>1</AllowDiscount>
      <ItemStatus>1</ItemStatus>
      <ItemId>269025</ItemId>
    </Item>
    <Item>
      <PriceUpdateDate>2016-07-28 19:45:32</PriceUpdateDate>
      <ItemCode>29424000984</ItemCode>
      <ItemType>0</ItemType>
      <ItemName>ופל בטעם אגוז 200 גר</ItemName>
      <ManufacturerName>,</ManufacturerName>
      <ManufactureCountry>לא ידוע</ManufactureCountry>
      <ManufacturerItemDescription>ופל בטעם אגוז 200 גרם</ManufacturerItemDescription>
      <UnitQty>גרמים</UnitQty>
      <Quantity>200.00</Quantity>
      <UnitOfMeasure>100 גרם</UnitOfMeasure>
      <bIsWeighted>0</bIsWeighted>
      <QtyInPackage>1</QtyInPackage>
      <ItemPrice>2.90</ItemPrice>
      <UnitOfMeasurePrice>1.4500</UnitOfMeasurePrice>
      <AllowDiscount>1</AllowDiscount>
      <ItemStatus>1</ItemStatus>
      <ItemId>269026</ItemId>
    </Item>
    <Item>
      <PriceUpdateDate>2016-07-28 19:45:32</PriceUpdateDate>
      <ItemCode>7290100925812</ItemCode>
      <ItemType>0</ItemType>
      <ItemName>מארז מרכך כביסה 4 לי</ItemName>
      <ManufacturerName>הנקל סוד</ManufacturerName>
      <ManufactureCountry>ישראל</ManufactureCountry>
      <ManufacturerItemDescription>מארז מרכך כביסה 4 ליטר כחול+ מרוכז 900 מ</ManufacturerItemDescription>
      <UnitQty>ליטרים</UnitQty>
      <Quantity>4.90</Quantity>
      <UnitOfMeasure>ליטר    </UnitOfMeasure>
      <bIsWeighted>0</bIsWeighted>
      <QtyInPackage>1</QtyInPackage>
      <ItemPrice>19.90</ItemPrice>
      <UnitOfMeasurePrice>4.0612</UnitOfMeasurePrice>
      <AllowDiscount>1</AllowDiscount>
      <ItemStatus>1</ItemStatus>
      <ItemId>269027</ItemId>
    </Item>
    <Item>
      <PriceUpdateDate>2016-07-28 19:45:32</PriceUpdateDate>
      <ItemCode>7290100925805</ItemCode>
      <ItemType>0</ItemType>
      <ItemName>מארז מרכך כביסה 4 לי</ItemName>
      <ManufacturerName>הנקל סוד</ManufacturerName>
      <ManufactureCountry>ישראל</ManufactureCountry>
      <ManufacturerItemDescription>מארז מרכך כביסה 4 ליטר ורוד+ מרוכז 900 מ</ManufacturerItemDescription>
      <UnitQty>ליטרים</UnitQty>
      <Quantity>4.90</Quantity>
      <UnitOfMeasure>ליטר    </UnitOfMeasure>
      <bIsWeighted>0</bIsWeighted>
      <QtyInPackage>1</QtyInPackage>
      <ItemPrice>19.90</ItemPrice>
      <UnitOfMeasurePrice>4.0612</UnitOfMeasurePrice>
      <AllowDiscount>1</AllowDiscount>
      <ItemStatus>1</ItemStatus>
      <ItemId>269028</ItemId>
    </Item>
    <Item>
      <PriceUpdateDate>2016-07-28 19:45:32</PriceUpdateDate>
      <ItemCode>7290014571044</ItemCode>
      <ItemType>1</ItemType>
      <ItemName>דג וויטפיש 500 גרם</ItemName>
      <ManufacturerName>,</ManufacturerName>
      <ManufactureCountry>לא ידוע</ManufactureCountry>
      <ManufacturerItemDescription>דג וויטפיש</ManufacturerItemDescription>
      <UnitQty>גרמים</UnitQty>
      <Quantity>500.00</Quantity>
      <UnitOfMeasure>100 גרם</UnitOfMeasure>
      <bIsWeighted>0</bIsWeighted>
      <QtyInPackage>1</QtyInPackage>
      <ItemPrice>25.90</ItemPrice>
      <UnitOfMeasurePrice>5.1800</UnitOfMeasurePrice>
      <AllowDiscount>1</AllowDiscount>
      <ItemStatus>1</ItemStatus>
      <ItemId>269029</ItemId>
    </Item>
    <Item>
      <PriceUpdateDate>2016-08-04 12:07:19</PriceUpdateDate>
      <ItemCode>2596745</ItemCode>
      <ItemType>0</ItemType>
      <ItemName>פילה סול ארוז</ItemName>
      <ManufacturerName>דלידג</ManufacturerName>
      <ManufactureCountry>לא ידוע</ManufactureCountry>
      <ManufacturerItemDescription>פילה סול ארוז</ManufacturerItemDescription>
      <UnitQty>קילוגרמים</UnitQty>
      <Quantity>1.00</Quantity>
      <UnitOfMeasure>ק"ג</UnitOfMeasure>
      <bIsWeighted>1</bIsWeighted>
      <QtyInPackage>לא ידוע</QtyInPackage>
      <ItemPrice>22.90</ItemPrice>
      <UnitOfMeasurePrice>22.9000</UnitOfMeasurePrice>
      <AllowDiscount>1</AllowDiscount>
      <ItemStatus>1</ItemStatus>
      <ItemId>269154</ItemId>
    </Item>
    <Item>
      <PriceUpdateDate>2016-08-04 12:15:33</PriceUpdateDate>
      <ItemCode>7290009000580</ItemCode>
      <ItemType>1</ItemType>
      <ItemName>תפו"א למיקרו</ItemName>
      <ManufacturerName>,</ManufacturerName>
      <ManufactureCountry>לא ידוע</ManufactureCountry>
      <ManufacturerItemDescription>תפו"א למיקרו</ManufacturerItemDescription>
      <UnitQty>Unknown </UnitQty>
      <Quantity>0.00</Quantity>
      <UnitOfMeasure>Unknown </UnitOfMeasure>
      <bIsWeighted>0</bIsWeighted>
      <QtyInPackage>1</QtyInPackage>
      <ItemPrice>6.90</ItemPrice>
      <UnitOfMeasurePrice>0.0000</UnitOfMeasurePrice>
      <AllowDiscount>1</AllowDiscount>
      <ItemStatus>1</ItemStatus>
      <ItemId>269157</ItemId>
    </Item>
    <Item>
      <PriceUpdateDate>2016-08-04 17:40:32</PriceUpdateDate>
      <ItemCode>651219201544</ItemCode>
      <ItemType>1</ItemType>
      <ItemName>גבינת הברטי פרוס עם</ItemName>
      <ManufacturerName>,</ManufacturerName>
      <ManufactureCountry>ארצות הברית</ManufactureCountry>
      <ManufacturerItemDescription>גבינת הברטי פרוס עם שמיר 170 גרם</ManufacturerItemDescription>
      <UnitQty>גרמים</UnitQty>
      <Quantity>170.00</Quantity>
      <UnitOfMeasure>100 גרם</UnitOfMeasure>
      <bIsWeighted>0</bIsWeighted>
      <QtyInPackage>1</QtyInPackage>
      <ItemPrice>22.90</ItemPrice>
      <UnitOfMeasurePrice>13.4706</UnitOfMeasurePrice>
      <AllowDiscount>1</AllowDiscount>
      <ItemStatus>1</ItemStatus>
      <ItemId>269204</ItemId>
    </Item>
    <Item>
      <PriceUpdateDate>2016-08-04 17:40:32</PriceUpdateDate>
      <ItemCode>651219205610</ItemCode>
      <ItemType>1</ItemType>
      <ItemName>גבינת צדר מגורדת 226</ItemName>
      <ManufacturerName>,</ManufacturerName>
      <ManufactureCountry>ארצות הברית</ManufactureCountry>
      <ManufacturerItemDescription>גבינת צדר מגורדת 226 גרם</ManufacturerItemDescription>
      <UnitQty>גרמים</UnitQty>
      <Quantity>226.00</Quantity>
      <UnitOfMeasure>100 גרם</UnitOfMeasure>
      <bIsWeighted>0</bIsWeighted>
      <QtyInPackage>1</QtyInPackage>
      <ItemPrice>25.90</ItemPrice>
      <UnitOfMeasurePrice>11.4602</UnitOfMeasurePrice>
      <AllowDiscount>1</AllowDiscount>
      <ItemStatus>1</ItemStatus>
      <ItemId>269205</ItemId>
    </Item>
    <Item>
      <PriceUpdateDate>2016-08-04 17:40:32</PriceUpdateDate>
      <ItemCode>651219205573</ItemCode>
      <ItemType>1</ItemType>
      <ItemName>תערובת גבינות מגורדו</ItemName>
      <ManufacturerName>,</ManufacturerName>
      <ManufactureCountry>ארצות הברית</ManufactureCountry>
      <ManufacturerItemDescription>תערובת גבינות מגורדות 226 גרם</ManufacturerItemDescription>
      <UnitQty>גרמים</UnitQty>
      <Quantity>226.00</Quantity>
      <UnitOfMeasure>100 גרם</UnitOfMeasure>
      <bIsWeighted>0</bIsWeighted>
      <QtyInPackage>1</QtyInPackage>
      <ItemPrice>25.90</ItemPrice>
      <UnitOfMeasurePrice>11.4602</UnitOfMeasurePrice>
      <AllowDiscount>1</AllowDiscount>
      <ItemStatus>1</ItemStatus>
      <ItemId>269206</ItemId>
    </Item>
    <Item>
      <PriceUpdateDate>2016-08-15 17:21:26</PriceUpdateDate>
      <ItemCode>6112017100261</ItemCode>
      <ItemType>1</ItemType>
      <ItemName>פילה סלומון בורגול ו</ItemName>
      <ManufacturerName>,</ManufacturerName>
      <ManufactureCountry>לא ידוע</ManufactureCountry>
      <ManufacturerItemDescription>פילה סלומון בורגול וקוביות גזר</ManufacturerItemDescription>
      <UnitQty>גרמים</UnitQty>
      <Quantity>400.00</Quantity>
      <UnitOfMeasure>100 גרם</UnitOfMeasure>
      <bIsWeighted>0</bIsWeighted>
      <QtyInPackage>1</QtyInPackage>
      <ItemPrice>26.90</ItemPrice>
      <UnitOfMeasurePrice>6.7250</UnitOfMeasurePrice>
      <AllowDiscount>1</AllowDiscount>
      <ItemStatus>1</ItemStatus>
      <ItemId>269368</ItemId>
    </Item>
    <Item>
      <PriceUpdateDate>2016-08-15 17:21:26</PriceUpdateDate>
      <ItemCode>6112017100278</ItemCode>
      <ItemType>1</ItemType>
      <ItemName>ארוחה מוכנה נסיכת הנ</ItemName>
      <ManufacturerName>,</ManufacturerName>
      <ManufactureCountry>לא ידוע</ManufactureCountry>
      <ManufacturerItemDescription>נסיכת הנילוס קוסקוס וירק סיני</ManufacturerItemDescription>
      <UnitQty>גרמים</UnitQty>
      <Quantity>400.00</Quantity>
      <UnitOfMeasure>100 גרם</UnitOfMeasure>
      <bIsWeighted>0</bIsWeighted>
      <QtyInPackage>1</QtyInPackage>
      <ItemPrice>26.90</ItemPrice>
      <UnitOfMeasurePrice>6.7250</UnitOfMeasurePrice>
      <AllowDiscount>1</AllowDiscount>
      <ItemStatus>1</ItemStatus>
      <ItemId>269369</ItemId>
    </Item>
    <Item>
      <PriceUpdateDate>2016-08-08 18:05:34</PriceUpdateDate>
      <ItemCode>910963</ItemCode>
      <ItemType>0</ItemType>
      <ItemName>מגוון טונה בשמן 4*16</ItemName>
      <ManufacturerName>פילטונה</ManufacturerName>
      <ManufactureCountry>לא ידוע</ManufactureCountry>
      <ManufacturerItemDescription>מגוון טונה בשמן 4*160 גרם</ManufacturerItemDescription>
      <UnitQty>גרמים</UnitQty>
      <Quantity>640.00</Quantity>
      <UnitOfMeasure>100 גרם</UnitOfMeasure>
      <bIsWeighted>0</bIsWeighted>
      <QtyInPackage>1</QtyInPackage>
      <ItemPrice>19.90</ItemPrice>
      <UnitOfMeasurePrice>3.1094</UnitOfMeasurePrice>
      <AllowDiscount>1</AllowDiscount>
      <ItemStatus>1</ItemStatus>
      <ItemId>269323</ItemId>
    </Item>
    <Item>
      <PriceUpdateDate>2016-08-08 18:05:34</PriceUpdateDate>
      <ItemCode>911045</ItemCode>
      <ItemType>0</ItemType>
      <ItemName>מגוון ערגליות 300 גר</ItemName>
      <ManufacturerName>אסם</ManufacturerName>
      <ManufactureCountry>לא ידוע</ManufactureCountry>
      <ManufacturerItemDescription>מגוון ערגליות 300 גרם</ManufacturerItemDescription>
      <UnitQty>גרמים</UnitQty>
      <Quantity>300.00</Quantity>
      <UnitOfMeasure>100 גרם</UnitOfMeasure>
      <bIsWeighted>0</bIsWeighted>
      <QtyInPackage>1</QtyInPackage>
      <ItemPrice>9.90</ItemPrice>
      <UnitOfMeasurePrice>3.3000</UnitOfMeasurePrice>
      <AllowDiscount>1</AllowDiscount>
      <ItemStatus>1</ItemStatus>
      <ItemId>269331</ItemId>
    </Item>
    <Item>
      <PriceUpdateDate>2016-08-15 17:21:26</PriceUpdateDate>
      <ItemCode>6112017100285</ItemCode>
      <ItemType>1</ItemType>
      <ItemName>ארוחה מוכנה שוקיים ע</ItemName>
      <ManufacturerName>,</ManufacturerName>
      <ManufactureCountry>לא ידוע</ManufactureCountry>
      <ManufacturerItemDescription>שוקיים עוף קוסקוס וירקות לקוסקוס</ManufacturerItemDescription>
      <UnitQty>גרמים</UnitQty>
      <Quantity>400.00</Quantity>
      <UnitOfMeasure>100 גרם</UnitOfMeasure>
      <bIsWeighted>0</bIsWeighted>
      <QtyInPackage>1</QtyInPackage>
      <ItemPrice>26.90</ItemPrice>
      <UnitOfMeasurePrice>6.7250</UnitOfMeasurePrice>
      <AllowDiscount>1</AllowDiscount>
      <ItemStatus>1</ItemStatus>
      <ItemId>269370</ItemId>
    </Item>
    <Item>
      <PriceUpdateDate>2016-08-15 17:21:26</PriceUpdateDate>
      <ItemCode>6112017100292</ItemCode>
      <ItemType>1</ItemType>
      <ItemName>ארוחה מוכנה רצועות ע</ItemName>
      <ManufacturerName>,</ManufacturerName>
      <ManufactureCountry>לא ידוע</ManufactureCountry>
      <ManufacturerItemDescription>רצועות עוף ברביקיו אורז ואפונה וגזר</ManufacturerItemDescription>
      <UnitQty>גרמים</UnitQty>
      <Quantity>400.00</Quantity>
      <UnitOfMeasure>100 גרם</UnitOfMeasure>
      <bIsWeighted>0</bIsWeighted>
      <QtyInPackage>1</QtyInPackage>
      <ItemPrice>26.90</ItemPrice>
      <UnitOfMeasurePrice>6.7250</UnitOfMeasurePrice>
      <AllowDiscount>1</AllowDiscount>
      <ItemStatus>1</ItemStatus>
      <ItemId>269371</ItemId>
    </Item>
    <Item>
      <PriceUpdateDate>2016-08-09 18:05:33</PriceUpdateDate>
      <ItemCode>7290004193973</ItemCode>
      <ItemType>1</ItemType>
      <ItemName>רגל עגל פרוס עטרה</ItemName>
      <ManufacturerName>,</ManufacturerName>
      <ManufactureCountry>לא ידוע</ManufactureCountry>
      <ManufacturerItemDescription>רגל עגל חלב פרוס עטרה</ManufacturerItemDescription>
      <UnitQty>קילוגרמים</UnitQty>
      <Quantity>1.00</Quantity>
      <UnitOfMeasure>ק"ג</UnitOfMeasure>
      <bIsWeighted>1</bIsWeighted>
      <QtyInPackage>לא ידוע</QtyInPackage>
      <ItemPrice>19.90</ItemPrice>
      <UnitOfMeasurePrice>19.9000</UnitOfMeasurePrice>
      <AllowDiscount>1</AllowDiscount>
      <ItemStatus>1</ItemStatus>
      <ItemId>269372</ItemId>
    </Item>
    <Item>
      <PriceUpdateDate>2016-08-09 18:05:33</PriceUpdateDate>
      <ItemCode>5411188120544</ItemCode>
      <ItemType>0</ItemType>
      <ItemName>מעדן סויה אלפרו בטעם</ItemName>
      <ManufacturerName>אלפרו</ManufacturerName>
      <ManufactureCountry>בריטניה</ManufactureCountry>
      <ManufacturerItemDescription>מעדן סויה אלפרו בטעם קוקוס וסויה 4 יח</ManufacturerItemDescription>
      <UnitQty>גרמים</UnitQty>
      <Quantity>539.00</Quantity>
      <UnitOfMeasure>100 גרם</UnitOfMeasure>
      <bIsWeighted>0</bIsWeighted>
      <QtyInPackage>1</QtyInPackage>
      <ItemPrice>14.90</ItemPrice>
      <UnitOfMeasurePrice>2.7644</UnitOfMeasurePrice>
      <AllowDiscount>1</AllowDiscount>
      <ItemStatus>1</ItemStatus>
      <ItemId>269377</ItemId>
    </Item>
    <Item>
      <PriceUpdateDate>2016-08-09 18:05:33</PriceUpdateDate>
      <ItemCode>5411188119074</ItemCode>
      <ItemType>0</ItemType>
      <ItemName>משקה אלפרו קוקוס בטע</ItemName>
      <ManufacturerName>אלפרו</ManufacturerName>
      <ManufactureCountry>לא ידוע</ManufactureCountry>
      <ManufacturerItemDescription>משקה אלפרו קוקוס בטעם שוקולד 1 ליטר</ManufacturerItemDescription>
      <UnitQty>ליטרים</UnitQty>
      <Quantity>1.00</Quantity>
      <UnitOfMeasure>ליטר    </UnitOfMeasure>
      <bIsWeighted>0</bIsWeighted>
      <QtyInPackage>1</QtyInPackage>
      <ItemPrice>12.90</ItemPrice>
      <UnitOfMeasurePrice>12.9000</UnitOfMeasurePrice>
      <AllowDiscount>1</AllowDiscount>
      <ItemStatus>1</ItemStatus>
      <ItemId>269378</ItemId>
    </Item>
    <Item>
      <PriceUpdateDate>2016-08-09 18:05:33</PriceUpdateDate>
      <ItemCode>5411188114666</ItemCode>
      <ItemType>0</ItemType>
      <ItemName>משקה אלפרו קוקוס בטע</ItemName>
      <ManufacturerName>אלפרו</ManufacturerName>
      <ManufactureCountry>לא ידוע</ManufactureCountry>
      <ManufacturerItemDescription>משקה אלפרו קוקוס בטעם שוקולד מריר 1 ליטר</ManufacturerItemDescription>
      <UnitQty>ליטרים</UnitQty>
      <Quantity>1.00</Quantity>
      <UnitOfMeasure>ליטר    </UnitOfMeasure>
      <bIsWeighted>0</bIsWeighted>
      <QtyInPackage>1</QtyInPackage>
      <ItemPrice>12.90</ItemPrice>
      <UnitOfMeasurePrice>12.9000</UnitOfMeasurePrice>
      <AllowDiscount>1</AllowDiscount>
      <ItemStatus>1</ItemStatus>
      <ItemId>269379</ItemId>
    </Item>
    <Item>
      <PriceUpdateDate>2016-08-09 18:05:33</PriceUpdateDate>
      <ItemCode>7290016197495</ItemCode>
      <ItemType>0</ItemType>
      <ItemName>מארז זוג מטלית הקסם</ItemName>
      <ManufacturerName>חוגלה קימברלי</ManufacturerName>
      <ManufactureCountry>ישראל</ManufactureCountry>
      <ManufacturerItemDescription>מארז זוג מטלית הקסם לרצפה ניקול</ManufacturerItemDescription>
      <UnitQty>Unknown </UnitQty>
      <Quantity>0.00</Quantity>
      <UnitOfMeasure>Unknown </UnitOfMeasure>
      <bIsWeighted>0</bIsWeighted>
      <QtyInPackage>1</QtyInPackage>
      <ItemPrice>19.90</ItemPrice>
      <UnitOfMeasurePrice>0.0000</UnitOfMeasurePrice>
      <AllowDiscount>1</AllowDiscount>
      <ItemStatus>1</ItemStatus>
      <ItemId>269381</ItemId>
    </Item>
    <Item>
      <PriceUpdateDate>2016-08-10 11:25:33</PriceUpdateDate>
      <ItemCode>7290107879668</ItemCode>
      <ItemType>1</ItemType>
      <ItemName>שלגון לה פרוטה תות</ItemName>
      <ManufacturerName>נסטלה</ManufacturerName>
      <ManufactureCountry>לא ידוע</ManufactureCountry>
      <ManufacturerItemDescription>שלגון לה פרוטה תות</ManufacturerItemDescription>
      <UnitQty>Unknown </UnitQty>
      <Quantity>0.00</Quantity>
      <UnitOfMeasure>Unknown </UnitOfMeasure>
      <bIsWeighted>0</bIsWeighted>
      <QtyInPackage>1</QtyInPackage>
      <ItemPrice>5.90</ItemPrice>
      <UnitOfMeasurePrice>0.0000</UnitOfMeasurePrice>
      <AllowDiscount>1</AllowDiscount>
      <ItemStatus>1</ItemStatus>
      <ItemId>269384</ItemId>
    </Item>
    <Item>
      <PriceUpdateDate>2016-08-10 11:25:33</PriceUpdateDate>
      <ItemCode>7290107879644</ItemCode>
      <ItemType>1</ItemType>
      <ItemName>שלגון לה פרוטה תמר פ</ItemName>
      <ManufacturerName>נסטלה</ManufacturerName>
      <ManufactureCountry>לא ידוע</ManufactureCountry>
      <ManufacturerItemDescription>שלגון לה פרוטה תמר פקאן</ManufacturerItemDescription>
      <UnitQty>Unknown </UnitQty>
      <Quantity>0.00</Quantity>
      <UnitOfMeasure>Unknown </UnitOfMeasure>
      <bIsWeighted>0</bIsWeighted>
      <QtyInPackage>1</QtyInPackage>
      <ItemPrice>5.90</ItemPrice>
      <UnitOfMeasurePrice>0.0000</UnitOfMeasurePrice>
      <AllowDiscount>1</AllowDiscount>
      <ItemStatus>1</ItemStatus>
      <ItemId>269386</ItemId>
    </Item>
    <Item>
      <PriceUpdateDate>2016-08-10 11:25:33</PriceUpdateDate>
      <ItemCode>7290107879712</ItemCode>
      <ItemType>1</ItemType>
      <ItemName>שלגון לה פרוטה פירות</ItemName>
      <ManufacturerName>נסטלה</ManufacturerName>
      <ManufactureCountry>לא ידוע</ManufactureCountry>
      <ManufacturerItemDescription>שלגון לה פרוטה פירות אדומים</ManufacturerItemDescription>
      <UnitQty>Unknown </UnitQty>
      <Quantity>0.00</Quantity>
      <UnitOfMeasure>Unknown </UnitOfMeasure>
      <bIsWeighted>0</bIsWeighted>
      <QtyInPackage>1</QtyInPackage>
      <ItemPrice>5.90</ItemPrice>
      <UnitOfMeasurePrice>0.0000</UnitOfMeasurePrice>
      <AllowDiscount>1</AllowDiscount>
      <ItemStatus>1</ItemStatus>
      <ItemId>269388</ItemId>
    </Item>
    <Item>
      <PriceUpdateDate>2015-09-21 08:18:18</PriceUpdateDate>
      <ItemCode>272467</ItemCode>
      <ItemType>0</ItemType>
      <ItemName>סירופ פטל דיאט עסיס</ItemName>
      <ManufacturerName>בית השיטה עסיס תעשיו</ManufacturerName>
      <ManufactureCountry>לא ידוע</ManufactureCountry>
      <ManufacturerItemDescription>סירופ פטל דיאט עסיס 1 ליטר</ManufacturerItemDescription>
      <UnitQty>ליטרים</UnitQty>
      <Quantity>1.00</Quantity>
      <UnitOfMeasure>ליטר    </UnitOfMeasure>
      <bIsWeighted>0</bIsWeighted>
      <QtyInPackage>1</QtyInPackage>
      <ItemPrice>9.90</ItemPrice>
      <UnitOfMeasurePrice>9.9000</UnitOfMeasurePrice>
      <AllowDiscount>1</AllowDiscount>
      <ItemStatus>1</ItemStatus>
      <ItemId>244285</ItemId>
    </Item>
    <Item>
      <PriceUpdateDate>2015-01-01 00:00:00</PriceUpdateDate>
      <ItemCode>1670514</ItemCode>
      <ItemType>0</ItemType>
      <ItemName>מלית אוכמניות 400 גר</ItemName>
      <ManufacturerName>הנמל</ManufacturerName>
      <ManufactureCountry>ישראל</ManufactureCountry>
      <ManufacturerItemDescription>מלית אוכמניות 400 גרם</ManufacturerItemDescription>
      <UnitQty>גרמים</UnitQty>
      <Quantity>400.00</Quantity>
      <UnitOfMeasure>100 גרם</UnitOfMeasure>
      <bIsWeighted>0</bIsWeighted>
      <QtyInPackage>1</QtyInPackage>
      <ItemPrice>9.90</ItemPrice>
      <UnitOfMeasurePrice>2.4750</UnitOfMeasurePrice>
      <AllowDiscount>1</AllowDiscount>
      <ItemStatus>1</ItemStatus>
      <ItemId>222027</ItemId>
    </Item>
    <Item>
      <PriceUpdateDate>2015-01-01 00:00:00</PriceUpdateDate>
      <ItemCode>1670668</ItemCode>
      <ItemType>0</ItemType>
      <ItemName>שקיות הקפאה לקרח 12</ItemName>
      <ManufacturerName>,</ManufacturerName>
      <ManufactureCountry>לא ידוע</ManufactureCountry>
      <ManufacturerItemDescription>שקיות הקפאה לקרח 12 יח"</ManufacturerItemDescription>
      <UnitQty>Unknown </UnitQty>
      <Quantity>0.00</Quantity>
      <UnitOfMeasure>Unknown </UnitOfMeasure>
      <bIsWeighted>0</bIsWeighted>
      <QtyInPackage>1</QtyInPackage>
      <ItemPrice>2.90</ItemPrice>
      <UnitOfMeasurePrice>0.0000</UnitOfMeasurePrice>
      <AllowDiscount>1</AllowDiscount>
      <ItemStatus>1</ItemStatus>
      <ItemId>222029</ItemId>
    </Item>
    <Item>
      <PriceUpdateDate>2015-01-01 00:00:00</PriceUpdateDate>
      <ItemCode>1670675</ItemCode>
      <ItemType>0</ItemType>
      <ItemName>כפפות לטקס M 60 יח</ItemName>
      <ManufacturerName>,</ManufacturerName>
      <ManufactureCountry>לא ידוע</ManufactureCountry>
      <ManufacturerItemDescription>כפפות לטקס M 60 יח</ManufacturerItemDescription>
      <UnitQty>גרמים</UnitQty>
      <Quantity>120.00</Quantity>
      <UnitOfMeasure>100 גרם</UnitOfMeasure>
      <bIsWeighted>0</bIsWeighted>
      <QtyInPackage>1</QtyInPackage>
      <ItemPrice>18.90</ItemPrice>
      <UnitOfMeasurePrice>15.7500</UnitOfMeasurePrice>
      <AllowDiscount>1</AllowDiscount>
      <ItemStatus>1</ItemStatus>
      <ItemId>222030</ItemId>
    </Item>
    <Item>
      <PriceUpdateDate>2016-08-10 11:25:33</PriceUpdateDate>
      <ItemCode>7290001780800</ItemCode>
      <ItemType>1</ItemType>
      <ItemName>שלגון קראנץ שוקולד נ</ItemName>
      <ManufacturerName>נסטלה</ManufacturerName>
      <ManufactureCountry>לא ידוע</ManufactureCountry>
      <ManufacturerItemDescription>שלגון קראנץ שוקולד ליבן נוגט</ManufacturerItemDescription>
      <UnitQty>Unknown </UnitQty>
      <Quantity>0.00</Quantity>
      <UnitOfMeasure>Unknown </UnitOfMeasure>
      <bIsWeighted>0</bIsWeighted>
      <QtyInPackage>1</QtyInPackage>
      <ItemPrice>7.90</ItemPrice>
      <UnitOfMeasurePrice>0.0000</UnitOfMeasurePrice>
      <AllowDiscount>1</AllowDiscount>
      <ItemStatus>1</ItemStatus>
      <ItemId>269390</ItemId>
    </Item>
    <Item>
      <PriceUpdateDate>2016-08-10 11:25:33</PriceUpdateDate>
      <ItemCode>7290001780138</ItemCode>
      <ItemType>1</ItemType>
      <ItemName>שלגון קראנץ וניל</ItemName>
      <ManufacturerName>נסטלה</ManufacturerName>
      <ManufactureCountry>לא ידוע</ManufactureCountry>
      <ManufacturerItemDescription>שלגון קראנץ וניל</ManufacturerItemDescription>
      <UnitQty>Unknown </UnitQty>
      <Quantity>0.00</Quantity>
      <UnitOfMeasure>Unknown </UnitOfMeasure>
      <bIsWeighted>0</bIsWeighted>
      <QtyInPackage>1</QtyInPackage>
      <ItemPrice>7.90</ItemPrice>
      <UnitOfMeasurePrice>0.0000</UnitOfMeasurePrice>
      <AllowDiscount>1</AllowDiscount>
      <ItemStatus>1</ItemStatus>
      <ItemId>269391</ItemId>
    </Item>
    <Item>
      <PriceUpdateDate>2016-08-10 11:25:33</PriceUpdateDate>
      <ItemCode>7290009000757</ItemCode>
      <ItemType>1</ItemType>
      <ItemName>מארז תפו"ע אורלינס</ItemName>
      <ManufacturerName>,</ManufacturerName>
      <ManufactureCountry>לא ידוע</ManufactureCountry>
      <ManufacturerItemDescription>מארז תפו"ע אורלינס</ManufacturerItemDescription>
      <UnitQty>קילוגרמים</UnitQty>
      <Quantity>1.00</Quantity>
      <UnitOfMeasure>ק"ג</UnitOfMeasure>
      <bIsWeighted>1</bIsWeighted>
      <QtyInPackage>לא ידוע</QtyInPackage>
      <ItemPrice>7.90</ItemPrice>
      <UnitOfMeasurePrice>7.9000</UnitOfMeasurePrice>
      <AllowDiscount>1</AllowDiscount>
      <ItemStatus>1</ItemStatus>
      <ItemId>269393</ItemId>
    </Item>
    <Item>
      <PriceUpdateDate>2016-08-10 18:55:34</PriceUpdateDate>
      <ItemCode>911915</ItemCode>
      <ItemType>0</ItemType>
      <ItemName>מגוון דאודורנט טיטני</ItemName>
      <ManufacturerName>אמיליה קוסמטיקס</ManufacturerName>
      <ManufactureCountry>לא ידוע</ManufactureCountry>
      <ManufacturerItemDescription>מגוון דאודורנט טיטניום 180מ"ל</ManufacturerItemDescription>
      <UnitQty>מיליליטרים</UnitQty>
      <Quantity>180.00</Quantity>
      <UnitOfMeasure>100 מ"ל</UnitOfMeasure>
      <bIsWeighted>0</bIsWeighted>
      <QtyInPackage>1</QtyInPackage>
      <ItemPrice>19.90</ItemPrice>
      <UnitOfMeasurePrice>11.0556</UnitOfMeasurePrice>
      <AllowDiscount>1</AllowDiscount>
      <ItemStatus>1</ItemStatus>
      <ItemId>269452</ItemId>
    </Item>
    <Item>
      <PriceUpdateDate>2016-08-11 10:10:31</PriceUpdateDate>
      <ItemCode>4770237052986</ItemCode>
      <ItemType>1</ItemType>
      <ItemName>גלידת סנדביץ בטעם ונ</ItemName>
      <ManufacturerName>,</ManufacturerName>
      <ManufactureCountry>לא ידוע</ManufactureCountry>
      <ManufacturerItemDescription>גלידת סנדביץ בטעם וניל בכוס</ManufacturerItemDescription>
      <UnitQty>גרמים</UnitQty>
      <Quantity>65.00</Quantity>
      <UnitOfMeasure>100 גרם</UnitOfMeasure>
      <bIsWeighted>0</bIsWeighted>
      <QtyInPackage>1</QtyInPackage>
      <ItemPrice>4.90</ItemPrice>
      <UnitOfMeasurePrice>7.5385</UnitOfMeasurePrice>
      <AllowDiscount>1</AllowDiscount>
      <ItemStatus>1</ItemStatus>
      <ItemId>269473</ItemId>
    </Item>
    <Item>
      <PriceUpdateDate>2016-08-11 10:10:31</PriceUpdateDate>
      <ItemCode>4770237052993</ItemCode>
      <ItemType>1</ItemType>
      <ItemName>גלידת סנדביץ בטעם שו</ItemName>
      <ManufacturerName>,</ManufacturerName>
      <ManufactureCountry>לא ידוע</ManufactureCountry>
      <ManufacturerItemDescription>גלידת סנדביץ בטעם שוקולד בכוס</ManufacturerItemDescription>
      <UnitQty>גרמים</UnitQty>
      <Quantity>65.00</Quantity>
      <UnitOfMeasure>100 גרם</UnitOfMeasure>
      <bIsWeighted>0</bIsWeighted>
      <QtyInPackage>1</QtyInPackage>
      <ItemPrice>4.90</ItemPrice>
      <UnitOfMeasurePrice>7.5385</UnitOfMeasurePrice>
      <AllowDiscount>1</AllowDiscount>
      <ItemStatus>1</ItemStatus>
      <ItemId>269474</ItemId>
    </Item>
    <Item>
      <PriceUpdateDate>2016-08-11 13:30:32</PriceUpdateDate>
      <ItemCode>1407578</ItemCode>
      <ItemType>0</ItemType>
      <ItemName>טחינה גולמית משומשום</ItemName>
      <ManufacturerName>רושדי תעשיות מזון</ManufacturerName>
      <ManufactureCountry>ישראל</ManufactureCountry>
      <ManufacturerItemDescription>טחינה גולמית שומשום מלא פי 6 סידן 900 גר</ManufacturerItemDescription>
      <UnitQty>גרמים</UnitQty>
      <Quantity>900.00</Quantity>
      <UnitOfMeasure>100 גרם</UnitOfMeasure>
      <bIsWeighted>0</bIsWeighted>
      <QtyInPackage>1</QtyInPackage>
      <ItemPrice>19.90</ItemPrice>
      <UnitOfMeasurePrice>2.2111</UnitOfMeasurePrice>
      <AllowDiscount>1</AllowDiscount>
      <ItemStatus>1</ItemStatus>
      <ItemId>269483</ItemId>
    </Item>
    <Item>
      <PriceUpdateDate>2016-08-15 11:00:34</PriceUpdateDate>
      <ItemCode>7290108753028</ItemCode>
      <ItemType>1</ItemType>
      <ItemName>קישוא בטעם כבד 400 ג</ItemName>
      <ManufacturerName>,</ManufacturerName>
      <ManufactureCountry>לא ידוע</ManufactureCountry>
      <ManufacturerItemDescription>קישוא בטעם כבד 400 גרם</ManufacturerItemDescription>
      <UnitQty>גרמים</UnitQty>
      <Quantity>400.00</Quantity>
      <UnitOfMeasure>100 גרם</UnitOfMeasure>
      <bIsWeighted>0</bIsWeighted>
      <QtyInPackage>1</QtyInPackage>
      <ItemPrice>9.90</ItemPrice>
      <UnitOfMeasurePrice>2.4750</UnitOfMeasurePrice>
      <AllowDiscount>1</AllowDiscount>
      <ItemStatus>1</ItemStatus>
      <ItemId>269489</ItemId>
    </Item>
    <Item>
      <PriceUpdateDate>2016-08-15 11:00:34</PriceUpdateDate>
      <ItemCode>7290108753011</ItemCode>
      <ItemType>1</ItemType>
      <ItemName>חציל בטעם כבד 400 גר</ItemName>
      <ManufacturerName>,</ManufacturerName>
      <ManufactureCountry>לא ידוע</ManufactureCountry>
      <ManufacturerItemDescription>חציל בטעם כבד 400 גרם</ManufacturerItemDescription>
      <UnitQty>גרמים</UnitQty>
      <Quantity>400.00</Quantity>
      <UnitOfMeasure>100 גרם</UnitOfMeasure>
      <bIsWeighted>0</bIsWeighted>
      <QtyInPackage>1</QtyInPackage>
      <ItemPrice>9.90</ItemPrice>
      <UnitOfMeasurePrice>2.4750</UnitOfMeasurePrice>
      <AllowDiscount>1</AllowDiscount>
      <ItemStatus>1</ItemStatus>
      <ItemId>269490</ItemId>
    </Item>
    <Item>
      <PriceUpdateDate>2016-08-15 11:00:34</PriceUpdateDate>
      <ItemCode>7290108753141</ItemCode>
      <ItemType>1</ItemType>
      <ItemName>פלפל חריף 400 גרם</ItemName>
      <ManufacturerName>,</ManufacturerName>
      <ManufactureCountry>לא ידוע</ManufactureCountry>
      <ManufacturerItemDescription>פלפל חריף 400 גרם</ManufacturerItemDescription>
      <UnitQty>גרמים</UnitQty>
      <Quantity>400.00</Quantity>
      <UnitOfMeasure>100 גרם</UnitOfMeasure>
      <bIsWeighted>0</bIsWeighted>
      <QtyInPackage>1</QtyInPackage>
      <ItemPrice>9.90</ItemPrice>
      <UnitOfMeasurePrice>2.4750</UnitOfMeasurePrice>
      <AllowDiscount>1</AllowDiscount>
      <ItemStatus>1</ItemStatus>
      <ItemId>269491</ItemId>
    </Item>
    <Item>
      <PriceUpdateDate>2016-08-15 11:00:34</PriceUpdateDate>
      <ItemCode>7290108751512</ItemCode>
      <ItemType>1</ItemType>
      <ItemName>סלק אדום 400 גרם</ItemName>
      <ManufacturerName>,</ManufacturerName>
      <ManufactureCountry>לא ידוע</ManufactureCountry>
      <ManufacturerItemDescription>סלק אדום 400 גרם</ManufacturerItemDescription>
      <UnitQty>גרמים</UnitQty>
      <Quantity>400.00</Quantity>
      <UnitOfMeasure>100 גרם</UnitOfMeasure>
      <bIsWeighted>0</bIsWeighted>
      <QtyInPackage>1</QtyInPackage>
      <ItemPrice>9.90</ItemPrice>
      <UnitOfMeasurePrice>2.4750</UnitOfMeasurePrice>
      <AllowDiscount>1</AllowDiscount>
      <ItemStatus>1</ItemStatus>
      <ItemId>269492</ItemId>
    </Item>
    <Item>
      <PriceUpdateDate>2016-08-15 11:00:34</PriceUpdateDate>
      <ItemCode>7290108750416</ItemCode>
      <ItemType>1</ItemType>
      <ItemName>חציל קוביות פיקנטי 4</ItemName>
      <ManufacturerName>,</ManufacturerName>
      <ManufactureCountry>לא ידוע</ManufactureCountry>
      <ManufacturerItemDescription>חציל קוביות פיקנטי 400 גרם</ManufacturerItemDescription>
      <UnitQty>גרמים</UnitQty>
      <Quantity>400.00</Quantity>
      <UnitOfMeasure>100 גרם</UnitOfMeasure>
      <bIsWeighted>0</bIsWeighted>
      <QtyInPackage>1</QtyInPackage>
      <ItemPrice>9.90</ItemPrice>
      <UnitOfMeasurePrice>2.4750</UnitOfMeasurePrice>
      <AllowDiscount>1</AllowDiscount>
      <ItemStatus>1</ItemStatus>
      <ItemId>269493</ItemId>
    </Item>
    <Item>
      <PriceUpdateDate>2016-08-15 11:00:34</PriceUpdateDate>
      <ItemCode>7290108750317</ItemCode>
      <ItemType>1</ItemType>
      <ItemName>חציל במיונז 400 גרם</ItemName>
      <ManufacturerName>,</ManufacturerName>
      <ManufactureCountry>לא ידוע</ManufactureCountry>
      <ManufacturerItemDescription>חציל במיונז 400 גרם</ManufacturerItemDescription>
      <UnitQty>גרמים</UnitQty>
      <Quantity>400.00</Quantity>
      <UnitOfMeasure>100 גרם</UnitOfMeasure>
      <bIsWeighted>0</bIsWeighted>
      <QtyInPackage>1</QtyInPackage>
      <ItemPrice>9.90</ItemPrice>
      <UnitOfMeasurePrice>2.4750</UnitOfMeasurePrice>
      <AllowDiscount>1</AllowDiscount>
      <ItemStatus>1</ItemStatus>
      <ItemId>269495</ItemId>
    </Item>
    <Item>
      <PriceUpdateDate>2016-08-15 11:00:34</PriceUpdateDate>
      <ItemCode>7290108753806</ItemCode>
      <ItemType>1</ItemType>
      <ItemName>חציל זעלוק 400 גרם</ItemName>
      <ManufacturerName>,</ManufacturerName>
      <ManufactureCountry>לא ידוע</ManufactureCountry>
      <ManufacturerItemDescription>חציל זעלוק 400 גרם</ManufacturerItemDescription>
      <UnitQty>גרמים</UnitQty>
      <Quantity>400.00</Quantity>
      <UnitOfMeasure>100 גרם</UnitOfMeasure>
      <bIsWeighted>0</bIsWeighted>
      <QtyInPackage>1</QtyInPackage>
      <ItemPrice>9.90</ItemPrice>
      <UnitOfMeasurePrice>2.4750</UnitOfMeasurePrice>
      <AllowDiscount>1</AllowDiscount>
      <ItemStatus>1</ItemStatus>
      <ItemId>269496</ItemId>
    </Item>
    <Item>
      <PriceUpdateDate>2016-08-15 11:00:34</PriceUpdateDate>
      <ItemCode>7290108751611</ItemCode>
      <ItemType>1</ItemType>
      <ItemName>תפו"א במיונז 400 גרם</ItemName>
      <ManufacturerName>,</ManufacturerName>
      <ManufactureCountry>לא ידוע</ManufactureCountry>
      <ManufacturerItemDescription>תפו"א במיונז 400 גרם</ManufacturerItemDescription>
      <UnitQty>גרמים</UnitQty>
      <Quantity>400.00</Quantity>
      <UnitOfMeasure>100 גרם</UnitOfMeasure>
      <bIsWeighted>0</bIsWeighted>
      <QtyInPackage>1</QtyInPackage>
      <ItemPrice>9.90</ItemPrice>
      <UnitOfMeasurePrice>2.4750</UnitOfMeasurePrice>
      <AllowDiscount>1</AllowDiscount>
      <ItemStatus>1</ItemStatus>
      <ItemId>269497</ItemId>
    </Item>
    <Item>
      <PriceUpdateDate>2016-08-15 11:00:34</PriceUpdateDate>
      <ItemCode>7290108751215</ItemCode>
      <ItemType>1</ItemType>
      <ItemName>כרוב אדום במיונז 400</ItemName>
      <ManufacturerName>,</ManufacturerName>
      <ManufactureCountry>לא ידוע</ManufactureCountry>
      <ManufacturerItemDescription>כרוב אדום במיונז 400 גרם</ManufacturerItemDescription>
      <UnitQty>גרמים</UnitQty>
      <Quantity>400.00</Quantity>
      <UnitOfMeasure>100 גרם</UnitOfMeasure>
      <bIsWeighted>0</bIsWeighted>
      <QtyInPackage>1</QtyInPackage>
      <ItemPrice>9.90</ItemPrice>
      <UnitOfMeasurePrice>2.4750</UnitOfMeasurePrice>
      <AllowDiscount>1</AllowDiscount>
      <ItemStatus>1</ItemStatus>
      <ItemId>269498</ItemId>
    </Item>
    <Item>
      <PriceUpdateDate>2016-08-15 11:00:34</PriceUpdateDate>
      <ItemCode>7290108753820</ItemCode>
      <ItemType>1</ItemType>
      <ItemName>חציל סביח 400 גרם</ItemName>
      <ManufacturerName>,</ManufacturerName>
      <ManufactureCountry>לא ידוע</ManufactureCountry>
      <ManufacturerItemDescription>חציל סביח 400 גרם</ManufacturerItemDescription>
      <UnitQty>גרמים</UnitQty>
      <Quantity>400.00</Quantity>
      <UnitOfMeasure>100 גרם</UnitOfMeasure>
      <bIsWeighted>0</bIsWeighted>
      <QtyInPackage>1</QtyInPackage>
      <ItemPrice>9.90</ItemPrice>
      <UnitOfMeasurePrice>2.4750</UnitOfMeasurePrice>
      <AllowDiscount>1</AllowDiscount>
      <ItemStatus>1</ItemStatus>
      <ItemId>269500</ItemId>
    </Item>
    <Item>
      <PriceUpdateDate>2016-08-15 11:00:34</PriceUpdateDate>
      <ItemCode>7290108754155</ItemCode>
      <ItemType>1</ItemType>
      <ItemName>חציל יווני  400 גרם</ItemName>
      <ManufacturerName>,</ManufacturerName>
      <ManufactureCountry>לא ידוע</ManufactureCountry>
      <ManufacturerItemDescription>חציל יווני  400 גרם</ManufacturerItemDescription>
      <UnitQty>גרמים</UnitQty>
      <Quantity>400.00</Quantity>
      <UnitOfMeasure>100 גרם</UnitOfMeasure>
      <bIsWeighted>0</bIsWeighted>
      <QtyInPackage>1</QtyInPackage>
      <ItemPrice>9.90</ItemPrice>
      <UnitOfMeasurePrice>2.4750</UnitOfMeasurePrice>
      <AllowDiscount>1</AllowDiscount>
      <ItemStatus>1</ItemStatus>
      <ItemId>269502</ItemId>
    </Item>
    <Item>
      <PriceUpdateDate>2016-08-15 11:00:35</PriceUpdateDate>
      <ItemCode>7290108753844</ItemCode>
      <ItemType>1</ItemType>
      <ItemName>סלט ביצים 400 גרם</ItemName>
      <ManufacturerName>,</ManufacturerName>
      <ManufactureCountry>לא ידוע</ManufactureCountry>
      <ManufacturerItemDescription>סלט ביצים 400 גרם</ManufacturerItemDescription>
      <UnitQty>גרמים</UnitQty>
      <Quantity>400.00</Quantity>
      <UnitOfMeasure>100 גרם</UnitOfMeasure>
      <bIsWeighted>0</bIsWeighted>
      <QtyInPackage>1</QtyInPackage>
      <ItemPrice>14.90</ItemPrice>
      <UnitOfMeasurePrice>3.7250</UnitOfMeasurePrice>
      <AllowDiscount>1</AllowDiscount>
      <ItemStatus>1</ItemStatus>
      <ItemId>269507</ItemId>
    </Item>
    <Item>
      <PriceUpdateDate>2016-08-15 11:00:35</PriceUpdateDate>
      <ItemCode>7290108753868</ItemCode>
      <ItemType>1</ItemType>
      <ItemName>ריבת בצל 400 גרם</ItemName>
      <ManufacturerName>,</ManufacturerName>
      <ManufactureCountry>לא ידוע</ManufactureCountry>
      <ManufacturerItemDescription>ריבת בצל 400 גרם</ManufacturerItemDescription>
      <UnitQty>גרמים</UnitQty>
      <Quantity>400.00</Quantity>
      <UnitOfMeasure>100 גרם</UnitOfMeasure>
      <bIsWeighted>0</bIsWeighted>
      <QtyInPackage>1</QtyInPackage>
      <ItemPrice>14.90</ItemPrice>
      <UnitOfMeasurePrice>3.7250</UnitOfMeasurePrice>
      <AllowDiscount>1</AllowDiscount>
      <ItemStatus>1</ItemStatus>
      <ItemId>269509</ItemId>
    </Item>
    <Item>
      <PriceUpdateDate>2016-08-15 11:50:32</PriceUpdateDate>
      <ItemCode>7290108754162</ItemCode>
      <ItemType>1</ItemType>
      <ItemName>טירשי 400 גרם</ItemName>
      <ManufacturerName>,</ManufacturerName>
      <ManufactureCountry>לא ידוע</ManufactureCountry>
      <ManufacturerItemDescription>טירשי 400 גרם</ManufacturerItemDescription>
      <UnitQty>גרמים</UnitQty>
      <Quantity>400.00</Quantity>
      <UnitOfMeasure>100 גרם</UnitOfMeasure>
      <bIsWeighted>0</bIsWeighted>
      <QtyInPackage>1</QtyInPackage>
      <ItemPrice>9.90</ItemPrice>
      <UnitOfMeasurePrice>2.4750</UnitOfMeasurePrice>
      <AllowDiscount>1</AllowDiscount>
      <ItemStatus>1</ItemStatus>
      <ItemId>269517</ItemId>
    </Item>
    <Item>
      <PriceUpdateDate>2016-08-15 11:50:32</PriceUpdateDate>
      <ItemCode>7296073081135</ItemCode>
      <ItemType>1</ItemType>
      <ItemName>בטטה למיקרו</ItemName>
      <ManufacturerName>,</ManufacturerName>
      <ManufactureCountry>לא ידוע</ManufactureCountry>
      <ManufacturerItemDescription>בטטה למיקרו</ManufacturerItemDescription>
      <UnitQty>Unknown </UnitQty>
      <Quantity>0.00</Quantity>
      <UnitOfMeasure>Unknown </UnitOfMeasure>
      <bIsWeighted>0</bIsWeighted>
      <QtyInPackage>1</QtyInPackage>
      <ItemPrice>5.90</ItemPrice>
      <UnitOfMeasurePrice>0.0000</UnitOfMeasurePrice>
      <AllowDiscount>1</AllowDiscount>
      <ItemStatus>1</ItemStatus>
      <ItemId>269519</ItemId>
    </Item>
    <Item>
      <PriceUpdateDate>2016-08-15 14:20:33</PriceUpdateDate>
      <ItemCode>7290108754254</ItemCode>
      <ItemType>1</ItemType>
      <ItemName>חומוס עיראקי 400 גרם</ItemName>
      <ManufacturerName>,</ManufacturerName>
      <ManufactureCountry>לא ידוע</ManufactureCountry>
      <ManufacturerItemDescription>חומוס עיראקי 400 גרם</ManufacturerItemDescription>
      <UnitQty>גרמים</UnitQty>
      <Quantity>400.00</Quantity>
      <UnitOfMeasure>100 גרם</UnitOfMeasure>
      <bIsWeighted>0</bIsWeighted>
      <QtyInPackage>1</QtyInPackage>
      <ItemPrice>9.90</ItemPrice>
      <UnitOfMeasurePrice>2.4750</UnitOfMeasurePrice>
      <AllowDiscount>1</AllowDiscount>
      <ItemStatus>1</ItemStatus>
      <ItemId>269542</ItemId>
    </Item>
    <Item>
      <PriceUpdateDate>2016-08-15 14:20:33</PriceUpdateDate>
      <ItemCode>7290108754070</ItemCode>
      <ItemType>1</ItemType>
      <ItemName>סלסה 400 גרם</ItemName>
      <ManufacturerName>,</ManufacturerName>
      <ManufactureCountry>לא ידוע</ManufactureCountry>
      <ManufacturerItemDescription>סלסה 400 גרם</ManufacturerItemDescription>
      <UnitQty>גרמים</UnitQty>
      <Quantity>400.00</Quantity>
      <UnitOfMeasure>100 גרם</UnitOfMeasure>
      <bIsWeighted>0</bIsWeighted>
      <QtyInPackage>1</QtyInPackage>
      <ItemPrice>9.90</ItemPrice>
      <UnitOfMeasurePrice>2.4750</UnitOfMeasurePrice>
      <AllowDiscount>1</AllowDiscount>
      <ItemStatus>1</ItemStatus>
      <ItemId>269543</ItemId>
    </Item>
    <Item>
      <PriceUpdateDate>2016-08-16 13:05:33</PriceUpdateDate>
      <ItemCode>7290015116800</ItemCode>
      <ItemType>1</ItemType>
      <ItemName>מארז תפ"א נשיקות</ItemName>
      <ManufacturerName>,</ManufacturerName>
      <ManufactureCountry>לא ידוע</ManufactureCountry>
      <ManufacturerItemDescription>מארז תפ"א נשיקות</ManufacturerItemDescription>
      <UnitQty>Unknown </UnitQty>
      <Quantity>0.00</Quantity>
      <UnitOfMeasure>Unknown </UnitOfMeasure>
      <bIsWeighted>0</bIsWeighted>
      <QtyInPackage>1</QtyInPackage>
      <ItemPrice>9.90</ItemPrice>
      <UnitOfMeasurePrice>0.0000</UnitOfMeasurePrice>
      <AllowDiscount>1</AllowDiscount>
      <ItemStatus>1</ItemStatus>
      <ItemId>269641</ItemId>
    </Item>
  </Items>
</Root>